2618 4010
246 150 353 197 Nov.
385 153 572 196 XXXIX
601 166 664 208 pr.

247 261 466 297 κινδυνεύειν
495 263 566 296 εἴτε
597 260 691 307 μόνα
723 261 769 297 τὰ
798 262 862 298 τοῦ
893 264 1140 309 βεβαρημένου
1162 262 1207 309 τῇ
1238 258 1325 298 ἄπο·

246 305 481 343 καταστάσει·
517 310 577 341 καὶ
608 305 722 351 πολλή
752 319 806 342 τις
836 301 881 352 ἦν
915 312 975 342 καὶ
1007 310 1088 352 περὶ
1119 304 1231 350 αὐτὴν
1259 306 1327 351 τὴν

246 354 324 387 τῶν
346 351 519 396 ῥημάτων
542 350 722 400 διαφορὰν
746 350 898 397 ζήτησις,
923 353 994 387 εἴτε
1012 349 1031 386 ὁ
1048 350 1226 387 τελευτῶν
1251 349 1326 386 δια·

245 395 394 438 τάξαιτο
418 397 463 432 τὰ
487 396 748 450 περιττεύοντα
779 396 869 444 πρὸς
891 399 935 445 τῇ
961 395 1105 444 τελευτῇ
1129 397 1194 431 τοῦ
1218 400 1327 441 βεβα-

1317 150 1402 197 254

1986 167 2047 198 DE
2074 164 2472 198 RESTITUTIONIBUS

1393 262 1467 299 sive
1490 261 1586 298 solas
1610 261 1688 298 eins
1711 261 1773 308 qui
1794 264 2011 309 gravabatur
2032 264 2275 307 restitutione3
2300 266 2336 299 et
2359 263 2473 300 multa

1396 307 1571 352 quaedam
1595 311 1674 342 erat
1704 306 1810 344 etiam
1833 309 1928 344 circa
1958 309 2074 355 ipsam
2098 311 2285 346 verborum
2309 307 2472 344 differen-

1395 353 1483 388 tiam
1500 351 1674 397 quaestio,
1695 354 1815 388 utrum
1834 352 2025 391 defunctus
2043 354 2287 401 praecepisset
2304 363 2361 390 res
2382 364 2475 399 quae

1395 400 1621 433 remanerent
1651 398 1735 440 post
1762 398 1912 433 mortem
1942 399 2019 435 eius
2048 400 2109 445 qui
2131 400 2346 444 gravabatur
2369 399 2473 434 resti-

246 445 400 495 ρημένσυ
423 443 469 498 τῇ
493 441 787 478 αποκαταστάσει
818 442 1013 494 πράγματα
1044 439 1121 494 δεῖν
1143 438 1327 477 ἇποκατα-
1363 442 1534 477 5tutione
1565 445 1730 485 oportere
1762 442 1919 484 restitui,
1951 453 1999 479 an
2021 444 2186 480 absolute
2216 444 2356 480 restitui
2379 443 2474 488 quod

245 499 386 529 στηναι,
406 500 478 521 ειτε
493 489 553 521 καὶ
567 484 692 523 ἁπλῶς
708 486 1006 529 ἀποκαταστηναι
1021 499 1063 520 το
1079 484 1328 532 καταλειφθὲν

244 530 335 576 μετὰ
358 531 426 575 τὴν
448 530 767 578 παςιικατάσχεσιν
795 533 859 566 τοῦ
883 535 1034 576 νομίμου
1063 533 1189 578 μέρους
1212 527 1326 565 κελεύ·

245 587 334 611 σειε·
370 580 431 611 καὶ
459 576 638 624 sichyma
661 580 720 611 καὶ
743 576 1035 612 fideicommissov
1059 575 1327 620 persecutiones

245 625 305 655 καὶ
329 621 368 662 ἐξ
391 619 544 668 ἀπορίας
567 622 607 657 αἱ
627 622 665 658 in
683 632 759 658 rem
774 622 972 663 missiones,
997 623 1056 654 καὶ
1080 619 1115 654 οἱ
1138 619 1268 655 πολλοί
1289 634 1328 655 τε

1395 486 1560 521 relictum
1593 489 1670 520 erat
1702 489 1785 530 post
1813 485 2049 524 detentionem
2080 489 2256 533 legitimae
2286 489 2398 534 partis
2419 489 2473 523 iu-

1396 531 1523 566 beret?
1562 529 1612 565 Et
1635 530 1954 567 introducebantur
1978 533 2083 568 etiam
2107 534 2369 570 fideicommissi
2392 544 2472 579 per-

1397 575 1600 611 secutiones
1625 579 1660 610 et
1684 584 1727 610 ex
1750 575 1872 620 inopia
1894 575 1931 611 in
1954 586 2028 612 rem
2051 579 2248 622 missiones,
2273 583 2310 614 ct
2334 578 2474 631 plurimi

1397 620 1448 655 illi
1479 624 1515 655 et
1545 620 1635 655 varii
1667 624 1703 655 et
1733 620 1940 656 insolubiles
1969 631 2082 666 paene
2103 623 2309 668 praedictae
2339 634 2376 659 in
2400 634 2474 659 rem

246 669 375 701 ἐκεῖνοι
404 670 464 701 καὶ
486 666 643 702 ποικίλοι
673 670 734 701 καὶ
757 665 943 701 ἀνέκλυτοι
966 663 1095 720 σχεδὸν
1117 666 1179 708 τῆς
1204 665 1327 712 ρηθεί-
1344 668 1383 700 10
1397 665 1575 701 missionis
1596 665 1730 701 circuli.
1768 665 1838 700 Sed
1858 669 2039 711 tamquam
2060 678 2127 704 nos
2149 668 2283 704 dudum
2306 668 2395 704 haec
2417 679 2474 703 sa·

246 722 308 754 σης
336 712 374 747 in
403 722 479 748 rem
507 712 692 748 missiones
720 710 850 746 κύκλοι.
904 714 964 744 καὶ
996 721 1044 744 ως
1073 714 1169 753 ημεῖς
1198 708 1328 756 πρώην

244 757 363 792 ταῦτα
386 758 532 802 ἰώμενοι
557 755 671 802 νόμον
692 756 910 803 ἐγράψαμεν,
933 754 1111 795 καθάπαξ
1130 754 1329 790 κωλύοντες

245 801 292 835 τὰ
315 798 607 838 άποκαταστάσει
629 806 722 846 βεβα
748 804 860 843 ημένα
885 798 1081 848 πράγματα
1104 799 1153 844 μὴ
1176 801 1326 836 ἐκποιεῖ-

245 847 340 881 σθαι
363 844 386 890 ἢ
408 843 674 900 ὑποτίθεσθαι,
706 845 740 899 ⁰²„
751 846 796 880 λὰ
827 845 918 890 μετὰ
947 847 1009 898 τῆς
1036 846 1167 880 οἰκείας
1190 843 1328 880 ὁδεύειν

1397 712 1523 745 nantes
1545 710 1656 755 legem
1679 710 1899 755 scripsimus,
1924 710 2036 747 modis
2060 712 2223 749 omnibus
2243 713 2475 759 prohibentes

1396 755 1622 791 restitutione
1653 759 1820 800 gravatas
1859 765 1917 790 res
1947 758 2013 791 aut
2042 756 2188 793 alienari
2219 761 2283 794 aut
2314 758 2475 803 obligari,

1397 801 1460 836 sed
1489 811 1570 835 cum
1600 800 1747 845 propria
1780 801 1965 836 ambulare
1988 800 2144 847 fortuna,
2174 804 2212 838 et
2234 803 2330 848 apud
2353 813 2475 848 quem-

1397 855 1549 891 cumque
1579 845 1713 880 fuerint
1742 856 1814 881 non
1850 855 1995 881 manere
2024 846 2133 891 firme,
2169 848 2232 884 sed
2266 848 2395 884 reverti
2429 848 2476 883 ad

245 889 360 934 τύχης,
384 895 444 926 καὶ
468 889 560 938 παρ’
587 905 702 945 ῳκπερς
718 906 778 944 αν7
786 893 927 938 γένοιτο
947 903 997 934 μη
1019 892 1142 934 μένειν
1166 891 1327 937 ἰσχυρῶς,
1345 893 1383 926 15
1397 890 1498 926 illum
1530 890 1589 926 cui
1621 890 1700 925 dari
1729 890 1850 926 iussae
1875 894 1969 926 sunt.
2017 891 2066 926 Et
2088 891 2187 927 facta
2209 892 2267 928 lex
2291 893 2363 928 iam
2387 903 2475 938 quo-

244 935 326 970 ἆλλ’
350 939 538 972 ἐπανιέναι
559 948 647 980 προς
665 949 731 970 τον
749 950 778 980 ῳ
805 934 964 977 δοθῆναι
987 932 1225 982 προςετάχθη.
1267 939 1329 970 καὶ

244 978 265 1016 ὅ
288 995 329 1028 γε
353 981 460 1024 νόμος
484 980 552 1024 ἤδη
575 994 647 1016 που
678 983 736 1014 καὶ
760 978 899 1025 χρόνιός
923 981 1000 1014 ἐστι
1032 983 1093 1014 καὶ
1117 981 1157 1014 ἐν
1180 983 1253 1015 τοῖς
1276 979 1327 1015 δι·

244 1031 450 1074 καστηρίοις
474 1024 677 1070 εὐδοκιμῶν
700 1023 919 1060 διετέλεσεν·
951 1021 1031 1059 ἀλλ’
1057 1024 1214 1070 ἔμελλεν,
1237 1022 1328 1071 ὅπερ

245 1069 406 1124 εἰπόντες
436 1074 460 1106 ἔ
487 1072 615 1116 θημεν,
647 1068 667 1105 ὁ
692 1073 814 1117 φέρειν
837 1066 987 1105 ἅπαντα
1015 1071 1189 1124 πεφυκώςν
1204 1068 1328 1118 χρόνος

1398 935 1586 970 dammodo
1610 935 1782 980 longaeva
1811 939 1866 971 est
1897 940 1933 970 et
1961 936 1999 970 in
2028 935 2160 972 iudicio
2183 938 2382 982 approbata
2404 938 2475 973 frc-

1398 983 1609 1025 quentatur:
1643 980 1707 1016 sed
1729 980 1890 1016 futurum
1914 984 2002 1023 erat,
2036 981 2130 1026 quod
2153 982 2404 1026 praediximus,
2436 986 2477 1018 ut

1398 1025 1494 1070 quod
1515 1025 1611 1061 ferre
1633 1025 1751 1061 omnia
1776 1026 1960 1062 consuevit
1990 1030 2131 1071 tempus
2160 1027 2363 1062 ostenderet
2384 1028 2475 1063 indi-

1396 1080 1480 1115 gere
1505 1070 1659 1115 quadam
1682 1072 1892 1116 exceptione
1915 1072 2119 1107 necessaria
2139 1071 2262 1116 legem.
2302 1071 2477 1108 Adierunt

245 1115 430 1150 δεικνύναι
476 1119 529 1150 εῖν
559 1115 655 1163 τινὸς
679 1116 887 1162 ἐξαιρέσεως
909 1112 1106 1162 ἀναγκαίας
1135 1129 1190 1160 τῳ
1214 1114 1326 1168 νόμιρ.
1341 1117 1383 1150 20
1396 1115 1524 1162 (enim)
1555 1126 1620 1151 nos
1650 1115 1716 1151 viri
1745 1120 1782 1151 et
1805 1117 1969 1152 mulieres
2000 1127 2044 1152 ex
2074 1116 2131 1152 his
2154 1116 2254 1152 laesi.
2301 1116 2477 1152 Moriente

247 1160 458 1215 119035223'021
489 1160 556 1207 γὰρ
585 1163 668 1205 ημῖν
697 1158 824 1206 ἄνδρες
851 1173 891 1195 τε
914 1163 973 1194 καὶ
995 1163 1158 1207 γυναῖκες
1186 1162 1225 1195 ἐκ
1248 1174 1327 1195 του-

243 1219 322 1240 των
341 1203 578 1250 αδικούμενοι.
613 1204 890 1248 τελευτήσαντος
908 1204 977 1252 γὰρ
997 1203 1126 1263 ἀνδρὸς
1150 1208 1214 1241 ἐπί
1230 1218 1328 1240 τινος

243 1251 454 1293 κινηθείσης
482 1248 694 1286 ὑποθέσεως
724 1248 746 1293 ἡ
774 1252 842 1295 μὲν
873 1250 1011 1297 γαμετὴ
1039 1264 1107 1293 την
1131 1263 1169 1285 τε
1194 1250 1328 1297 φερνὴν

244 1297 453 1350 εἰςέπραττε
481 1297 543 1339 τῆς
571 1309 611 1330 τε
643 1294 869 1348 δωρεᾶςὶτῆς
902 1294 974 1348 πρέ),
996 1296 1084 1349 τῶν(
1096 1293 1225 1342 γάμων
1255 1296 1327 1330 ’τοι

1398 1171 1550 1206 namque
1565 1161 1639 1196 viro
1655 1160 1727 1207 (in)
1742 1161 1894 1206 quodam
1911 1164 2008 1197 moto
2024 1162 2165 1205 negotio
2180 1171 2271 1196 uxor
2284 1161 2424 1206 quidem
2441 1164 2479 1197 et

1397 1205 1516 1241 dotem
1531 1206 1697 1250 exigebat
1715 1210 1752 1242 et
1766 1206 1967 1242 donationis
1989 1210 2072 1242 ante
2093 1206 2239 1252 nuptias
2258 1207 2376 1242 factae
2419 1217 2476 1242 ar-

1397 1254 1468 1286 tem
1499 1261 1563 1286 seu
1587 1254 1735 1296 propter
1764 1252 1909 1296 nuptias
1941 1262 2047 1296 quam
2077 1252 2142 1286 viri
2170 1261 2265 1287 mors
2294 1252 2328 1287 ei
2351 1251 2398 1287 da
2423 1256 2476 1295 αις

1398 1295 1558 1331 defuncti
1586 1306 1668 1331 vero
1692 1296 1805 1331 frater
1829 1296 1972 1332 aliunde
1994 1296 2199 1332 vindicabat
2222 1307 2280 1332 res
2304 1298 2341 1332 et
2363 1297 2477 1341 patris

246 1339 304 1375 διὰ
325 1340 393 1375 τὸν
405 1354 526 1396 γαμον
545 1343 738 1389 γενομένης
760 1354 802 1374 το
817 1344 931 1393 nepes,
955 1353 1044 1385 οπερ
1063 1354 1087 1395 'o
1111 1342 1175 1374 τοῦ
1199 1339 1245 1374 ἂν
1271 1339 1328 1385 ρὸς
1342 1343 1383 1375 25
1397 1341 1603 1385 proferebat
1626 1341 1855 1385 voluntatem,
1889 1346 1924 1376 et
1948 1342 2114 1377 trahebat
2141 1341 2298 1376 mulieris
2322 1351 2391 1385 res,
2423 1341 2475 1376 di·

244 1384 335 1434 αὐτῇ
361 1387 522 1421 θανατος
549 1383 683 1420 ἐδίδου·
727 1382 748 1420 ὁ
773 1383 813 1419 δὲ
841 1399 903 1420 του
928 1384 1204 1428 τελευτησαντος
1228 1383 1326 1419 ἀδελ-

244 1430 311 1476 φὸς
331 1431 516 1478 ἑτέρωθεν
534 1428 716 1474 ἀντείχετο
737 1432 815 1466 τῶν
830 1429 1067 1485 πραγμάτων,
1092 1434 1152 1464 καὶ
1175 1429 1242 1473 τὴν
1261 1431 1324 1465 τοῦ

244 1476 382 1521 πατρὸς
404 1473 637 1524 προύτείνετο
659 1475 804 1520 βουλήν,
829 1479 888 1510 καὶ
912 1475 1055 1531 αψεῖλκε
1078 1476 1140 1518 τῆς
1163 1476 1327 1522 γυναικὸς

242 1519 527 1602 τὰ-πράέματα,
561 1518 713 1577 φάσκων
742 1520 808 1556 τὸν
836 1523 903 1565 μὲν
931 1519 1090 1566 αδελφόν
1120 1519 1185 1555 τὸν
1219 1518 1327 1555 αὑτοῦ

243 1580 360 1601 ταυτα

244 1669 542 1699 αποκαταστηναι
571 1656 784 1702 προςέταξεν
817 1656 917 1699 αυτῷ
925 1682 934 1696 ,
968 1658 1027 1689 καὶ
1056 1653 1327 1702 ἀντιλήψεσθαι

242 1704 346 1748 μέχρι
377 1700 514 1752 παντρς
545 1698 670 1736 αὐτῶν
701 1703 760 1734 καὶ
793 1698 856 1734 οὐκ
885 1698 1079 1741 ἐνδώσειν,
1113 1702 1180 1734 ἕως
1209 1699 1255 1734 ἂν
1284 1700 1327 1735 τὸ

244 1745 372 1780 ἱκανὸν
395 1747 451 1789 τῷ
474 1749 634 1799 ημετέρφ
658 1745 760 1799 νόμῳ
785 1744 845 1780 διὰ
868 1744 1021 1780 πάντων
1034 1749 1194 1800 Ἴγένοιτο.
1242 1742 1324 1780 ἀλλ’

1398 1395 1482 1421 cens
1510 1386 1659 1420 fratrem
1683 1386 1826 1431 quidem
1858 1397 1961 1421 suum
1991 1397 2051 1421 eas
2076 1387 2297 1431 expendisse,
2331 1397 2369 1422 se
2393 1397 2476 1422 vero

1397 1431 1492 1474 apud
1516 1431 1698 1465 mulierem
1728 1431 1846 1466 videre
1867 1434 2036 1476 paternas
2060 1441 2133 1474 res,
2165 1441 2254 1476 quas
2278 1435 2381 1476 pater
2405 1443 2475 1466 non

1398 1475 1633 1511 existentibus
1658 1476 1742 1511 filiis
1767 1476 1909 1511 restitui
1930 1480 2162 1522 praeceperat
2185 1477 2233 1517 ei,
2260 1482 2294 1512 et
2317 1477 2476 1521 recipere

1397 1531 1440 1555 ex
1464 1521 1627 1556 omnibus
1652 1531 1712 1556 eas
1737 1521 1895 1556 instabat
1926 1531 2040 1566 neque
2071 1522 2247 1562 cessabat,
2282 1522 2395 1557 donec
2418 1532 2474 1556 sa-

405 1568 601 1610 απανῆσαι,
623 1565 754 1601 εαυτὸν
773 1564 813 1600 δὲ
834 1565 931 1620 παρὰ
952 1567 996 1612 τῇ
1014 1568 1159 1618 γυναικὶ
1179 1565 1328 1609 βλέπειν
1342 1568 1383 1599 30
1398 1565 1559 1601 tisfactio
1584 1570 1729 1601 nostrae
1752 1566 1821 1609 legi
1844 1577 1909 1610 per
1932 1567 2051 1602 omnia
2074 1566 2285 1611 perveniret.
2330 1566 2399 1602 Sed
2421 1566 2475 1601 iu-

243 1611 290 1666 τὰ
322 1613 478 1664 πατρῷά
510 1610 724 1658 πράγματα,
757 1609 858 1663 ἅπερὶ
884 1625 902 1644 ο
936 1624 1056 1656 πατηρ
1088 1610 1127 1651 ἐξ
1157 1608 1328 1646 ἀπαιδίας

1396 1611 1613 1653 gemiscebat
1647 1612 1740 1646 iuste
1775 1611 1901 1646 mulier
1943 1615 1980 1647 et
2014 1611 2158 1647 dicebat
2192 1611 2364 1646 iniustum
2398 1621 2476 1647 esse

1397 1656 1499 1698 quasi
1523 1667 1588 1700 per
1611 1655 1853 1701 deceptionem
1877 1656 2057 1692 dominum
2088 1656 2230 1702 quidem
2262 1656 2376 1691 virum
2399 1656 2478 1691 fieri

1397 1701 1490 1735 dotis
1515 1701 1637 1743 totius,
1663 1705 1699 1736 et
1722 1702 1754 1736 si
1777 1702 1954 1747 praemori
1983 1702 2165 1737 mulierem
2192 1702 2400 1746 contigisset
2423 1702 2476 1736 lu·

1398 1756 1497 1780 crum
1517 1746 1650 1781 habere
1680 1747 1874 1781 secundum
1900 1752 2061 1791 pactum,
2095 1747 2178 1791 quia
2201 1757 2282 1782 vero
2307 1747 2360 1782 vir
2383 1757 2475 1781 mor-

244 1788 406 1837 ὠδῦρετο
426 1789 573 1825 δικαίως
594 1804 615 1834 η
633 1804 722 1838 γυνη
742 1794 803 1825 καὶ
824 1793 982 1836 ἔφασκεν
1005 1803 1047 1825 ου
1069 1788 1211 1825 δίκαιον
1234 1790 1327 1824 εἶναι
1341 1793 1381 1825 35
1396 1794 1478 1826 tuus
1496 1794 1562 1835 est,
1584 1801 1622 1826 se
1639 1791 1860 1836 ignorantem
1881 1792 2140 1827 restitutionem
2161 1792 2362 1828 amissionis
2382 1791 2475 1837 peri-

244 1835 417 1882 καθάπερ
437 1833 497 1871 ἐπ’
518 1834 680 1883 ἐξαπάτῃ
701 1835 827 1883 κύριον
846 1837 915 1880 μὲν
933 1834 1000 1870 τὸν
1018 1833 1134 1880 ἄνδρα
1151 1836 1327 1882 γενέσθαι
1397 1836 1517 1871 culum
1549 1836 1735 1872 sustinere.
1785 1837 1853 1872 Sed
1885 1837 1942 1872 hic
1974 1837 2114 1882 quidem
2143 1837 2228 1873 data.
2257 1840 2313 1873 est
2335 1837 2475 1882 negotio

244 1883 306 1925 τῆς
336 1880 481 1929 προικὸς
514 1879 669 1924 ἁπάσης,
706 1884 766 1914 καὶ
796 1881 867 1926 εἴγε
897 1878 1140 1926 προτελευτᾶν
1170 1879 1238 1924 τὴν
1267 1894 1325 1927 γυ-

243 1929 351 1961 ναῖκα
375 1929 577 1970 συνέβαινε,
599 1925 642 1961 τὸ
667 1925 788 1972 κέρδος
811 1928 906 1968 ἔχειν
928 1924 1020 1959 κατὰ
1047 1924 1090 1959 τὸ
1115 1924 1325 1971 σύμφωνον,

243 1970 370 2014 ἐπειδὴ
393 1969 433 2005 δὲ
461 1969 481 2005 o‘
504 1970 593 2017 ἀνὴρ
617 1970 857 2013 ἐτελεύτησεν,
881 1968 1012 2013 ἑαυτὴν
1030 1968 1235 2017 ἆγνοοῦσαν
1259 1970 1326 2013 τὴν

243 2014 539 2052 ὗποκατάστασιν
558 2013 766 2052 ἀπολέσθαι
786 2012 1018 2051 κινδυνεύειν.
1054 2012 1135 2049 ἀλλ’
1155 2016 1320 2050 ἐνταῦθα
1334 2019 1377 2050 40

243 2084 322 2120 eius
351 2084 415 2130 qui
438 2083 668 2119 restitutione
698 2088 872 2119 oneratus
894 2085 965 2119 est:
1000 2086 1111 2128 atque
1133 2093 1303 2128 maynam
1324 2082 1444 2128 fuisse
1466 2082 1573 2118 etiam
1600 2082 1645 2118 de
1667 2083 1750 2129 ipsa
1773 2083 1961 2120 verborum
1984 2083 2194 2130 differentia
2216 2084 2476 2130 quaestionem,

246 2136 368 2165 utrum
391 2127 588 2174 defunctus
610 2139 673 2164 eas
695 2138 772 2170 res,
804 2131 1008 2207 quaedwst
1030 2131 1179 2163 mortem
1202 2127 1280 2162 eius
1303 2127 1368 2174 qui
1390 2128 1618 2163 restitutione
1649 2133 1823 2164 oneratus
1853 2134 1908 2164 est
1929 2134 2175 2175 superessent,
2205 2129 2349 2165 restitui
2396 2140 2475 2165 rae-

244 2173 407 2221 cepisset,
431 2184 480 2209 an
500 2173 711 2220 simpliciter
727 2173 870 2208 restitui
892 2172 906 2207 i
950 2172 1052 2218 quod
1071 2171 1237 2208 relictum
1261 2177 1316 2208 est
1337 2176 1478 2208 retenta
1502 2172 1663 2219 leqitima
1681 2178 1790 2220 parte
1805 2173 1985 2209 iussisset:
2008 2173 2103 2209 unde
2122 2174 2230 2209 etiam
2248 2174 2346 2209 intro
2374 2180 2477 2210 uctas

243 2229 321 2255 esse
340 2218 608 2264 fideicommissi
624 2217 900 2264 persecutiones
922 2222 959 2253 et
980 2228 1031 2252 ex
1054 2217 1180 2263 inopia
1203 2217 1242 2251 in
1265 2228 1340 2252 rem
1363 2217 1564 2260 missiones,
1596 2222 1634 2254 et
1662 2218 1794 2254 multos
1822 2218 1906 2254 illos
1929 2222 2038 2263 atque
2061 2218 2184 2254 varios
2214 2229 2259 2254 ac
2280 2229 2398 2265 paene
2421 2220 2474 2253 in-

243 2263 471 2300 dissolubiles
503 2263 581 2299 eius
611 2273 721 2309 quam
751 2261 912 2298 diximus
944 2261 983 2296 in
1013 2273 1088 2298 rem
1119 2261 1303 2297 missionis
1333 2262 1499 2298 circulos.
1556 2261 1677 2298 Porro
1709 2274 1777 2299 nos
1807 2268 1849 2299 ut
1880 2262 1936 2298 lzis
1965 2263 2187 2299 mederemur
2215 2274 2331 2310 nuper
2361 2263 2476 2311 leqem

242 2309 433 2355 scripsisse
465 2308 612 2344 omnino
640 2306 885 2354 prohibentes,
916 2318 962 2343 ne
984 2317 1044 2343 res
1074 2317 1169 2353 quae
1196 2307 1427 2343 restitutione
1458 2312 1631 2343 oneratae
1661 2312 1748 2344 sunt
1779 2308 1983 2344 alienentur
2014 2311 2078 2343 aut
2108 2308 2323 2354 obliqentur‚
2349 2309 2415 2345 sed
2436 2314 2476 2344 ut

243 2365 324 2389 cum
372 2353 501 2400 ropria
524 2352 736 2389 condicione
761 2356 961 2395 transeant,
991 2363 1078 2388 neve
1101 2351 1203 2398 apud
1225 2362 1482 2399 quemcumque
1508 2353 1653 2398 fuerint
1671 2353 1827 2398 firmiter
1850 2357 2036 2395 maneant,
2066 2353 2130 2388 sed
2152 2353 2302 2390 redeant
2324 2353 2375 2389 ad
2395 2364 2476 2389 eum

243 2400 304 2434 cui
350 2400 411 2434 ari
430 2398 532 2434 iussa
554 2401 646 2434 sunt.
701 2398 821 2444 Atque
843 2396 932 2433 llaec
956 2397 1099 2444 quidem
1123 2397 1186 2433 lex
1208 2397 1281 2432 iam
1301 2397 1503 2433 inveterata
1530 2402 1568 2434 et
1591 2399 1627 2433 in
1653 2398 1796 2434 iudiciis
1811 2403 1994 2445 perpetuo
2019 2410 2088 2433 usu
2103 2398 2266 2445 probata
2289 2402 2363 2434 est:
2399 2399 2476 2442 sed,

244 2443 544 2490 quemadmodum
575 2442 683 2479 modo
713 2442 892 2484 diximus,
920 2442 1005 2487 fieri
1028 2453 1102 2478 non
1123 2442 1247 2489 potuit
1276 2442 1364 2488 quin
1387 2443 1488 2489 quod
1511 2443 1631 2478 omnia
1659 2444 1763 2489 ferre
1793 2443 1887 2479 solet
1911 2447 2050 2496 tempus
2080 2444 2286 2479 necessaria
2344 2443 2476 2479 uadam

242 2489 459 2536 exceptione
482 2488 597 2534 leqem
619 2498 726 2535 eqere
750 2487 964 2524 ostenderet.
1011 2487 1190 2523 Adierunt
1211 2487 1305 2522 enim
1328 2498 1397 2523 nos
1419 2491 1455 2523 et
1477 2488 1547 2524 viri
1578 2492 1614 2524 et
1633 2489 1795 2534 feminae
1818 2500 1868 2525 ex
1891 2488 1949 2524 liis
1970 2488 2104 2524 iniuria
2124 2488 2260 2534 affecti.
2356 2500 2413 2524 am
2437 2489 2476 2524 in

242 2545 356 2569 causa
371 2532 530 2580 quadam
545 2538 644 2569 mota
659 2532 834 2579 defuncto
859 2532 990 2568 marito
1007 2543 1108 2568 uxor
1123 2531 1267 2578 quidem
1290 2536 1326 2568 et
1345 2532 1465 2569 dotem
1488 2533 1660 2580 exiy’ebat
1682 2538 1719 2569 et
1734 2533 1946 2569 donationis
1969 2537 2054 2569 ante
2069 2545 2118 2568 uu
2149 2534 2219 2569 tias
2240 2544 2305 2569 seu
2320 2539 2477 2586 propter

241 2589 291 2614 nu
321 2579 392 2615 tias
411 2579 540 2625 factae
561 2589 640 2615 eam
658 2582 806 2625 partem
836 2588 946 2624 quam
968 2577 1092 2613 mariti
1121 2588 1220 2613 mors
1242 2577 1276 2613 ei
1297 2577 1428 2620 dabat;
1460 2578 1507 2614 ab
1531 2578 1650 2614 altera
1674 2582 1794 2614 autem
1810 2582 1923 2625 parte
1967 2583 2069 2614 rater
2115 2578 2256 2623 efuncti
2278 2589 2339 2613 res
2361 2579 2475 2614 mndi-

243 2635 263 2660 c
311 2628 352 2660 at
373 2628 410 2660 et
425 2623 551 2671 patris
572 2623 793 2660 voluntatem
809 2621 1077 2669 praetendebat
1099 2626 1135 2658 et
1156 2633 1217 2658 res
1238 2622 1399 2658 mulieris
1422 2623 1626 2668 auferebat,
1656 2634 1736 2659 cum
1760 2623 1897 2659 diceret
1966 2626 2081 2659 utrem
2112 2622 2255 2669 quidem
2284 2634 2389 2659 suum
2412 2635 2475 2660 eas

243 2667 472 2716 expendisse,
495 2679 535 2705 se
559 2679 642 2704 vero
667 2667 769 2715 apud
788 2667 972 2703 mulierem
991 2672 1172 2714 paternas
1194 2678 1254 2704 res
1277 2667 1397 2704 videre
1420 2679 1513 2714 quas
1528 2672 1642 2716 pater
1664 2679 1714 2704 ex
1739 2678 1825 2704 casu
1850 2667 2018 2704 orbitatis
2042 2667 2111 2703 sibi
2134 2668 2281 2703 restitui
2300 2667 2474 2710 iussisset,

241 2724 351 2760 seque
372 2724 437 2750 eas
464 2717 643 2761 perpetuo
672 2712 938 2748 vindicaturum
969 2723 1034 2748 nec
1058 2723 1260 2756 cessurum,
1289 2712 1403 2748 donec
1425 2717 1573 2749 nostrae
1600 2712 1672 2759 leqi
1692 2724 1762 2759 per
1785 2713 1906 2748 omnia
1929 2713 2162 2757 satisfactum
2185 2717 2287 2749 esset.
2344 2712 2475 2749 Verum

243 2758 509 2795 lamentabatur
531 2758 657 2793 merito
680 2757 809 2793 mulier
832 2761 868 2794 et
886 2757 1043 2803 neqabat
1065 2768 1220 2804 aequum
1243 2768 1331 2800 esse,
1355 2764 1397 2794 ut
1416 2762 1598 2805 tamquam
1617 2769 1688 2805 per
1708 2757 1882 2804 fraudem
1905 2758 2058 2793 maritus
2081 2757 2226 2803 quidem
2249 2757 2345 2794 dotis
2366 2758 2476 2794 totius

237 2804 345 2850 fieret
363 2803 542 2846 dominus,
565 2806 600 2838 et
614 2802 648 2839 si
665 2802 807 2849 quidem
825 2802 927 2848 sorte
943 2802 1054 2849 prior
1071 2806 1273 2838 moreretur
1295 2802 1423 2839 mulier
1446 2803 1586 2838 lucrum
1609 2814 1659 2839 ese
1675 2807 1790 2855 pacto
1811 2802 1971 2845 liaberet,
1995 2813 2075 2838 cum
2099 2808 2218 2838 autem
2238 2803 2392 2839 maritus
2414 2803 2474 2839 de-

239 2849 393 2894 functus
415 2852 509 2884 esset
536 2848 618 2894 ipsa
639 2847 929 2884 substitutionem
960 2847 1140 2893 ignorans
1155 2847 1362 2894 periculum
1386 2847 1592 2883 amissionis
1613 2847 1780 2892 subitura
1804 2851 1905 2884 esset.
1964 2846 2039 2884 Sed
2061 2846 2119 2883 Iu'c
2143 2846 2286 2893 quidem
2310 2847 2399 2884 data
2421 2851 2475 2884 est

288 2929 308 2962 3
333 2924 540 2968 διατάξοιτο
565 2928 643 2961 libri
663 2927 676 2970 11
700 2929 720 2961 4
743 2924 790 2960 τὰ
814 2922 1084 2970 περιττεύοντα]
1107 2927 1185 2961 τῶν
1207 2923 1321 2974 εὑρισ-

240 2974 405 3017 κομένων
423 2970 504 3012 (τὸν
518 2968 770 3026 εὖρισκόμενον
782 2972 843 3012 13¹)
867 2972 908 3004 ἐν
928 2971 972 3014 τῆ
991 2969 1137 3015 τελευτῆ
1159 2970 1204 3005 τὰ
1226 2985 1322 3017 περι-

240 3018 394 3052 τεύοντα
418 3019 448 3051 L
470 3019 482 3060 11
513 3028 601 3062 προς
621 3017 666 3064 τῇ
689 3014 849 3063 τελευτῇ]
874 3013 1030 3062 πότερον
1053 3029 1095 3050 τε
1124 3015 1243 3059 (τὴνῖ)
1267 3030 1321 3050 τε·

242 3061 345 3097 λευτα
360 3062 410 3096 L²
427 3062 440 3106 Ι
456 3065 476 3098 5
489 3061 697 3108 πράγματα]
711 3059 936 3107 πραγμάτων
947 3062 993 3095 L¹
1006 3061 1084 3095 τῶν
1097 3059 1322 3108 πραγμάτων

243 3109 291 3142 L²
320 3108 333 3151 11
360 3109 380 3142 8
405 3103 683 3152 φιδικομμίσσου
705 3103 990 3152 (φιδεικομμίσου
1014 3107 1046 3140 L
1070 3104 1322 3152 φιδικομίσσου

244 3150 326 3192 ΒΣΙ)
346 3155 634 3199 περσεκουτίονες
647 3153 722 3186 libri
745 3151 758 3196 ΙΙ
780 3154 800 3186 9
820 3154 881 3184 καὶ
894 3150 933 3191 ἐξ
946 3170 989 3176 —-
1001 3152 1173 3185 missiones
1193 3165 1250 3186 om.
1262 3153 1293 3185 L

241 3199 277 3231 in
294 3209 362 3231 rem
379 3197 549 3231 missi6nes
561 3197 607 3231 M
623 3196 879 3242 ι’νρεμισσίονες
899 3192 973 3230 1321
995 3196 1008 3241 11
1037 3199 1077 3231 10
1098 3194 1234 3230 πικίλοι
1247 3197 1293 3230 Μ

245 3246 281 3277 11
309 3243 345 3276 in
377 3253 446 3276 rem
477 3242 650 3275 missionos
681 3242 728 3276 M
759 3241 1045 3285 ι’νρεμμισσίονος
1068 3242 1100 3275 L
1136 3241 1172 3275 ἰν
1202 3240 1321 3287 ῥεμισ-

242 3290 361 3322 σίονος
374 3283 447 3322 ΒΣΙ
463 3286 476 3332 11
491 3289 552 3320 καὶ
566 3283 615 3321 ὠς
627 3306 670 3311 --
686 3289 726 3320 12
740 3285 959 3332 ἐγράψαμεν]
978 3284 1096 3330 Ἶσμεν
1111 3287 1233 3330 (ἐσμεν
1245 3286 1320 3328 13¹0

241 3327 299 3366 ὅτι
322 3331 452 3378 πρώην
474 3328 589 3375 νόμον
611 3329 819 3378 ἐγράψαμεν
843 3333 905 3365 inc.
920 3333 952 3365 Β
976 3331 989 3375 11
1023 3334 1061 3365 12
1084 3330 1210 3374 νόμον]
1242 3332 1318 3365 Cod.

243 3381 275 3417 6,
294 3385 327 3411 43
343 3387 358 3410 3
375 3382 391 3417 fi
406 3385 423 3411 2
439 3377 451 3420 11
475 3379 513 3411 13
527 3374 578 3421 μὴ
594 3378 657 3411 del.
672 3376 721 3410 L²
735 3376 747 3420 11
779 3379 816 3410 15
830 3372 922 3421 παρ’
938 3365 1039 3420 οὗπερ
1054 3376 1224 3418 ML¹B1eJ
1245 3376 1320 3410 πᾶν

242 3418 331 3465 ὅπερ
347 3422 392 3455 L²
402 3423 449 3455 B!
459 3423 545 3466 vulq.
561 3422 574 3464 11
598 3422 761 3468 γένοιντο
778 3421 840 3454 B¹s
861 3420 874 3465 11
898 3423 936 3455 17
953 3417 976 3455 ὅ
987 3433 1029 3474 γε
1044 3419 1163 3465 νόμος]
1183 3418 1204 3456 ὁ
1218 3418 1317 3468 yemi-

242 3477 344 3508 μενος
365 3467 410 3499 13¹
435 3467 522 3499 sacta
536 3466 591 3500 lex
611 3468 647 3508 (i.
661 3479 687 3500 e.
708 3461 728 3499 ὁ
746 3464 935 3511 γενόμενος
955 3471 1075 3510 νομος)
1101 3478 1121 3503 ς
1146 3466 1159 3511 11
1181 3466 1223 3499 ἐν
1244 3468 1318 3500 τοῖς

244 3511 328 3550 (τοῖς
352 3523 408 3543 om.
430 3512 489 3552 B¹)
513 3509 754 3557 δικαστηρίοις
779 3511 901 3552 MLB]
926 3511 962 3543 in
986 3511 1112 3545 iudicio
1137 3511 1187 3555 en
1209 3512 1249 3546 21
1277 3511 1316 3544 ἐκ

243 3552 520 3596 ‘snivai-tumme)
535 3557 582 3590 L¹
606 3557 644 3589 ἐκ
663 3551 840 3590 τοιούτων
853 3556 902 3590 L²
922 3555 935 3599 11
962 3557 1003 3589 23
1018 3553 1166 3601 φερνὴν]
1185 3557 1315 3603 προῖκα

243 3598 307 3641 Β11
327 3599 443 3650 21τῆς
465 3602 515 3640 τε]
540 3603 599 3634 καὶ
622 3601 684 3643 τῆς
708 3602 743 3635 Β
760 3600 772 3645 11
796 3599 875 3644 ἦτοι
891 3601 978 3643 ΜΒ]
998 3597 1058 3643 ἥτε
1070 3601 1118 3635 L¹
1141 3601 1213 3635 εἴτε
1231 3600 1315 3653 [ι’11

242 3642 286 3677 25
312 3639 371 3675 δια
415 3655 507 3696 αμον
530 3643 670 3689 (γάμων
698 3647 758 3687 L‘)
780 3646 880 3689 LBH
907 3642 926 3679 ὁ
951 3658 1009 3678 om.
1024 3646 1071 3680 13¹
1096 3646 1109 3691 11
1137 3647 1179 3681 29
1204 3641 1314 3680 αὖτου

242 3687 320 3722 libri
345 3686 357 3728 11
410 3688 429 3719 3
454 3686 566 3720 αυτὸν
588 3689 683 3723 L¹B¹
711 3691 723 3732 11
750 3691 794 3725 36
818 3687 957 3731 ἐξαπᾶτ
969 3691 1017 3724 L¹
1041 3686 1219 3733 ἐξαπάτης
1233 3689 1314 3735 5511

237 3729 424 3780 γενέσθαι]
448 3730 539 3765 εἶναι
566 3733 630 3777 B}
652 3735 691 3768 3¹1
718 3734 763 3780 τῇ
785 3737 927 3781 γυναικὶ
952 3734 999 3769 B‘
1021 3735 1034 3779 11
1060 3737 1101 3770 38
1126 3737 1311 3779 σννέβενες

1391 2927 1442 2960 L⁰
1457 2927 1469 2968 11
1489 2929 1530 2962 39
1543 2925 1676 2970 ἑαυτὴν
1691 2928 1780 2969 MR]
1802 2923 1916 2970 αὐτὴν
1928 2927 1960 2961 L
1979 2926 1992 2972 11
2013 2928 2057 2962 40
2070 2922 2370 2962 ὖποκατάστασιν
2383 2927 2473 2968 ΜΒ]

1389 2967 1687 3006 ἀποκατάστασιν
1701 2973 1780 3014 13(ς)
1790 2973 1878 3016 vulq.
1893 2973 1950 3016 (cll
1963 2972 2085 3006 Iulian.
2096 2984 2123 3005 c.
2137 2973 2200 3006 164
2212 2969 2474 3005 ‘substitutioni-

1389 3016 1451 3050 bus
1475 3028 1533 3050 seu
1561 3013 1845 3051 restitutionibus'
1870 3024 1901 3051 et
1929 3013 2188 3050 ‘substitutionis
2211 3027 2269 3050 seu
2288 3017 2473 3050 restitutio-

1390 3058 1472 3103 nis’)
1490 3063 1502 3105 11
1517 3060 1692 3097 ἀπολέσαι
1706 3064 1756 3096 La
1769 3063 1966 3096 Haloander
1989 3058 2239 3097 άποτελέσθαι
2262 3062 2304 3095 Μ

1434 3153 1454 3185 6
1478 3152 1670 3185 detentione
1692 3153 1742 3186 V·
1758 3152 1771 3196 11
1790 3154 1809 3186 7
1825 3153 1872 3186 Et
1892 3164 1950 3186 om.
1974 3150 2028 3196 711
2048 3153 2067 3185 8
2092 3151 2129 3183 in
2153 3162 2187 3184 re
2210 3151 2258 3185 1⁷²
2275 3150 2288 3195 11
2305 3151 2472 3185 missionis

1389 3197 1420 3229 R
1437 3196 1450 3239 11
1467 3198 1487 3231 9
1507 3199 1540 3230 et
1559 3197 1766 3239 insolubiles]
1788 3199 1821 3230 et
1840 3210 1898 3230 om.
1922 3195 1976 3241 711
2010 3198 2047 3230 12
2062 3196 2307 3230 restitutionem
2321 3196 2470 3239 grauatis

1387 3241 1464 3318 12¹!
1486 3243 1525 3276 13
1547 3245 1580 3275 et
1598 3242 1697 3285 apud]
1722 3245 1756 3275 et
1770 3241 1939 3275 ambulare
1961 3241 2048 3283 apud
2068 3242 2117 3274 Ra
2141 3241 2154 3285 11
2182 3243 2223 3275 14
2239 3241 2309 3282 sed]
2331 3250 2366 3273 se
2386 3239 2434 3273 V·
2455 3239 2469 3282 11

1391 3289 1430 3320 15
1466 3297 1522 3319 are
1543 3286 1600 3331 Vn
1617 3290 1650 3320 et
1665 3300 1722 3320 om.
1744 3287 1778 3321 V
1818 3287 1904 3320 facta
1920 3288 1968 3319 est
1985 3285 2040 3319 lox
2059 3286 2110 3319 Β*
2127 3286 2140 3330 ΙΙ
2168 3287 2208 3320 16
2224 3285 2392 3327 longaeua
2411 3284 2443 3317 V
2456 3283 2470 3329 11

1387 3333 1430 3372 et]
1450 3332 1549 3364 etiam
1571 3330 1628 3376 Vfl
1653 3332 1688 3365 in
1702 3345 1760 3366 om.
1814 3333 1821 3352 ¹
1841 3331 1854 3376 11
1870 3331 1991 3364 iuditia
2005 3332 2051 3364 R*
2069 3330 2082 3374 fl
2102 3332 2142 3365 18
2157 3330 2242 3364 ferre
2259 3327 2377 3369 V·T⁸J
2399 3328 2467 3362 sere

1396 3374 1445 3409 V⁶
1455 3376 1499 3409 T¹
1523 3376 1565 3409 al.
1580 3377 1687 3410 facere
1702 3389 1728 3410 ε.
1742 3389 1773 3410 υ.
1791 3376 1842 3410 1⁷³
1863 3376 1876 3419 11
1900 3375 2082 3409 ostenderit
2094 3375 2143 3409 Β*
2163 3375 2176 3419 Ι
2199 3374 2365 3415 indigeret
2385 3372 2434 3406 V¹
2454 3374 2468 3417 fl

1391 3422 1428 3454 19
1444 3421 1585 3463 quadam
1597 3421 1761 3465 —legem
1774 3434 1832 3455 om.
1852 3421 1897 3455 V·
1919 3421 1933 3465 11
1950 3420 2176 3465 exceptionem
2188 3418 2369 3452 necessaria
2381 3416 2463 3459 lege.

1385 3466 1565 3499 audierunt
1587 3467 1636 3499 Β*
1664 3466 1678 3511 11
1707 3468 1750 3501 20
1775 3466 1863 3500 enim
1889 3467 1966 3500 add.
1990 3466 2076 3518 vuiq.
2154 3464 2195 3498 21
2227 3461 2291 3495 *in
2322 3463 2463 3504 quodam

1383 3513 1472 3543 moto
1497 3512 1644 3553 negotio]
1681 3511 1922 3554 quodammodo
1945 3511 2079 3553 negotio
2147 3507 2157 3529 ¹
2190 3507 2251 3541 del.
2277 3506 2326 3539 V³
2350 3519 2408 3542 om.
2432 3508 2466 3540 R

1382 3557 1469 3600 vuly.
1489 3556 1502 3599 ss
1526 3558 1567 3590 23
1586 3557 1687 3590 moris
1704 3557 1752 3590 12¹
1769 3557 1781 3600 11
1807 3558 1850 3591 24
1872 3556 1986 3596 frater]
2003 3554 2039 3590 s?
2051 3552 2098 3586 R·
2114 3552 2128 3595 Ι
2147 3550 2347 3584 nendicabat
2362 3552 2394 3584 R
2406 3552 2464 3596 Vll

1383 3601 1425 3634 26
1438 3614 1486 3644 sq.
1503 3611 1537 3633 se
1554 3612 1633 3634 uero
1648 3619 1689 3626 —
1709 3611 1761 3635 res
1779 3602 1886 3646 suppl.
1909 3599 1959 3635 V‘
1971 3600 2004 3633 in
2015 3604 2099 3641 spat.
2114 3607 2185 3630 vac.
2201 3597 2219 3629 2
2233 3609 2379 3629 versuum
2397 3596 2409 3641 11
2428 3608 2462 3630 se

1382 3655 1461 3678 uero
1476 3645 1579 3687 RV³1
1610 3656 1691 3680 snuo
1725 3645 1778 3680 V’
1802 3646 1816 3690 Ι
1837 3647 1881 3680 30
1893 3642 2082 3688 perueniret
2103 3640 2149 3673 R'
2163 3640 2239 3681 VT]
2264 3643 2462 3684 proueniret

1379 3689 1431 3723 12²
1442 3692 1528 3734 vulq.
1553 3691 1566 3734 11
1591 3692 1635 3726 32
1658 3690 1785 3724 domini
1809 3688 1942 3732 quidem
1966 3685 2015 3720 Β*
2044 3685 2178 3728 quidem
2203 3685 2374 3718 dominum
2397 3686 2429 3719 V
2449 3686 2463 3731 Ι

1380 3735 1422 3770 35
1447 3734 1650 3777 ‘ignorante
1674 3736 1752 3769 libri
1774 3734 1788 3778 Ι
1813 3730 2033 3766 ammi-sionis
2055 3730 2088 3763 V
2110 3730 2123 3773 11
2151 3731 2193 3764 36
2222 3731 2357 3772 negotia
2382 3731 2430 3765 V·
