2618 4010
279 127 386 173 Nov.
416 127 511 172 XCI
539 141 601 184 pr.
1339 124 1426 173 454
1894 142 1956 175 m·
1983 139 2239 174 exscnmm
2266 139 2486 174 ms'mmn

785 249 839 304 ‘TA
1808 260 1901 298 x01.
1947 263 2195 300 Aumxcm.
2222 243 2485 299 Coll.V11tit.5

278 329 412 364 ῼΣΤΕ
435 328 764 363 ΑΠΑῙΤΗΣΕΩΣ
788 329 958 363 ΟΥΣΗΣ
982 327 1208 362 ΠΡΟῙΚΟΣ
1231 328 1347 363 ΠΡΩ-
1415 326 1455 381 1³33
1480 325 1544 361 UT
1564 325 1845 363 EXAOTIONE
1870 328 2112 367 INSTANTE
2138 330 2278 367 DOTIS
2300 328 2485 364 PRIMAE

277 374 383 407 ΤΗΣ
426 374 494 407 ΤΕ
536 374 628 407 ΚΑΙ
674 374 956 412 ΔΕΥΤΕΡΑΣ,
1003 374 1069 407 ΩΣ
1115 373 1223 407 ΤΟΥ
1266 374 1347 408 ΑΝ·
1415 370 1480 406 ffl'
1525 371 1789 407 SECUNDAE
1824 373 1940 410 VIRO
1981 375 2048 411 AD
2090 375 2319 412 SECUNDA
2355 373 2487 410 VOTA

276 419 402 452 ΔΡΟΣ
443 418 1048 460 ΔΕΥΤΕΡΟΓΑΜΗΣΑΝΤΟΣ,
1094 418 1349 453 ΠΡΟΤΙΜΑ-
1416 415 1675 452 MIGRANTE
1695 416 2053 456 PRAEPONATUR
2070 420 2203 457 UXOR
2218 419 2373 456 PRIMA
2388 419 2486 455 VEL

275 463 393 497 ΣθΑΙ
428 463 535 497 ΤΗΝ
570 463 842 498 ΠΡΟΤΕΡΑΝ
878 463 1106 498 ΓΥΝΑῙΚΑ
1140 463 1177 497 H
1210 463 1349 498 ΤΟΥΣ
1384 460 1483 499 5ΕΧ
1518 460 1687 496 PRIORI
1724 461 2035 501 MATRIMONIO
2070 465 2197 501 FILII.
2246 465 2309 501 ET
2344 463 2409 501 UT
2444 463 2486 499 SI

275 508 346 541 ΕΚ
370 507 479 542 ΤΟΥ
502 507 778 543 ΠΡΟΤΕΡΟΥ
803 508 984 543 ΓΑΜΟΥ
1007 508 1200 542 ΠΑΙΔΑΣ.
1257 509 1349 542 ΚΑΙ
1417 505 1662 541 VOLUERIT
1697 506 1829 542 UXOR
1863 508 1960 544 AUT
1989 509 2033 545 Is
2097 510 2147 546 Ul
2178 511 2272 546 PRO
2308 510 2372 545 EA
2403 508 2486 544 Do-

276 553 411 587 ΩΣΤΕ
453 554 501 587 EI
541 553 897 587 ΒΟΥΑΗΘΕῙΣΗΣ
941 553 1047 587 ΤΗΣ
1089 553 1349 587 ΓΥΝΑῙΚΟΣ
1417 550 1523 586 ΤΕΜ
1546 550 1824 587 SCRIPSERIT
1844 553 1976 589 DARE
1996 553 2079 590 VIR
2134 555 2263 600 QUAE
2284 554 2487 591 SCRIPTA

274 597 405 631 ΗΤΟΙ
443 597 553 632 ΤΟΥ
590 599 1054 633 ΚΑΤΑΓΡΑΨΑΝΤΟΣ
1090 598 1222 632 ΥΠΕΡ
1263 598 1349 632 ΑΥ-
1417 594 1555 639 SUNT,
1587 596 1878 632 DISTULERIT
1909 597 2078 634 AUTEM
2101 599 2186 636 VIR
2213 599 2486 641 SUSCIPERE,

275 643 381 676 ΤΗΣ
413 642 520 677 ΤΗΝ
548 643 743 678 IIPOIKA
775 644 959 678 ΔΟΥΝΑΙ
991 643 1082 678 ΤΩΙ
1105 644 1249 678 ΑΝΔΡῙ
1277 644 1349 678 TA
1418 640 1604 677 SOLUTO
1644 641 1956 678 MATRIMONIO
1998 643 2135 680 EXIGI
2174 645 2278 681 EUM
2320 645 2383 679 AB
2420 644 2486 679 ΕΑ

274 687 704 723 ΚΑΤΑΓΡΑΦΕΝΤΑ
743 689 1102 723 ΑΝΑΒΑΛΛΕΤΑΙ
1139 689 1171 723 O
1213 689 1347 722 ANHP
1365 693 1405 725 10
1463 685 1801 723 CONSCRIPTAM
1834 687 2255 726 ANTENUPTIALEM
2289 690 2440 726 DONA-

274 731 647 775 ΥΠΟΔΕΞΑΣΘΑῙ,
693 734 966 768 ΛΥΘΕΝΤΟΣ
1013 734 1121 768 ΤΟΥ
1167 734 1349 768 ΓΑΜΟΥ
1830 732 2020 769 ΤΙΟΝΕΜ
2043 733 2084 779 R}

274 778 603 813 ΑΠΑΙΊῈΙΣΘΑΙ
627 779 804 814 ΑΥΤΟΝ
830 779 936 813 ΤΗΝ
960 774 1043 820 YIJ‘
1062 779 1242 813 ΑΥΤΟΥ
1259 779 1350 814 KA-

326 823 691 859 ΤΑΓΡΑΦΕῙΣΑΝ
714 824 1069 859 ΠΡΟΓΑΜΙΑΙΑΝ
1093 824 1297 858 ΔΩΡΕΑΝ.

274 873 522 923 Αὐτοκράτωρ
545 875 794 912 Ἰουστινιανός
816 877 1024 925 Αὔγουστος
1042 876 1192 926 Ἰωάννῃ
1216 879 1269 921 τῷ
1294 879 1349 912 ἐν·
1514 877 1612 914 Idem
1637 877 1725 922 Aug.
1750 877 1901 914 Iohanni
1923 889 1983 924 pp.
2008 878 2163 914 Secundo
2187 888 2230 914 ex
2255 880 2398 916 consule

274 920 458 966 δοξοτάτῳ
480 923 625 968 ἐπάρχῳ
650 924 727 957 τῶν
742 921 966 957 ἀνατολικῶν
988 928 1223 969 πραιτωρίων
1243 922 1284 958 τὸ
1301 922 1348 968 β’,
1365 929 1405 962 15
1745 923 1922 959 ordinario
1946 927 1982 958 et
2004 923 2166 968 patricio.

415 965 489 1002 ἀπὸ
515 965 671 1002 ὑπάτων
695 965 913 1014 ὅρδιναρίων
937 972 996 1002 καὶ
1019 972 1207 1015 πατρικίῳ.

317 1034 620 1080 (Προοίμιον.)
666 1038 705 1069 Π
726 1034 801 1079 ώην
833 1033 1060 1078 δικαζόντων
1091 1034 1197 1080 ἡμῶν
1225 1033 1349 1082 ἠμφις-
1469 1034 1756 1081 (Praefatio.)
1809 1035 1951 1071 Dudum
1975 1036 2214 1072 iudicantibus
2237 1036 2341 1072 nobis
2364 1035 2402 1071 in
2424 1036 2488 1071 du·

273 1077 420 1123 βητὴθη
453 1082 602 1126 πρᾶγμα
633 1049 765 1124 πολλῆς
788 1079 892 1121 ἄξιον
920 1083 1136 1128 ἐπιστροφῆς
1159 1084 1219 1115 καὶ
1242 1094 1350 1127 σαφε-
1418 1081 1627 1116 bitationem
1656 1081 1751 1116 venit
1781 1090 1892 1116 causa
1921 1083 2034 1117 multa¹
2066 1081 2286 1117 correctione
2317 1081 2423 1126 digna
2453 1084 2489 1117 et

273 1127 400 1170 στέρας
415 1125 634 1169 νομοθεσίας
654 1122 717 1159 οὐκ
734 1122 894 1167 ἀνάξιον.
942 1129 1001 1160 καὶ
1020 1124 1090 1174 γάρ
1105 1138 1159 1161 τις
1177 1130 1350 1172 προτέρας
1418 1126 1639 1170 legislatione
1674 1125 1817 1161 clariori
1850 1137 1922 1162 non
1956 1127 2111 1172 indigna.
2170 1126 2312 1162 Etenim
2347 1126 2489 1172 quidam

272 1170 463 1215 γενόμενος
484 1171 639 1225 γαμετῆς
662 1167 754 1216 ἀνὴρ
779 1174 840 1205 καὶ
862 1170 999 1215 ταύτην
1024 1171 1241 1216 ἀποβαλών,
1273 1173 1350 1207 εἶτα
1364 1178 1405 1210 20
1418 1172 1546 1216 prioris
1569 1171 1688 1207 factus
1710 1171 1833 1207 uxoris
1855 1171 1909 1207 vir
1932 1183 2012 1208 cum
2035 1182 2113 1207 eam
2137 1172 2332 1216 extulisset,
2364 1171 2489 1207 deinde

274 1213 454 1260 δευτέρας,
482 1219 612 1259 προῖκα
636 1229 675 1250 τε
699 1214 962 1261 ὑποδεξάμενος
985 1214 1075 1262 παρ’
1101 1217 1268 1262 ἑκατέρας
1290 1220 1350 1251 καὶ
1418 1216 1608 1259 secundae,
1639 1216 1756 1252 dotem
1780 1217 1977 1262 suscipiens
2006 1221 2042 1252 et
2065 1217 2158 1253 filios
2182 1227 2225 1253 ex
2249 1217 2359 1262 priori
2382 1217 2487 1252 reliu-

273 1257 404 1295 παῖδας
419 1262 457 1294 ἐκ
473 1262 534 1304 τῆς
550 1259 694 1306 πρώτης
709 1260 923 1296 καταλιπών
940 1259 1086 1305 ἀπῆλθε
1102 1264 1165 1305 τῆς
1185 1261 1350 1308 δευτέρας
1418 1272 1531 1307 quens
1555 1261 1643 1297 obiit
1673 1262 1792 1297 adhuc
1819 1263 1975 1298 secunda
1999 1263 2199 1308 superstite.
2247 1262 2402 1298 Volebat
2423 1262 2488 1306 igi·

273 1306 327 1338 ἕτι
351 1303 548 1350 περιούσης.
596 1302 768 1361 ἠβούλετο
784 1311 909 1341 τοίνυν
928 1305 949 1350 ἡ
968 1306 1114 1353 δευτέρα
1129 1309 1264 1353 γαμετὴ
1282 1307 1350 1350 τὴν
1417 1312 1476 1342 tur
1499 1306 1657 1343 secunda
1686 1318 1778 1343 uxor
1807 1306 1925 1342 dotem
1955 1318 1978 1344 a
2008 1318 2047 1343 se
2074 1308 2192 1343 datam
2221 1308 2360 1352 exigere
2382 1307 2488 1352 privi-

273 1353 404 1395 προῖκα
427 1350 496 1394 τὴν
526 1363 601 1397 παρ
644 1348 751 1394 αὐτῆς
775 1350 969 1395 δεδομένην
996 1350 1163 1388 ἀπαιτεῖν
1186 1354 1238 1396 τῷ
1265 1366 1349 1398 προ·
1417 1352 1508 1396 legio
1540 1357 1644 1388 utens
1674 1361 1697 1387 a
1725 1352 1830 1388 nobis
1854 1352 1949 1395 dato,
1980 1354 2275 1388 contradicebant
2303 1354 2421 1388 autem
2446 1362 2490 1387 ex

273 1399 389 1439 νομίῳ
412 1398 577 1442 χρωμένη
601 1397 654 1439 τῷ
686 1394 779 1442 παρ’
803 1395 907 1441 ἡμῶν
936 1395 1136 1442 δεδομένῳ,
1162 1395 1350 1444 ἀντέλεγον
1363 1403 1405 1436 25
1418 1397 1531 1442 priori
1560 1398 1781 1433 matrimonio
1813 1397 1876 1433 filii
1907 1400 1944 1434 et
1973 1398 2043 1443 ipsi
2073 1401 2269 1434 maternam
2295 1398 2489 1434 obicientes

274 1438 314 1474 δὲ
335 1439 371 1474 οἱ
399 1442 438 1474 ἐκ
461 1442 538 1475 τῶν
561 1440 723 1487 πρώτων
751 1441 881 1489 γάμων
911 1441 1034 1477 παῖδες
1065 1446 1124 1477 καὶ
1155 1440 1256 1477 αὐτοὶ
1285 1455 1349 1487 μη-
1418 1443 1554 1485 dotem,
1587 1446 1623 1478 et
1646 1443 1794 1478 dubium
1817 1445 1904 1487 erat,
1932 1447 2050 1479 utrum
2074 1444 2181 1479 etiam
2204 1453 2275 1478 non
2300 1442 2490 1488 superstite

272 1484 397 1531 τρῴαν
421 1484 694 1532 προτεινόμενοι
712 1490 853 1533 προῖκα,
877 1491 936 1521 καὶ
960 1485 1271 1534 ἀμφιςβητήσιμον
1293 1481 1350 1531 ἦν,
1417 1488 1534 1533 priore
1563 1499 1676 1524 uxore
1707 1492 1888 1533 oporteret
1919 1489 2053 1534 suscipi
2082 1488 2174 1524 filios
2206 1492 2330 1524 contra
2362 1498 2489 1524 secun-

273 1534 304 1564 εί
327 1530 451 1574 καὶμὴ
466 1530 653 1577 περιούσης
668 1533 728 1575 τῆς
745 1536 918 1579 προτέρας
933 1535 1085 1579 γαμετῆς
1102 1533 1156 1567 δεῖ
1170 1532 1350 1573 δέξασθαι
1418 1534 1484 1569 dae
1515 1533 1631 1569 dotem
1662 1533 1850 1577 litigantes.
1898 1533 1978 1569 Non
2010 1534 2103 1569 enim
2135 1533 2213 1569 aliis
2243 1533 2402 1569 dedimus
2425 1533 2489 1568 du-

274 1577 356 1610 τοὺς
375 1578 509 1620 ἐκείνης
527 1575 659 1612 παῖδας
678 1578 770 1611 κατὰ
790 1579 853 1621 τῆς
870 1576 1032 1623 δευτέρας
1052 1579 1198 1622 προικὸς
1220 1576 1350 1624 ἀγωνι-
1418 1578 1501 1614 dum
1537 1583 1573 1614 et
1604 1579 1728 1614 damus
1759 1579 1827 1614 hoc
1857 1579 2075 1624 privilegium
2110 1583 2175 1614 aut
2203 1579 2394 1614 heredibus
2427 1581 2492 1613 aut

275 1622 451 1663 ζομένους.
499 1620 541 1655 οὖ
565 1622 632 1668 γὰρ
652 1623 782 1668 ἑτέροις
800 1621 1009 1668 δεδώκαμεν
1027 1637 1067 1658 τε
1087 1622 1155 1667 ἤδη
1175 1627 1234 1658 καὶ
1255 1622 1349 1658 δίδο-
1363 1628 1405 1660 30
1419 1624 1663 1666 creditoribus,
1685 1623 1746 1660 sed
1765 1624 1851 1660 solis
1869 1624 1962 1661 filiis.
2006 1624 2183 1660 Plurimae
2199 1624 2368 1669 siquidem
2386 1623 2489 1659 dubi-

272 1678 340 1709 μεν
362 1667 470 1700 τοῦτο
494 1666 536 1701 τὸ
562 1664 765 1712 προνόμιον
788 1666 811 1711 ἢ
834 1666 1067 1715 κληρονόμυοις
1089 1668 1112 1712 ἢ
1137 1668 1349 1710 δανεισταῖς,
1418 1670 1571 1705 tationes
1603 1670 1797 1704 extiterunt
1826 1670 1862 1704 in
1893 1670 1961 1705 hac
1992 1679 2118 1712 causa,
2150 1669 2290 1705 dicente
2321 1668 2488 1711 secunda,

274 1708 365 1744 ἀλλὰ
395 1710 519 1754 μόνοις
549 1716 664 1747 παισί.
720 1712 850 1747 πολλαὶ
880 1716 946 1756 μὲν
978 1717 1045 1748 οὐν
1075 1711 1350 1760 ἀμφιςβητήσεις
1418 1715 1583 1759 quoniam
1607 1714 1833 1759 expendisset
1855 1717 1892 1750 et
1915 1718 1997 1750 ante
2029 1725 2134 1759 quam
2165 1716 2211 1750 ad
2234 1714 2311 1749 eius
2334 1714 2490 1750 venisset

272 1756 464 1802 γεγόνασιν
498 1758 538 1791 ἐν
567 1758 622 1799 τῷ
654 1755 857 1804 πράγματι,
892 1757 1058 1805 λεγούσης
1092 1761 1155 1803 τῆς
1187 1758 1350 1804 δευτέρας
1418 1760 1681 1795 matrimonium
1698 1759 1826 1804 prioris
1844 1760 1963 1795 uxoris
1980 1760 2107 1803 dotem,
2126 1761 2162 1795 et
2177 1770 2248 1795 non
2265 1769 2342 1795 esse
2357 1759 2488 1795 iustum

272 1803 438 1847 γαμετῆς,
464 1799 513 1835 ὠς
536 1801 765 1842 ἐξαναλώσας
788 1803 887 1849 ἔφθη
911 1807 969 1837 καὶ
991 1807 1077 1850 πρὶν
1095 1806 1154 1839 ἐπὶ
1175 1805 1240 1838 τὸν
1264 1804 1353 1851 πρὸς

274 1843 387 1890 αὐτὴν
411 1845 504 1894 ἔλθῃ
527 1846 646 1894 γάμον
670 1846 690 1881 ὁ
716 1845 808 1893 ἀνὴρ
831 1848 899 1892 τὴν
923 1850 983 1892 τῆς
1002 1853 1175 1895 προτέρας
1198 1851 1352 1896 γαμετῆς
1365 1854 1407 1885 35

341 1938 425 1972 Nov.
451 1939 544 1972 XCI
571 1939 732 1980 (Anthene.
759 1940 890 1973 XCIII
909 1957 954 1969 =
981 1941 1060 1974 Coll.
1087 1941 1158 1975 VII
1178 1942 1223 1974 tit.
1247 1943 1283 1974 5:
1314 1943 1425 1985 qloss.)
1463 1943 1588 1976 Graece
1620 1949 1706 1975 extat
1737 1943 1770 1975 in
1803 1942 1901 1983 ML,
1939 1942 2065 1985 epiloyo
2096 1949 2224 1984 excepto
2255 1944 2288 1975 in
2321 1943 2355 1975 B
2380 1943 2433 1984 28,
2458 1949 2489 1976 13

274 1984 362 2024 (inde
385 1983 435 2016 B·
456 1985 496 2015 Π
517 1985 570 2022 29,
588 1991 624 2018 56
647 1997 681 2027 ρ.
697 1985 762 2018 569
788 1986 914 2026 ΖασΙι.).
938 2004 982 2010 -
1006 1986 1096 2029 Epit.
1124 1987 1243 2019 Theod.
1270 1988 1310 2020 91
1338 1988 1425 2029 (inde
1450 1984 1533 2029 ΒΣ),
1564 1988 1684 2020 ΑἱΙιαη.
1710 1989 1760 2028 10,
1779 1995 1806 2021 5.
1853 1987 1974 2021 Iulian.
2000 1994 2096 2020 const.
2118 1987 2335 2021 LXXXIV.

1341 2107 1438 2144 XCI.

280 2172 344 2209 UT
362 2171 469 2208 CUM
490 2171 636 2209 DOTIS
658 2171 870 2208 PRIORIS
900 2172 970 2208 ET
996 2172 1266 2210 SECUNDAE
1295 2173 1512 2211 EXACTIO
1536 2173 1631 2216 FIT,
1663 2173 1913 2210 SECUNDIS
1940 2173 2147 2211 NUPTIIS
2170 2176 2200 2211 Α
2234 2174 2354 2213 VIRO
2377 2175 2489 2214 CON-

277 2218 309 2253 T
306 2216 493 2260 RACTIS,
517 2216 889 2254 PRAEFERATUR
913 2217 1069 2255 PRIOR
1094 2218 1227 2255 UXOR
1259 2220 1355 2255 VEL
1375 2219 1563 2256 LIBERI
1581 2219 1657 2255 EX
1670 2218 1951 2255 PRIORIBUS
1969 2219 2176 2255 NUPTIIS
2194 2220 2488 2258 PROCREATI.

278 2261 442 2305 UTQUE
471 2261 575 2298 CUM
608 2261 741 2299 UXOR
771 2262 901 2298 SIVE
929 2262 980 2299 IS
1009 2262 1102 2307 QUI
1128 2263 1229 2301 PRO
1260 2265 1326 2300 EA
1352 2263 1682 2301 CONSCRIPSIT
1704 2263 1878 2300 DOTEM
1897 2264 2036 2300 DARE
2059 2264 2170 2301 EAM
2190 2265 2382 2303 MARITO
2412 2267 2490 2302 VE-

274 2307 369 2350 LIT,
395 2306 450 2343 SI
463 2306 690 2343 MARITUS
712 2306 846 2350 QUAE
865 2307 1171 2344 CONSCRIPTA
1196 2309 1330 2346 SUNT
1345 2309 1599 2346 ACCIPERE
1619 2308 1933 2351 DISTULERIT,
1958 2308 2146 2347 SOLUTO
2165 2310 2492 2349 MATRIMONIO

554 2352 778 2389 DONATIO
800 2352 939 2388 ANTE
959 2353 1178 2390 NUPTIAS
1199 2355 1268 2390 AB
1291 2354 1408 2391 IPSO
1434 2353 1739 2392 CONSCRIPTA
1761 2354 1831 2390 AB
1856 2353 1923 2391 EO
1947 2354 2213 2393 EXIGATUR.

319 2407 411 2457 Imp.
429 2407 658 2445 lastinianus
672 2409 859 2455 Auqustus
877 2407 1040 2446 Iohanni
1060 2411 1536 2492 ρίονίοείὲςὶηιοφνιῗεβεῖιο
1552 2411 1745 2463 praetorio
1766 2422 1835 2458 per
1857 2410 2035 2448 Orientem
2058 2412 2206 2455 iterum,
2230 2423 2280 2450 ex
2299 2413 2446 2452 consulo

1166 2467 1210 2492 or
1235 2468 1355 2492 ιηανιο
1379 2468 1398 2492 e
1434 2468 1485 2503 pa
1503 2467 1603 2492 recto.

396 2520 649 2567 Praefatio.
690 2521 818 2573 Nuper
833 2520 1075 2558 iudicantibus
1090 2523 1193 2559 nobis
1208 2524 1247 2559 in
1263 2526 1544 2560 controversiam
1560 2528 1690 2560 vocata
1707 2527 1760 2559 est
1773 2534 1831 2558 res
1846 2523 2038 2570 multiplici
2053 2524 2363 2562 animadversione
2378 2526 2491 2578 diqna

274 2578 388 2614 neque
411 2566 564 2613 indiyna
588 2566 827 2602 luculentiore
851 2566 1088 2613 quislatione.
1135 2569 1288 2612 Quidam
1311 2570 1404 2605 enim
1428 2581 1507 2605 eum
1524 2570 1665 2616 prioris
1687 2569 1815 2605 uxoris
1846 2579 1960 2614 eaque
1983 2569 2116 2605 amissa
2138 2569 2317 2606 secundae
2339 2577 2491 2607 maritus

273 2613 399 2658 faetus
427 2618 538 2653 esset,
572 2611 656 2648 dote
688 2612 733 2647 ab
763 2617 919 2658 utraque
950 2618 1100 2659 accepta
1131 2619 1166 2650 et
1195 2614 1318 2650 liberis
1348 2625 1397 2650 ex
1418 2615 1546 2661 priore
1575 2614 1711 2650 relictis
1735 2613 1935 2650 decesserat
1965 2614 2123 2650 secunda
2146 2614 2266 2651 adhuc
2287 2617 2488 2663 superstite.

283 2657 435 2693 Volebat
464 2658 579 2703 iqitur
608 2656 767 2692 secunda
798 2667 898 2692 uxor
930 2657 1047 2693 dotem
1071 2670 1094 2693 a
1116 2670 1155 2695 se
1177 2659 1299 2695 datam
1323 2660 1473 2706 eoeiqere
1497 2659 1692 2706 privileqio
1723 2670 1791 2694 usa
1814 2671 1837 2694 a
1860 2657 1964 2694 nobis
1985 2669 2164 2701 concesso,
2196 2661 2491 2697 contradicebant

275 2707 393 2739 autem
423 2702 528 2738 tiberi
557 2713 607 2738 ex
632 2703 761 2749 priore
783 2702 1013 2737 matrimonio
1045 2704 1124 2739 nati
1154 2704 1167 2738 i
1192 2704 1225 2739 si
1255 2715 1398 2757 quoque
1421 2710 1618 2740 maternam
1642 2704 1760 2740 dotem
1781 2703 2066 2750 praetendentes,
2097 2709 2205 2751 atque
2232 2704 2376 2741 dubium
2398 2710 2489 2748 erat,

274 2759 360 2783 num
382 2747 489 2784 etiam
503 2748 634 2794 priore
657 2747 811 2793 coniuqe
842 2758 915 2782 non
938 2749 1132 2794 superstite
1160 2716 1266 2786 {ibere
1289 2749 1388 2785 illius
1418 2750 1579 2796 recipere
1601 2761 1680 2785 eam
1704 2748 1872 2785 deberent
1899 2753 2026 2784 contra
2050 2749 2242 2784 secundam
2265 2749 2384 2786 dotem
2407 2761 2489 2786 con-

277 2791 469 2829 tendentes.
516 2791 643 2838 Neque
672 2792 766 2827 em'm
797 2792 881 2827 aliis
914 2791 982 2828 Ιιοο
1007 2793 1238 2841 privileqium
1269 2798 1305 2831 et
1335 2794 1496 2830 dedimus
1526 2795 1597 2830 iam
1620 2800 1656 2830 et
1678 2795 1805 2830 damus
1835 2794 1909 2829 sive
1933 2793 2122 2829 heredibus
2143 2794 2217 2830 sive
2240 2795 2488 2838 oreditoribus,

275 2837 340 2873 sed
360 2837 449 2873 solis
471 2837 604 2874 liberis.
652 2836 791 2872 Multae
814 2837 925 2883 iqitur
949 2839 1217 2876 controversiae
1248 2840 1286 2875 in
1309 2851 1352 2876 ea
1377 2850 1488 2875 causa
1510 2841 1729 2881 extiterunt,
1761 2850 1839 2875 cum
1861 2837 2019 2875 secunda
2046 2849 2146 2874 uxor
2166 2839 2301 2875 diceret
2321 2840 2488 2876 maritum

275 2884 348 2918 iam
371 2889 455 2918 ante
477 2893 586 2929 quam
610 2882 660 2918 ad
681 2882 828 2928 nuptias
851 2882 966 2929 ipsius
990 2883 1159 2926 venisset,
1181 2885 1321 2931 prioris
1343 2885 1473 2920 uxoris
1497 2885 1614 2920 dotem
1638 2885 1914 2932 consumpsisse,
1946 2894 2061 2929 neque
2075 2895 2153 2930 par
2175 2895 2251 2921 esse
2273 2895 2311 2921 se
2334 2885 2488 2931 quidem,

323 2989 338 3020 1
354 2989 442 3020 rubr.
467 2988 520 3019 Πε
543 2988 555 3018 ἱ
579 2981 643 3018 δύο
666 2986 828 3029 προικῶν
849 2987 1163 3029 χρεωστουμένων,
1187 2989 1246 3020 καὶ
1270 2990 1351 3031 περὶ
1384 2988 1386 3005 “
1418 2984 1533 3028 (αὐτοὶ
1548 2987 1617 3022 τ“ν
1633 2989 1723 3022 malit
1740 2988 2024 3029 CGEHeimbach)
2039 2987 2051 3029 ΙΙ
2070 2988 2112 3021 29
2125 2987 2258 3029 ἐκείνης
2274 2988 2385 3032 onness
2397 2988 2488 3022 κατὰ

276 3032 339 3066 τοῦ
372 3030 421 3075 μὴ
456 3033 521 3074 βου
564 3032 671 3074 μένου
706 3029 775 3072 τὴν
806 3033 935 3075 προῖκα
971 3027 1150 3070 δέξασθαι
1186 3033 1304 3066 Theod.
1341 3034 1352 3074 Η
1418 3033 1481 3075 τῆς
1492 3034 1554 3076 τῆς
1589 3035 1731 3077 ευτέρας
1740 3033 1920 3079 L²113ocjt
1934 3033 2146 3073 God.8,1·1‚12
2163 3031 2283 3077 971131
2301 3036 2490 3078 προοίμιον

278 3079 298 3111 2
321 3073 519 3118 ἀπαιτῆσαι
542 3076 590 3109 L¹
615 3075 627 3119 ΙΙ
650 3074 805 3121 προικὸς]
829 3075 890 3117 τῆς
913 3075 1059 3122 προικὸς
1084 3076 1135 3110 ΒΓ
1147 3078 1158 3116 ΙΙ
1185 3078 1205 3111 3
1228 3089 1268 3110 τε
1292 3090 1349 3110 om.
1384 3093 1386 3102 τ
1420 3079 1466 3111 L¹
1482 3080 1493 3118 ΙΙ
1513 3081 1556 3113 32
1577 3081 1697 3120 παισί]
1721 3081 1795 3112 τοῖς
1817 3082 1925 3113 παισί
1943 3077 2215 3131 ΟΘΕΗοίιηὸαοᾷ
2235 3079 2317 3111 male
2333 3078 2346 3122 ss
2364 3080 2407 3113 34
2426 3091 2489 3124 γα-

278 3123 353 3156 Am.
369 3121 383 3166 ΙΙ
401 3118 450 3155 οἷς
469 3140 509 3146 -
534 3122 574 3154 13
593 3117 743 3172 δωρεάν]
769 3117 1111 3166 δευτερογαμοῦντος
1135 3119 1350 3168 (δευτερογα-
1384 3110 1386 3172 :
1416 3123 1524 3166 μετῆς
1544 3137 1602 3157 om.
1617 3135 1636 3160 ς
1653 3123 1665 3167 ΙΙ
1683 3126 1725 3158 35
1745 3120 1852 3167 αὐτῆς
1872 3125 1921 3157 La
1939 3123 1951 3166 ΙΙ
1966 3119 2074 3155 ἔλθοι
2096 3122 2144 3155 B⁸
2161 3121 2173 3165 Ι
2191 3133 2210 3155 ο
2233 3119 2325 3168 ἀνὴρ
2349 3136 2407 3158 om.
2425 3135 2444 3161 ς

276 3166 454 3211 μήσαντος
471 3167 579 3207 index)
599 3177 663 3199 του
687 3161 813 3209 ἀνδρὸς
835 3167 894 3198 καὶ
916 3165 963 3199 τὰ
987 3165 1066 3209 ἑξῆς
1082 3167 1157 3200 ΑιΙι.
1175 3166 1188 3210 ΙΙ
1207 3169 1248 3201 10
1265 3163 1349 3200 ἄνα-
1384 3186 1386 3209 ;

277 3209 462 3255 βάλλεται]
479 3208 519 3244 δὲ
533 3225 558 3243 s.
570 3223 600 3243 υ.
616 3212 691 3243 add.
702 3210 751 3243 L²
767 3210 779 3254 ΙΙ
800 3211 839 3244 12
855 3206 920 3244 ὑπ’
937 3206 1058 3253 αὐτοῦ]
1082 3211 1124 3244 ab
1143 3222 1181 3245 ea
1203 3224 1223 3248 ς
1237 3212 1250 3256 ΙΙ
1266 3224 1351 3257 γρα-
1384 3215 1386 3252 Ι

278 3259 407 3302 φεῖσαν
430 3257 462 3290 L
489 3257 501 3299 ΙΙ
535 3257 575 3290 13
599 3252 750 3300 δωρεάν]
784 3254 833 3298 μὴ
858 3252 1127 3299 ὑποδεξάμενον
1158 3253 1198 3290 δὲ
1219 3259 1351 3302 προῖκα
1464 3259 1483 3292 2
1508 3260 1640 3292 extante
1663 3257 1750 3291 dotis
1771 3258 1804 3291 V
1821 3258 1908 3291 dotis
1931 3257 2059 3291 intanto
2083 3258 2117 3290 R
2133 3258 2146 3301 ss
2169 3260 2190 3292 4
2210 3257 2367 3300 migranti
2385 3256 2492 3290 RVT

277 3299 367 3345 μηδὲ
382 3304 627 3347 προγαμιαίαν
644 3297 787 3334 διδόναι
804 3297 944 3345 δωρεάν
956 3301 1352 3345 αιίιί.Ηαίοαηᾰεν(ΒῙ)ΙΙ
1385 3319 1386 3339 1
1418 3304 1503 3346 vulq.
1521 3303 1534 3347 ss
1550 3303 1656 3347 prime
1679 3303 1710 3336 T
1729 3303 1741 3346 ΙΙ
1767 3305 1786 3337 5
1811 3306 1844 3336 et
1867 3306 1915 3344 ut]
1941 3306 1979 3335 ut
2003 3306 2035 3335 et
2059 3303 2127 3336 ΕΤ
2145 3307 2179 3335 et
2199 3303 2293 3336 Vvul
2313 3326 2322 3335 .
2343 3303 2356 3343 ΙΙ
2381 3303 2402 3335 6
2426 3311 2484 3334 uo-

282 3350 322 3381 14
344 3347 397 3389 τῷ
422 3343 648 3389 ἐνδοξοτάτῳ
669 3359 727 3379 om.
742 3346 772 3379 L
789 3345 802 3389 ΙΙ
822 3347 861 3379 15
886 3341 1032 3390 ὑπάρχω
1055 3346 1123 3389 Mn
1148 3349 1189 3381 16
1206 3343 1351 3401 ὄρδινα-
1385 3347 1386 3350 ’
1418 3347 1545 3380 luerint
1564 3348 1613 3381 V⁰
1637 3348 1650 3391 n
1674 3347 1727 3381 his
1749 3348 1809 3391 Vss
1833 3348 1908 3381 dote
1934 3348 1981 3381 R¹
2007 3348 2020 3391 ΙΙ
2043 3348 2062 3381 8
2087 3347 2220 3381 distulit
2240 3316 2376 3390 Vfaut
2403 3346 2450 3379 T¹
2473 3345 2485 3390 Η

279 3395 345 3436 ρίω
362 3392 442 3431 ML,
455 3404 537 3425 corr.
557 3391 749 3424 Hatoander
765 3390 777 3434 ΙΙ
801 3393 1002 3434 πατρικίων
1017 3392 1048 3425 L
1067 3390 1080 3435 ΙΙ
1104 3393 1142 3425 17
1160 3394 1296 3446 Πρωην
1308 3411 1350 3416 -

1383 3386 1386 3465 i
1416 3394 1437 3426 9
1463 3395 1511 3433 ea]
1538 3394 1597 3436 leq.
1623 3393 1686 3426 eo?
1704 3393 1717 3436 ΙΙ
1741 3394 1781 3426 10
1801 3393 2033 3436 conscriptam]
2057 3403 2132 3425 oum
2154 3391 2317 3435 scriptura
2336 3389 2366 3423 V
2385 3390 2484 3423 etiam

280 3439 321 3470 20
340 3433 443 3480 ἀνὴρ]
467 3432 662 3479 Γενόμενος
680 3446 734 3469 τις
752 3437 924 3482 προτέρας
942 3436 1095 3481 γαμετῆς
1111 3438 1289 3482 (γυναικος
1303 3436 1352 3470 B·
1383 3468 1386 3482 ¹
1418 3437 1635 3481 conscriptam
1652 3438 1717 3471 RT
1724 3438 1809 3481 vulq.
1827 3437 1840 3482 ΙΙ
1857 3437 2129 3482 antenuptiarum
2149 3437 2205 3478 Vn
2222 3437 2263 3469 14
2274 3444 2400 3467 excons.
2415 3436 2447 3468 R
2458 3436 2491 3469 V

280 3483 353 3518 vd.)
376 3477 468 3524 ἀνὴρ
486 3483 545 3514 inc.
562 3481 595 3514 B
612 3481 625 3525 ΙΙ
643 3482 678 3514 21
698 3477 860 3525 δευτέρας
875 3481 945 3522 Me]
970 3478 1118 3525 δευτέρᾳ
1140 3478 1352 3524 συνοικήσας
1417 3483 1585 3515 exconsuli
1613 3483 1645 3516 T
1661 3485 1673 3524 fl
1701 3485 1739 3517 17
1765 3482 1974 3516 dubitatione
1997 3483 2030 3516 R
2054 3482 2067 3526 Ι
2090 3483 2131 3516 18
2155 3489 2284 3514 osanam
2309 3478 2385 3523 R‘ss
2412 3491 2483 3513 σοι·-

282 3525 377 3568 LBu
399 3538 438 3558 τε
460 3534 489 3558 et
507 3521 596 3571 παρ’
615 3526 781 3568 ἑκατέρας
805 3539 863 3558 om.
877 3538 896 3561 ς
911 3525 924 3570 ΙΙ
942 3526 1122 3571 ἑκατέρων
1138 3527 1190 3560 ΒΓ
1203 3527 1216 3570 ΙΙ
1234 3529 1276 3561 22
1288 3526 1351 3569 τῆς
1416 3532 1526 3560 rect·-
1552 3527 1603 3561 V¹
1624 3527 1637 3571 Ι
1662 3530 1703 3562 19
1727 3527 1810 3569 legis
1830 3527 1893 3572 Vss
1915 3529 1957 3562 20
1980 3527 2077 3560 saetis
2102 3524 2151 3559 T¹
2173 3524 2188 3567 Ι
2211 3524 2272 3564 Vir]
2297 3534 2376 3557 uero
2400 3525 2447 3558 R'
2471 3525 2485 3571 ΙΙ

281 3571 452 3613 προτέρας
482 3567 669 3604 ἀποτεκών
699 3568 869 3612 ἀπῆλθεν
898 3571 929 3603 L
958 3570 964 3614 Ι
998 3572 1040 3605 23
1069 3575 1272 3618 περιουσίας
1302 3571 1350 3605 L¹
1380 3593 1384 3629 Ι
1416 3582 1453 3604 ea
1476 3572 1524 3604 R¹
1541 3572 1554 3615 ΙΙ
1571 3572 1700 3614 deinde]
1725 3575 1757 3606 et
1776 3572 1895 3605 deinde
1922 3572 1978 3615 ΊῚ
1993 3572 2036 3619 22
2058 3569 2167 3603 adhuc
2189 3569 2344 3619 secunda]
2368 3569 2410 3603 ad
2433 3581 2483 3604 se-

282 3614 338 3653 (id.
363 3615 418 3655 28)
441 3615 453 3656 ΙΙ
479 3613 644 3657 ἐβούλετο
669 3614 730 3649 ΒΓ’
752 3617 763 3657 ΙΙ
788 3614 877 3661 γυνὴ
902 3616 936 3648 Β
959 3619 965 3658 Ι
1001 3617 1044 3652 24
1066 3617 1134 3659 τὴν
1157 3613 1350 3660 δεδομένην
1380 3633 1384 3674 Ι
1415 3616 1524 3650 cunda
1547 3617 1595 3650 Β*
1630 3617 1772 3651 seeundo
1799 3617 1907 3650 adhue
1938 3616 1972 3650 T
1993 3616 2007 3659 Ι
2043 3614 2086 3648 26
2114 3615 2147 3646 et
2178 3612 2327 3655 dubmm]
2363 3617 2396 3647 et
2423 3628 2481 3649 om,

282 3653 369 3699 παρ’
393 3654 497 3699 αὐτῆς
524 3660 570 3692 Β·
587 3662 599 3702 u
624 3657 730 3702 αὐτῆς
757 3660 1030 3694 ΟΟΕΗείιηὸασΙι
1055 3674 1094 3695 ex
1117 3673 1136 3697 ς
1151 3662 1163 3705 ΙΙ
1190 3663 1232 3696 25
1255 3672 1284 3694 π
1335 3656 1346 3670 ’
1379 3678 1383 3701 1
1414 3661 1500 3694 R¹T
1513 3661 1526 3705 n
1541 3664 1650 3695 atrum
1670 3662 1720 3696 1⁷¹
1736 3661 1749 3706 Ι
1766 3663 1808 3696 2'1
1832 3662 1984 3704 oportere
2003 3658 2051 3693 V¹
2073 3659 2203 3700 oportet
2222 3657 2275 3699 173
2289 3658 2302 3706 ΙΙ
2320 3660 2380 3704 leq.
2396 3660 2482 3694 filios

281 3698 367 3744 ἡμῖν
379 3702 437 3735 Bu
467 3704 517 3746 Cf.
534 3704 610 3736 cod.
625 3706 754 3746 8,1“1,1·).
776 3705 790 3747 Ι
811 3700 997 3751 ἀντέλεγεν
1010 3706 1057 3739 L¹
1082 3706 1096 3750 ss
1118 3707 1160 3740 26
1174 3702 1288 3750 αὐτὴν
1338 3707 1347 3726 “
1380 3709 1383 3744 ί
1413 3704 1570 3750 <ἰΙίἰιιε>ῗ
