2618 4010
268 113 375 158 Nov.
407 113 534 156 XXII
564 115 617 156 46

267 237 344 259 των
368 226 537 258 ἐναντίον
566 236 603 258 τι
627 220 686 266 διη
710 221 845 270 ὀρευον.
897 221 1037 269 Ταύτην
1063 221 1167 269 ἡμῶν
1196 222 1265 268 τὴν
1288 237 1343 259 νο-

268 270 452 315 μοθεσίαν
478 271 606 314 κυρίαν
637 236 710 303 καῖ
720 271 788 304 νῦν
810 271 932 312 μένειν
956 272 1016 305 ἐπὶ
1035 269 1161 314 μόναις
1179 273 1257 304 ταῖς
1276 268 1344 314 ἤδη

268 313 358 367 πρὸς
380 311 548 360 δεύτερον
572 312 765 349 ἐλθούσαις
782 311 900 362 γάμον
918 315 1145 359 θεσπίζομεν
1163 317 1227 348 καί
1243 326 1345 350 τινας

267 372 347 394 των
381 358 525 392 οἰκείων
559 355 830 404 διαδεξαμέναις
861 358 1025 400 παίδων,
1061 361 1102 393 ἐν
1130 362 1270 403 βεβαίῳ
1304 373 1344 394 τε

268 401 392 437 αὐταῖς
421 400 673 449 φυλάττεσθαι
701 407 762 439 καὶ
786 403 877 439 κατὰ
907 404 973 439 τὸν
996 404 1074 447 ἑξῆς
1097 403 1242 451 χρόνον,
1273 404 1345 439 εἴτε

268 447 339 494 πρὸ
369 447 448 482 τῶν
477 445 608 501 γάμων
637 449 708 484 εἴτε
738 448 828 494 μετὰ
860 448 942 484 τοὺς
971 447 1102 496 γάμους
1125 447 1190 483 τὸν
1213 447 1344 496 κλῆρον

270 495 318 527 εἰς
342 490 451 527 αὐτὰς
479 505 544 528 του
574 491 703 529 παιδὸς
734 494 999 537 κατενεχθῆναι
1030 496 1173 539 συνέβη.
1236 494 1283 528 Τὰ
1307 491 1347 527 δὲ

269 540 331 571 ἐπὶ
362 540 441 572 ταῖς
468 537 561 582 μετὰ
590 540 707 573 ταῦτα
730 540 778 574 εἰς
806 537 970 583 δευτέρου
994 538 1194 584 φοιτώσαις
1216 535 1347 584 ἀνδρὸς

268 574 370 617 οὗτος
390 579 475 627 ἡμῖν
497 579 517 617 ὁ
540 582 672 639 παρών
694 581 802 629 νόμος
825 581 994 636 τυπούτω
1013 596 1054 618 τε
1070 586 1130 617 καὶ
1149 581 1344 627 διαθεσμο-

1290 173 1305 177 w
1343 108 1423 157 περ

2216 128 2277 159 DE
2305 127 2482 160 NUPTIIS

1425 172 1579 180 -.—<-.-

1414 225 1512 260 bant.
1549 224 1653 260 Hanc
1670 226 1830 262 nostram
1847 226 2066 263 sanctionem
2089 226 2227 263 firmam
2251 227 2357 262 etiam
2375 227 2481 263 modo

1413 278 1556 322 manere
1575 279 1682 314 super
1702 269 1798 306 solas
1816 280 1907 316 quae
1924 271 2057 308 dudum
2076 273 2122 308 ad
2142 272 2336 308 secundum
2355 282 2482 308 venere

1412 314 1675 350 matrimonium
1705 314 1884 352 sancimus
1912 319 1949 353 et
1971 318 2142 362 quosdam
2171 317 2397 363 propriorum
2419 327 2481 352 ac-

1415 359 1584 404 cipientes
1608 358 1782 403 filiorum,
1812 359 1912 396 firme
1941 362 1992 397 eis
2023 364 2204 398 servantes
2228 366 2265 398 et
2288 361 2482 398 secuudum

1381 406 1400 438 5
1414 404 1584 449 deinceps
1609 408 1760 449 tempus,
1784 404 1861 439 sive
1882 408 1966 441 ante
1983 417 2031 442 nu
2058 408 2127 443 tias
2145 408 2218 443 sive
2236 411 2320 452 post
2339 407 2483 452 nuptias

1413 448 1646 484 hereditatem
1669 449 1707 484 in
1730 448 1781 484 eis
1805 447 1870 484 filii
1892 449 2019 486 descen
2047 451 2056 460 ⁰
2079 462 2117 488 se
2142 452 2301 497 contigit.
2348 452 2404 487 De
2426 451 2483 486 his

1415 497 1535 528 autem
1560 503 1652 538 quae
1676 496 1759 538 post
1785 494 1875 529 haec
1904 494 1951 531 ad
1973 497 2166 532 secundum
2191 498 2336 532 veniunt
2359 497 2483 538 virum,

1415 538 1466 573 ita
1482 538 1586 574 nobis
1607 547 1777 583 praesens
1798 538 1855 574 lex
1874 538 2085 584 disponatur
2100 546 2136 577 et
2156 542 2349 577 sanciatur.
2386 540 2482 585 Ergo

1415 593 1562 619 necesse
1585 587 1641 619 est
1663 583 1736 619 filio
1760 583 1934 619 moriente
1967 584 2040 621 sive
2062 586 2221 622 masculo
2245 587 2317 622 sive
2339 586 2481 639 femina,

269 628 438 662 θετείτω.
486 625 624 663 Οὐκοῦν
647 628 782 682 ανᾴγκη
807 641 872 663 τον
891 626 1005 663 παῖδα
1025 627 1251 663 τελευτῶντα
1275 628 1346 663 εἴτε
1362 629 1402 661 10
1416 628 1490 664 sive
1524 630 1676 664 testatus
1707 628 1880 664 moriatur
1903 628 1976 664 sive
1999 629 2104 666 etiam
2127 631 2203 667 sine
2221 632 2309 667 hoc:
2345 631 2483 667 interim

267 670 401 720 ἄρρενα
420 673 491 708 εἴτε
511 672 665 717 θήλειαν
689 687 710 717 η
736 675 795 709 ἐπὶ
823 671 1016 716 διαθήκαις
1037 672 1206 708 τελευτᾶν
1224 670 1246 717 ἢ
1267 673 1345 708 τού·

268 731 347 753 των
364 721 489 764 χωρίς·
513 722 603 753 τέως
623 712 689 752 οὖν
707 717 753 753 τὰ
776 720 815 751 ἐκ
833 716 1028 774 διαθηκῶν
1047 717 1210 753 εἰπόντες
1231 714 1346 753 οὕτως

268 764 289 799 1
345 764 406 798 ἐπὶ
428 761 497 807 τὴν
519 764 558 805 ἐξ
580 761 778 798 ἀδιαθέτου
802 762 906 804 τάξιν
929 760 1034 808 αφιξό
1063 763 1146 798 εθα.
1206 764 1252 797 Εἰ
1273 767 1345 798 τοί-

269 821 337 842 νυν
358 811 518 852 νομίμως
540 805 560 843 d
584 812 669 844 παῖς
692 806 907 852 διαθέμενος
927 777 1062 842 navali

1415 683 1453 708 er
1477 683 1498 708 o
1530 683 1574 708 ca
1605 683 1696 719 quae
1729 683 1773 708 ex
1803 675 2015 710 testamento
2049 677 2134 710 sunt
2167 676 2325 712 dicentes
2355 676 2406 714 ita
2437 676 2484 711 ad

1415 728 1455 754 or
1480 718 1572 753 inem
1595 719 1655 764 qui
1679 718 1726 754 ab
1750 718 1919 753 intestato
1943 720 2000 754 est
2021 720 2210 757 veniemus.

1414 765 1434 798 1
1481 763 1518 798 Si
1542 763 1650 808 igitur
1669 763 1821 808 legitime
1841 763 1936 798 filius
1956 766 2107 800 testatus
2124 764 2232 801 fuerit
2251 770 2286 802 et
2306 765 2486 811 relinquat

1061 812 1154 863 ίψειΙε
1173 809 1218 856 τῇ
1236 811 1346 855 μητρὶ
1413 808 1518 843 matri
1551 808 1788 844 substantiam
1820 808 1893 843 sive
1924 810 2061 853 partem
2084 809 2159 845 eius
2184 811 2358 855 aliquam,
2391 811 2485 845 hanc

269 851 338 895 τὴν
361 852 490 887 οὐσίαν
513 851 535 897 ἢ
558 856 618 888 καὶ
640 856 771 899 μοῖραν
794 851 926 895 ταύτης
948 851 1047 895 τινά,
1070 866 1210 897 ταυτην
1230 856 1346 896 ἐκείνη
1360 854 1399 886 15
1413 852 1475 888 illa
1498 853 1654 899 accipiat
1684 863 1748 899 per
1772 853 2004 899 scripturam,
2038 854 2121 899 quia
2143 855 2274 900 ubique
2305 855 2486 891 custodire

270 896 487 942 λαμβανέτω
524 896 585 932 διὰ
616 898 684 942 τὴν
714 896 858 952 γραφήν
893 896 1032 941 (ἐπειδὴ
1065 899 1252 942 πανταχοῦ
1283 912 1345 944 φυ-

271 941 472 977 λάττεσθαι
492 942 555 978 τὰς
576 944 654 977 τῶν
673 942 931 995 τελευτωντων
947 941 1158 988 βουλόμεθα
1175 940 1346 991 γνώμας),

270 991 331 1022 καὶ
355 990 464 1031 ἐχέτω
488 986 530 1022 τὸ
555 986 878 1032 καταλελειμμένον
901 1000 924 1030 η
946 986 1141 1033 δεδομένον
1171 991 1232 1022 καὶ
1255 987 1346 1023 κατὰ

270 1030 487 1068 δεσποτείαν
510 1035 570 1067 καὶ
593 1033 686 1067 κατὰ
708 1034 845 1079 χρῆσιν.
894 1030 1011 1079 ὥςπερ
1041 1033 1215 1087 γὰρκέξῆν
1238 1047 1345 1068 κατα-

1414 898 1637 934 morientium
1656 899 1818 934 volumus
1847 899 2059 941 voluntates,
2093 901 2130 934 et
2151 899 2283 936 habeat
2315 901 2411 946 quod
2434 901 2485 936 di-

1414 943 1560 979 missum
1581 947 1636 979 est
1659 948 1723 979 aut
1745 944 1866 979 datum
1897 948 1933 979 et
1957 943 2151 979 secundum
2174 955 2239 989 pro
2264 945 2425 981 rietatem
2449 950 2486 980 et

1415 988 1611 1024 secundum
1634 999 1750 1024 usum.
1799 988 1900 1024 Sicut
1923 989 2017 1024 enim
2041 988 2172 1024 licebat
2196 999 2235 1025 re
2288 1000 2396 1034 quere
2419 990 2485 1025 ali-

1415 1034 1473 1068 cui
1498 1036 1748 1069 extraneorum
1773 1036 1808 1069 et
1831 1034 1919 1069 nihil
1943 1034 2108 1069 heredem
2131 1034 2311 1070 secundae
2329 1035 2486 1071 mulieris

271 1075 461 1122 λιμπάνειν
490 1080 564 1112 τινὶ
592 1078 671 1111 τῶν
699 1078 846 1119 ἔξωθεν
876 1081 937 1112 καὶ
961 1076 1065 1112 οὐδὲν
1087 1092 1154 1131 τον
1181 1077 1344 1124 κληρονό-
1359 1079 1401 1111 20
1414 1079 1592 1114 nocebant
1616 1079 1775 1124 nuptiae,
1805 1079 1857 1114 ita
1881 1082 1916 1114 et
1939 1079 2043 1114 matri
2067 1079 2316 1124 derelinquens
2338 1079 2410 1115 sive
2431 1079 2486 1115 in·

269 1135 340 1167 μον
364 1119 383 1157 ὁ
407 1120 568 1169 δεύτερος
596 1123 730 1165 ἐκείνης
751 1122 912 1168 ἔβλαπτε
940 1121 1064 1170 γάμος,
1097 1121 1193 1159 οὕτω
1217 1127 1277 1158 καὶ
1299 1125 1344 1171 τῇ

269 1170 378 1214 μητρὶ
409 1165 623 1202 καταλιπὼν
654 1165 676 1211 ἢ
704 1167 954 1203 καταλιποῦσα
985 1169 1057 1203 εἴτε
1080 1172 1252 1204 ἔνστασιν
1274 1170 1346 1203 εἴτε

271 1215 464 1266 πρεσβεῖον
482 1210 608 1268 ὀρθῶς
623 1212 928 1257 καταλιμπανέτω
944 1216 1004 1248 καὶ
1021 1213 1113 1248 κατὰ
1131 1213 1345 1249 δεσποτείαν

1413 1123 1635 1159 stitutionem
1663 1124 1736 1160 sive
1765 1124 1920 1168 legatum
1944 1128 2042 1159 recte
2070 1124 2293 1169 derelinquat
2316 1128 2353 1159 et
2376 1124 2486 1160 domi-

1413 1168 1511 1204 nium
1535 1172 1570 1204 et
1589 1179 1712 1212 usum,
1747 1169 1822 1204 sive
1855 1180 1899 1204 ex
1927 1169 2033 1205 rebus
2069 1179 2160 1214 quae
2182 1169 2405 1205 extrinsecus
2425 1170 2488 1204 ad·

1413 1216 1584 1249 venerunt
1618 1213 1728 1250 fuerit
1758 1214 1912 1250 facultas
1946 1214 2020 1249 sive
2052 1224 2096 1249 ex
2119 1215 2296 1259 paternis,
2325 1214 2414 1251 nihil
2445 1224 2489 1249 ex

270 1260 330 1291 καὶ
349 1270 486 1304 χρησιν,
511 1270 583 1292 ειτε
606 1259 645 1291 ἐκ
667 1259 746 1292 τῶν
765 1258 909 1299 ἔξωθεν
934 1255 1033 1303 αὐτῷ
1054 1261 1347 1305 προςγενομένων
1413 1258 1483 1294 hoc
1505 1258 1678 1294 fratribus
1699 1258 1946 1295 contradicere
1968 1259 2180 1295 valentibus.

269 1303 337 1357 εἴηἱ
359 1302 585 1356 πραγμάτων
620 1303 692 1337 εἴτε
725 1306 785 1337 καὶ
817 1306 854 1337 ἐκ
889 1305 968 1338 τῶν
1002 1303 1200 1350 πατρῴων,
1240 1302 1345 1338 οὐδὲν
1358 1304 1399 1338 25

270 1359 359 1394 προς
400 1361 508 1383 τουτο
547 1349 626 1382 τῶν
668 1345 838 1395 ἀδελφῶν
879 1346 1080 1395 ἀντιλέγειν
1122 1347 1344 1394 δυναμένων.

270 1393 294 1429 2
353 1394 398 1427 Ei
426 1392 466 1427 δὲ
497 1390 692 1428 ἀδιάθετος
723 1392 743 1427 ὁ
767 1397 850 1429 παῖς
872 1393 1132 1437 τελευτήσειεν,
1162 1392 1230 1437 ἤδη
1258 1394 1346 1440 πρὸς

271 1437 452 1484 δευτέρους
474 1437 649 1482 ἐλθούσης
671 1439 733 1483 τῆς
754 1437 887 1485 μητρὸς
913 1437 1044 1497 γάμους
1067 1438 1089 1482 ἢ
1112 1442 1172 1493 οιαὶ
1194 1435 1346 1486 ὕστερον

1414 1393 1438 1429 2
1494 1394 1531 1428 Si
1564 1395 1682 1428 autem
1714 1394 1907 1429 intestatus
1938 1393 2033 1429 filius
2054 1394 2236 1436 moriatur,
2268 1394 2338 1430 iam
2362 1394 2408 1430 ad
2432 1405 2488 1430 se-

1416 1438 1551 1474 cundas
1572 1439 1733 1474 veniente
1765 1443 1878 1474 matre
1901 1439 2049 1484 nuptias
2080 1443 2143 1474 aut
2166 1442 2293 1484 postea
2315 1440 2488 1482 veniente,

272 1486 476 1530 ἐρχομένης,
511 1482 696 1518 καλείσθω
730 1487 798 1529 μὲν
832 1487 892 1518 καὶ
929 1497 1018 1527 αυτη
1047 1497 1138 1529 μετα
1171 1485 1249 1519 τῶν
1282 1485 1347 1519 τοῦ
1415 1486 1563 1519 vocetur
1585 1483 1725 1529 quidem
1748 1488 1786 1519 et
1809 1484 1889 1529 ipsa
1911 1494 1991 1518 cum
2015 1483 2079 1518 filii
2112 1487 2176 1519 aut
2198 1484 2293 1520 filiae
2316 1484 2489 1521 fratribus

271 1522 400 1565 παιδὸς
433 1525 455 1571 ἢ
491 1530 553 1572 τῆς
587 1527 715 1563 παιδὸς
748 1527 918 1575 ἀδελφῶν
952 1530 989 1564 in
1026 1530 1146 1574 capita
1179 1527 1347 1572 δηλονότι
1361 1530 1402 1563 30
1417 1529 1613 1564 secundum
1642 1531 1801 1564 nostram
1835 1528 2126 1564 constitutionem
2163 1529 2208 1564 ab
2240 1529 2410 1565 intestato
2445 1529 2490 1564 ad

271 1573 363 1609 κατὰ
393 1573 462 1616 τὴν
492 1570 667 1620 ἡμετέραν
690 1572 856 1615 διάταξιν
885 1574 926 1615 ἐξ
949 1571 1145 1608 ἇδιαθέτου
1170 1574 1258 1620 πρὸς
1281 1575 1347 1617 τὴν
1416 1574 1493 1609 eius
1514 1574 1794 1617 successionem,
1821 1574 1883 1609 sed
1903 1577 2038 1618 quanta
2059 1574 2200 1618 quidem
2224 1577 2339 1619 [quae]
2364 1585 2408 1609 ex
2425 1584 2490 1620 pa-

271 1621 406 1654 ἑκείνου
429 1617 609 1662 διαδοχήν.
659 1616 754 1653 Ἀλλ’
780 1616 848 1654 ὅσα
871 1622 938 1663 μὲν
962 1621 1000 1653 ἐκ
1030 1619 1203 1666 πατρῴας
1229 1617 1348 1654 οὐσίας
1416 1623 1519 1654 terna
1540 1619 1742 1654 substantia
1761 1619 1807 1654 ad
1822 1619 1934 1654 filium
1951 1623 2201 1663 pervenerunt,
2222 1630 2343 1655 eorum
2359 1620 2488 1655 solum-

271 1666 320 1698 εἰς
349 1662 416 1699 τὸν
446 1662 561 1699 παῖδα
590 1663 801 1710 περιῆλθον,
830 1664 972 1699 τούτων
1002 1662 1119 1708 μόνην
1147 1666 1257 1707 ἐχέτω
1280 1663 1348 1708 τὴν
1415 1664 1520 1700 modo
1552 1664 1682 1699 habeat
1715 1674 1820 1699 usum
1850 1664 1896 1699 ad
1922 1663 2098 1699 secundas
2122 1664 2264 1700 omnino
2294 1665 2366 1700 sive
2390 1665 2489 1710 prius

270 1711 396 1755 χρῆσιν
419 1710 467 1743 εἰς
491 1707 673 1755 δευτέρους
696 1706 785 1744 ὅλως
808 1705 831 1752 ἢ
855 1711 1034 1756 πρότερον
1057 1708 1080 1753 ἢ
1101 1706 1253 1756 ὕστερον
1277 1708 1347 1756 ἀφ·
1416 1709 1490 1745 sive
1513 1713 1639 1754 postea
1666 1709 1811 1744 veniens
1836 1709 1999 1754 nuptum,
2031 1709 2069 1743 in
2096 1708 2246 1744 residuis
2270 1720 2352 1745 vero
2377 1710 2489 1745 omni-

272 1757 416 1799 ικομένη
446 1753 596 1801 γάμους·
631 1754 680 1789 εἰς
708 1751 748 1788 δὲ
779 1753 823 1789 τὰ
853 1753 961 1789 λοιπὰ
991 1753 1112 1790 πάντα
1142 1753 1347 1802 πράγματα,
1362 1757 1402 1788 35
1416 1755 1483 1790 bus
1501 1754 1620 1796 rebus,
1645 1764 1737 1799 quae
1757 1754 1901 1789 aliunde
1924 1757 2028 1789 erant
2050 1753 2123 1789 filio
2142 1758 2285 1799 praeter
2303 1757 2490 1800 paternam

272 1796 392 1834 ὁπόσα
407 1799 554 1840 ἔξωθεν
572 1792 617 1842 ἧν
631 1800 685 1843 τῷ
707 1797 812 1834 παιδὶ
833 1798 932 1845 παρὰ
950 1799 1018 1843 τὴν
1035 1801 1099 1834 τοῦ
1118 1800 1253 1845 πατρὸς
1272 1798 1347 1834 δια·
1416 1799 1699 1842 successionem,
1724 1799 1841 1834 veniat
1865 1799 2060 1835 secundum
2088 1799 2309 1835 vocationem
2331 1803 2490 1835 nostram

271 1843 396 1888 δοχὴν,
427 1845 593 1889 ἐρχέσθω
625 1843 717 1878 κατὰ
747 1843 813 1888 τὴν
844 1858 865 1878 κ
887 1846 970 1888 ῆσιν
992 1843 1058 1888 τὴν
1082 1842 1273 1891 ἡμετέραν,
1304 1841 1349 1888 ἣν
1440 1854 1523 1879 uam
1547 1844 1668 1880 statim
1692 1844 1859 1887 dicimus,
1888 1843 2042 1889 quadam
2066 1844 2288 1880 correctione
2312 1849 2348 1879 et
2369 1855 2413 1880 ea
2435 1846 2489 1880 in-

272 1887 402 1924 αὖτίκα
431 1890 581 1936 ἐροῦμεν
611 1888 708 1924 τινος
731 1888 1023 1934 ἐπανορθώσεως
1053 1893 1114 1923 καὶ
1138 1888 1250 1933 αὐτὴν
1274 1888 1349 1924 δεο-
1417 1855 1569 1934 ἓὶςθιιῒθ.
1605 1889 1655 1924 Et
1676 1889 1765 1925 haec
1786 1889 1936 1924 dicimus
1958 1889 1994 1923 in
2008 1889 2116 1925 rebus
2129 1899 2220 1933 quae
2233 1893 2337 1925 extra
2347 1890 2489 1935 nuptia-

271 1937 394 1979 μένην.
448 1938 522 1969 Καὶ
552 1935 670 1968 ταῦτα
705 1937 824 1980 φαμὲν
855 1936 917 1969 ἐπὶ
952 1938 1025 1969 τοῖς
1056 1932 1241 1981 πράγμασι
1276 1938 1348 1969 τοῖς
1415 1935 1483 1970 lem
1499 1934 1726 1970 donationem
1746 1937 1841 1969 sunt.
1879 1934 1978 1979 Quae
1996 1934 2088 1969 euim
2109 1934 2234 1970 inillis
2253 1935 2391 1971 sancita
2408 1939 2491 1971 sunt

272 1980 347 2021 ἔξω
368 1980 430 2023 τῆς
453 1983 694 2027 προγαμιαίας
717 1977 862 2026 δωρεᾶς.
892 1979 939 2014 τὰ
961 1979 1030 2027 γὰρ
1054 1976 1115 2014 ἐπ’
1141 1981 1274 2022 ἐκείνης
1296 1993 1350 2014 νε·
1363 1982 1406 2014 40

297 2081 342 2106 ue
375 2073 459 2105 rata
489 2074 634 2105 maneat
667 2069 706 2104 in
740 2069 787 2104 iis
821 2070 910 2104 solis
947 2070 1146 2112 sancimus,
1187 2079 1280 2115 quae
1318 2068 1390 2103 iam
1428 2068 1607 2105 secundas
1641 2069 1790 2115 nuptias
1823 2068 1985 2105 inierunt
2023 2073 2060 2105 et
2095 2069 2309 2114 quibusdam
2343 2080 2492 2106 suorum

292 2115 467 2151 'berorum
489 2117 753 2156 successerunt,
784 2118 825 2149 ut
851 2125 895 2150 ue
922 2114 1032 2159 firma
1061 2114 1108 2148 iis
1130 2114 1239 2150 etiam
1268 2113 1307 2147 in
1336 2114 1505 2158 futurum
1538 2117 1675 2160 tempus
1703 2118 1877 2156 servetur,
1909 2114 1983 2149 sive
2013 2118 2098 2149 ante
2123 2114 2272 2160 nuptias
2303 2115 2378 2150 sive
2402 2121 2492 2162 post

271 2160 421 2207 nuptias
443 2158 674 2196 hereditatem
694 2159 766 2204 filii
789 2170 812 2194 a
859 2170 922 2194 eas
945 2158 1087 2205 deferri
1108 2158 1311 2204 eontiqerit.
1358 2157 1413 2193 De
1435 2158 1481 2193 iis
1503 2169 1587 2194 vero
1611 2169 1705 2204 quae
1726 2157 1881 2204 posthac
1904 2159 1954 2193 ad
1971 2157 2166 2194 secundum
2186 2159 2354 2194 maritum
2372 2163 2490 2195 trans-

270 2206 390 2241 iturae
418 2208 522 2247 sunt,
554 2204 642 2240 haec
665 2203 770 2239 nobis
793 2214 971 2251 praesens
993 2203 1056 2239 lex
1079 2203 1276 2239 constituat
1299 2206 1335 2238 et
1356 2203 1509 2238 sanciat.
1567 2203 1685 2248 Atque
1707 2213 1849 2238 necesse
1872 2207 1926 2238 est
1942 2202 2088 2250 prolem
2109 2214 2204 2248 quae
2226 2204 2391 2246 moritur,
2417 2205 2492 2240 sive

271 2249 469 2286 masculam
492 2249 566 2285 sive
586 2249 781 2295 feminam,
811 2253 877 2284 aut
906 2252 1072 2284 testatam
1102 2248 1199 2283 mori
1227 2252 1292 2282 aut
1319 2248 1545 2283 intestatum:
1573 2247 1872 2294 pm‘mum‘iqitur
1895 2247 1940 2282 iis
1963 2258 2055 2293 quae
2086 2258 2136 2283 ex
2159 2249 2379 2284 testamentis
2405 2255 2492 2284 sunt

269 2297 292 2331 1
360 2294 541 2341 expositis
578 2293 747 2341 deinceps
785 2293 836 2329 ad
872 2293 1034 2330 ordinem
1070 2293 1115 2329 ab
1146 2294 1317 2328 intestato
1354 2292 1541 2328 veniemus,
1637 2291 1768 2338 Itaque
1805 2293 1838 2327 si
1871 2292 1973 2337 filius
2006 2292 2161 2338 leqitime
2200 2296 2351 2328 testatus
2382 2295 2491 2329 matri

270 2339 509 2376 substantiam
538 2339 595 2376 vel
623 2339 731 2375 etiam
754 2342 902 2386 partem
932 2339 1009 2375 eius
1042 2338 1202 2385 aliquam
1232 2337 1438 2384 reliquerit,
1470 2336 1565 2373 lianc
1597 2337 1663 2372 illa
1695 2337 1853 2383 accipiat
1873 2348 1949 2383 pro
1979 2340 2032 2372 ter
2059 2337 2278 2383 scripturam
2308 2338 2492 2384 (quoniam

271 2385 529 2431 defunctorum
551 2384 757 2421 voluntates
787 2384 912 2431 utique
942 2384 1085 2420 servari
1113 2383 1309 2426 volumus),
1341 2387 1451 2429 atque
1481 2382 1558 2418 eius
1581 2381 1681 2434 quod
1701 2382 1866 2417 relictum
1894 2349 2096 2434 velpdatum
2125 2386 2178 2417 est
2201 2386 2273 2417 tam
2296 2382 2493 2418 dominium

272 2441 381 2477 quam
400 2429 668 2482 usumfructum
691 2428 831 2466 habeat.
889 2427 1194 2472 Quemadmodum
1218 2428 1312 2464 enim
1335 2432 1512 2464 extraneo
1536 2427 1648 2462 alicui
1674 2427 1879 2473 relinquere
1902 2426 2033 2463 licebat
2067 2437 2132 2462 nec
2180 2428 2348 2473 uicquam
2371 2427 2494 2463 heredi

271 2475 466 2512 secundum
490 2474 590 2510 illius
619 2474 887 2511 matrimonium
917 2473 1089 2516 nocebat,
1120 2474 1173 2509 ita
1196 2473 1304 2509 etiam
1329 2473 1391 2519 qui
1415 2483 1549 2519 quaeve
1575 2472 1684 2508 matri
1707 2472 1781 2508 sive
1803 2471 2036 2508 hereditatem
2058 2472 2132 2507 sive
2167 2477 2311 2518 eqatum
2333 2472 2492 2524 reliquit,

270 2524 368 2557 recte
391 2520 576 2567 relinquat
599 2523 671 2556 tam
694 2520 732 2555 in
748 2519 1017 2567 proprietatem
1041 2530 1150 2566 quam
1173 2519 1212 2553 in
1234 2519 1517 2565 usumfructum,
1546 2517 1621 2554 sive
1650 2516 1690 2552 id
1718 2517 1766 2553 sit
1794 2527 1844 2553 ea·
1873 2517 1981 2553 rebus
2011 2527 2106 2569 quae
2128 2517 2354 2553 extrinsecus
2377 2528 2408 2553 ei
2432 2517 2492 2553 ob·

271 2566 297 2603 2
350 2569 525 2602 venerunt
545 2565 619 2602 sive
641 2565 748 2600 etiam
769 2575 820 2601 ex
841 2565 1018 2611 paternis,
1042 2575 1128 2600 neve
1149 2563 1332 2610 fratribus
1355 2563 1547 2609 quicquam
1570 2562 1743 2598 adversus
1766 2561 1835 2598 hoc
1854 2561 2103 2597 contradicere
2127 2561 2242 2597 liceat.
2316 2562 2383 2597 Sin
2407 2573 2491 2598 vero

271 2612 465 2647 intestatus
481 2610 583 2656 filius
605 2610 814 2653 decesserit,
846 2620 924 2645 cum
953 2613 1068 2645 mater
1098 2610 1171 2644 iam
1202 2608 1252 2644 ad
1280 2608 1458 2645 secundas
1483 2607 1632 2654 nuptias
1655 2607 1791 2643 venerit
1817 2607 1875 2642 vel
1895 2607 2002 2643 etiam
2023 2610 2155 2657 postea
2173 2606 2312 2649 veniat,
2344 2611 2492 2643 vocetur

273 2655 416 2703 quidem
442 2659 479 2692 et
503 2655 586 2703 ipsa
611 2666 692 2690 cum
712 2655 783 2700 filii
798 2654 942 2701 filiaeve
963 2655 1147 2701 fratribus
1169 2654 1208 2689 in
1231 2654 1356 2701 capita
1378 2653 1515 2689 scilicet
1535 2651 1728 2688 secundum
1753 2656 1916 2687 nostram
1939 2651 2228 2686 constitutionem
2252 2650 2297 2687 ab
2319 2651 2491 2688 intestato

271 2701 323 2738 ad
350 2701 450 2737 illius
480 2700 750 2736 successionem.
821 2699 894 2736 Sed
923 2710 1170 2746 quaecumque
1199 2710 1248 2735 ea:
1271 2703 1435 2745 paterna
1465 2697 1667 2734 substantia
1702 2696 1751 2732 ad
1775 2696 1891 2742 filium
1918 2700 2181 2748 pervenerunt,
2214 2706 2339 2732 eorum
2374 2697 2491 2732 solum

272 2746 405 2783 habeat
436 2745 723 2791 usumfructum,
761 2756 855 2792 quae
891 2745 1036 2781 omnino
1075 2744 1253 2780 secundas
1287 2743 1437 2790 nuptias
1471 2746 1536 2778 aut
1569 2747 1678 2777 antea
1715 2746 1780 2777 aut
1806 2746 1941 2788 postea
1977 2744 2116 2776 inient:
2139 2740 2212 2792 „ad
2249 2746 2368 2777 cetera
2406 2752 2491 2778 vero

273 2793 369 2828 bona
402 2791 541 2833 omnia,
576 2801 822 2837 quaecumque
846 2790 926 2836 filio
957 2790 1186 2826 extrinsecus
1217 2793 1325 2825 erant
1347 2791 1498 2836 praeter
1524 2791 1720 2834 paternam
1754 2787 2031 2828 successionem,
2066 2791 2185 2822 vemat
2214 2786 2407 2822 secundum
2437 2788 2491 2822 in-

272 2836 479 2874 vitationem
503 2840 666 2871 nostram
687 2846 797 2882 quam
816 2835 939 2871 statim
962 2835 1121 2871 dicemus
1143 2834 1269 2887 aliqua
1292 2833 1517 2870 correctione
1539 2832 1657 2879 ipsam
1681 2842 1826 2878 quoque
1848 2835 2018 2878 eqentem.
2065 2831 2185 2877 Atque
2207 2829 2297 2867 haec
2319 2830 2364 2867 de
2385 2831 2492 2867 rebus

272 2881 424 2918 dicimus
444 2891 538 2928 quae
559 2884 645 2917 sunt
667 2884 776 2917 extra
798 2880 1083 2928 antenuptialem
1104 2879 1345 2916 donationem.

323 2974 337 3007 1
363 2973 513 3006 ἐναντία
535 2968 741 3018 διηγόρευον
766 2971 811 3005 B¹
836 2971 849 3015 11
870 2968 956 3015 ἡμῖν
979 2971 1028 3004 L²
1057 2970 1070 3016 11
1098 2972 1117 3004 2
1148 2972 1208 3004 καὶ
1231 2970 1297 3024 vim
1319 2977 1349 3022 ft

272 3015 399 3062 μόναις
422 3017 543 3051 om.B¹
566 3017 578 3060 11
610 3020 628 3051 5
654 3015 731 3059 ἑξῆς
754 3017 826 3058 Me]
851 3016 890 3057 ἐξ
922 3012 931 3025 ’
957 3015 1018 3058 χῆς
1041 3016 1111 3050 LB
1137 3016 1150 3059 11
1177 3018 1194 3048 ’1
1223 3024 1349 3048 αυτους

274 3062 389 3106 L¹B1
407 3065 484 3106 'Isq-
514 3059 564 3095 Τὰ
586 3058 626 3095 δὲ
649 3081 682 3086 -—
703 3058 833 3108 ἀνδρὸς
856 3028 998 3105 ‘'m-1151„
1016 3062 1036 3095 8
1060 3060 1147 3095 *ἐπὶ
1169 3061 1225 3103 (cfi
1240 3061 1284 3101 ς)]
1309 3060 1349 3092 ἐν

275 3109 344 3142 LB
359 3107 372 3152 11
389 3106 438 3141 εἰς
461 3103 630 3151 δεύτερον
649 3104 830 3151 φοιτώσας
852 3102 999 3153 ἀνδρῶν
1015 3107 1060 3139 L¹
1083 3105 1279 3151 φοιτώσαις
1302 3104 1349 3137 εἰς

275 3151 439 3198 δευτέρου
457 3149 585 3197 ἀνδρὸς
598 3152 644 3186 Bl
667 3152 714 3185 εἰς
733 3148 899 3198 δεύτερον
921 3148 1118 3207 φοιτώσαις
1135 3147 1250 3196 ἄνδρα
1271 3149 1322 3183 B!
1338 3149 1350 3194 11

274 3201 295 3232 9
319 3188 420 3231 οὗτος
444 3198 529 3239 ML]
553 3192 667 3231 οὕτως
690 3197 748 3234 Bc
775 3197 788 3241 11
815 3208 986 3230 τυπουτω
1009 3207 1050 3229 τε
1072 3197 1131 3229 καὶ
1155 3193 1349 3273 &ustaza-

1315 3253 1349 3272 v·

275 3242 445 3284 θετείτω]
470 3242 665 3286 disponatur
679 3245 711 3275 et
722 3243 891 3275 sanciatur
904 3241 1020 3320 ςὲτε]
1045 3238 1085 3274 δὲ
1101 3241 1147 3275 L¹
1166 3241 1179 3284 11
1197 3242 1237 3276 13
1259 3241 1276 3272 ἐ

275 3286 418 3331 σόμεθα
443 3287 509 3332 Bu
539 3288 580 3322 18
601 3283 624 3331 ἢ
643 3283 835 3343 δεδομένον
859 3300 918 3339 om.
991 3286 1003 3331 11
1030 3288 1073 3321 24
1098 3283 1197 3329 αὐτῷ
1223 3299 1280 3320 om.
1296 3297 1315 3321 ς
1339 3286 1343 3327 1

276 3343 326 3409 3⁷⁰
327 3334 565 3419 ⁰⁶1³“2‘112‘1'2'Zf52‘2'5
577 3332 626 3411 ῗξῖ
639 3331 1106 3422 ³11²{s⁸‘’}323¹525¹2¹1t27{⁸⁰}¹0¹22⁸3v2
1115 3331 1128 3375 '¹
1136 3333 1206 3418 ἕξει
1217 3331 1351 3420 ἶιῖὶξὸὲ

278 3420 329 3471 Β]
349 3422 408 3462 τῆς
429 3421 561 3469 μητρὸς
583 3419 760 3464 ἐλθούσης
781 3419 913 3468 γάμους
936 3423 984 3455 Β*
1000 3421 1012 3466 11
1038 3417 1059 3463 ἣ
1084 3435 1141 3454 om.
1162 3420 1238 3465 L¹n
1263 3422 1305 3455 30
1330 3417 1351 3462 ἢ

277 3474 338 3505 της
362 3464 488 3500 παιδὸς
512 3481 570 3502 om.
583 3468 619 3501 B
635 3467 648 3511 11
665 3463 834 3512 ἀδελφῶν
853 3467 924 3507 Mc]
949 3462 1045 3508 ἢκαὶ
1069 3462 1351 3511 ἀδελφοπαίδων

279 3510 356 3541 add.
370 3510 438 3543 LB
454 3512 466 3554 11
484 3513 519 3544 in
535 3513 645 3555 capita
665 3509 831 3554 δηλονότι
849 3512 906 3552 Μ]
927 3512 1171 3555 προσωπικῶς
1185 3508 1352 3554 δηλονότι

279 3553 360 3593 LB,
373 3566 458 3591 oms
476 3555 488 3598 11
504 3558 546 3590 33
566 3555 686 3591 τούτω
698 3557 744 3591 L¹
761 3556 867 3591 τοῦτο
883 3556 940 3589 M⁰
958 3558 971 3600 11
985 3555 1100 3599 μόνον
1112 3557 1144 3590 L
1160 3556 1173 3600 11
1191 3558 1234 3592 34
1253 3555 1352 3599 πρῶ·

278 3597 419 3679 ῗὲςΒΙ
442 3599 455 3642 11
477 3597 715 3646 ἀφικνουμένη
740 3602 772 3637 L
798 3602 811 3647 11
839 3603 884 3636 40
909 3602 1040 3643 ἐκείνης
1065 3600 1170 3643 ΜΒ’]
1206 3601 1352 3635 ἐκείνοις

1404 2877 1499 2914 Nam
1523 2877 1567 2913 de
1590 2877 1655 2913 illa
1687 2888 1781 2923 quae
1812 2887 1835 2912 a
1866 2876 1970 2912 nobis
2001 2879 2037 2912 et
2058 2880 2248 2922 praeterea
2269 2887 2337 2922 per
2359 2875 2492 2912 Leonis

1466 2971 1478 3001 1
1503 2968 1613 3009 Hauc]
1634 2970 1743 3000 autem
1765 2970 1819 3008 (asi
1832 2967 1895 3010 R2)
1916 2967 1993 3000 add.
2007 2965 2057 2999 13²
2069 2967 2153 3010 vuly.
2173 2965 2186 3010 11
2201 2966 2297 3000 modo
2316 2966 2423 3010 suppl.
2442 2966 2492 3000 V¹

1418 3015 1449 3048 in
1462 3021 1547 3057 spat.
1560 3025 1630 3047 vac.
1654 3011 1667 3057 11
1689 3015 1708 3047 2
1731 3012 1792 3045 sub
1815 3011 1866 3046 Β*
1887 3010 1900 3055 11
1924 3022 2046 3045 uenere
2067 3010 2129 3052 1⁷²]
2154 3011 2270 3044 uenire
2288 3011 2412 3045 RVT¹
2437 3021 2492 3044 ve-

1416 3059 1529 3091 nerint
1549 3058 1633 3102 vuly.
1650 3061 1662 3101 11
1682 3060 1701 3092 3
1725 3058 1889 3091 sancimus
1908 3057 2007 3101 vul9.]
2030 3057 2196 3089 sanximus
2225 3057 2288 3090 VT
2305 3057 2492 3090 sancximuu

1418 3105 1450 3138 R
1465 3105 1478 3147 fl
1495 3103 1651 3145 quasdam
1665 3102 1763 3147 RVn
1780 3104 1801 3137 4
1819 3104 1863 3143 et]
1884 3102 1983 3134 etiam
2005 3101 2056 3135 V²
2067 3114 2093 3135 s.
2107 3114 2136 3135 υ.
2152 3102 2164 3142 11
2183 3105 2261 3144 5sq.
2281 3101 2434 3144 deinceps
2449 3121 2490 3126 —

1417 3149 1633 3182 hereditatem
1651 3150 1759 3192 suppl.
1781 3147 1829 3182 V²
1852 3149 1885 3181 in
1908 3155 1993 3191 spat.
2019 3159 2088 3180 vac.
2106 3146 2119 3190 11
2148 3148 2168 3180 6
2193 3146 2239 3179 eis
2267 3147 2343 3188 VT]
2367 3146 2438 3179 eius
2458 3146 2491 3180 R

1417 3204 1471 3227 eas
1493 3194 1577 3245 vulp.
1597 3192 1610 3238 11
1624 3193 1688 3226 filii
1711 3193 1760 3228 Β*
1773 3193 1875 3237 vuly]
1899 3191 1978 3224 filiis
2001 3191 2051 3225 13²
2061 3191 2148 3235 VTn
2173 3190 2340 3233 contingit
2359 3189 2415 3234 V!
2439 3191 2489 3223 De

1418 3240 1480 3280 his]
1495 3239 1657 3282 Deinceps
1669 3238 1719 3272 R¹
1737 3238 1750 3282 11
1765 3240 1783 3272 ’1
1810 3238 1958 3271 uirorum
1976 3238 2019 3270 V¹
2036 3236 2048 3280 11
2066 3238 2085 3271 8
2103 3236 2156 3270 lex
2173 3236 2290 3270 orn-13¹
2307 3235 2320 3279 Ι
2340 3237 2376 3270 11
2397 3237 2488 3276 ergo]

1418 3294 1496 3326 erga
1512 3284 1550 3325 V,
1575 3296 1632 3317 om.
1651 3285 1736 3328 vuly.
1754 3282 1767 3327 11
1789 3284 1826 3317 13
1850 3282 1978 3315 testatis
1999 3282 2047 3315 V¹
2065 3281 2077 3325 ΙΙ
2098 3283 2138 3316 14
2161 3281 2275 3314 matris
2296 3280 2346 3314 R¹
2363 3278 2376 3323 Ι
2391 3280 2488 3330 hanc]

1667 3329 1716 3406 15²
1734 3327 1746 3373 ¹¹
1771 3330 1922 3407 πεπι-
1933 3329 1978 3405 0121
2003 3330 2117 3360 -
2127 3329 2198 3404 ξεῖ,
2212 3324 2269 3402 εἴθ
2280 3326 2348 3402 a
2358 3324 2490 3414 hedi

1419 3420 1456 3453 21
1486 3373 1794 3461 dofsrfnssxssmzi'fftin
1819 3419 1860 3452 22
1886 3382 2155 3458 gergbffiequae
2176 3427 2234 3448 om.
2261 3414 2308 3447 Β*
2324 3392 2404 3456 '1⁹29
2429 3424 2488 3446 uo-

1418 3467 1513 3497 catur
1536 3463 1570 3497 R
1587 3462 1600 3508 11
1616 3463 1705 3506 quod
1729 3463 1777 3498 R¹
1793 3462 1805 3508 11
1823 3463 1893 3496 filio
1916 3463 1951 3496 R
1974 3461 2053 3495 filiis
2077 3459 2135 3504 Τ11
2158 3462 2198 3494 31
2224 3462 2380 3500 quantam
2404 3459 2453 3491 R¹
2477 3458 2489 3502 11

1419 3519 1503 3550 quae
1527 3521 1586 3543 om,
1609 3510 1695 3561 vulq.
1723 3506 1736 3553 11
1767 3509 1809 3542 32
1844 3518 1957 3541 eorum
1988 3506 2107 3546 haheat
2135 3503 2339 3537 solummodo
2369 3503 2490 3536 habeat

1419 3554 1466 3587 R¹
1494 3553 1506 3597 11
1533 3555 1575 3588 36
1600 3557 1739 3587 ueniant
1761 3552 1884 3597 RVT}
1921 3554 1962 3587 :37
1987 3550 2130 3584 dicemus
2152 3549 2239 3592 cuiq,
2264 3547 2319 3590 (al.
2345 3548 2490 3581 dicemus

1428 3598 1476 3631 V²
1499 3611 1525 3632 ε.
1539 3601 1582 3641 v.)
1598 3598 1613 3643 Ι
1629 3598 1867 3633 correctionem
1926 3599 1936 3619 ¹
1956 3594 2162 3637 correptione
2184 3594 2217 3627 R
2234 3591 2248 3638 Ι
2264 3594 2306 3627 38
2327 3593 2362 3625 in
2380 3593 2488 3635 rebus]

1419 3653 1519 3685 quam
1535 3645 1646 3677 statim
1662 3643 1803 3677 dicimus
1818 3641 1959 3685 quadam
1976 3638 2192 3674 consutiones
2213 3638 2347 3672 add.R¹
2365 3638 2378 3682 11
2393 3640 2489 3681 quae]

1419 3698 1517 3731 quam
1537 3688 1599 3732 13¹,
1622 3701 1681 3722 cm.
1703 3686 1754 3723 1⁷¹
