2618 4010
268 129 375 172 NOV.
407 129 447 171 11
475 131 504 170 4

1355 126 1405 173 16

1683 142 1742 174 NE
1772 144 1994 176 MULIERES
2023 144 2225 178 SECUNDO
2255 144 2497 180 NUBEN'PES—

1253 284 1409 320 CAPUT
1439 285 1499 321 lv.

314 355 385 385 Καὶ
410 353 531 397 ἕτερον
557 349 597 384 δὲ
624 351 669 397 τῇ
694 348 872 397 προφάσει
902 352 980 384 τῶν
1004 349 1342 397 δευτερογαιιουσῶν

266 397 447 442 γυναικῶν
481 398 540 428 καὶ
582 395 643 438 τῆς
682 399 920 442 προγαμιαίας
960 392 1093 441 δωρεᾶς
1130 395 1340 439 προςθεῖναι

267 444 340 474 τοῖς
364 439 576 484 ἐζιιπροσθεν
595 438 711 474 καλῶς
731 438 824 483 ἔχειν
844 438 1031 518 ᾠήθηλιὲεν.
1069 441 1150 473 Τῶν
1165 438 1232 487 γὰρ
1255 452 1340 492 προ.-

1010 483 1018 492 ³

265 488 381 531 τέρων
402 483 602 524 διατάξεων
621 486 856 530 παρεχουσῶν
879 487 938 519 ἐπι
979 497 1047 530 γην
1069 485 1113 531 τῇ
1134 486 1275 530 γυναικὶ
1295 497 1340 537 τῃ

267 527 439 575 δευτέροις
462 525 658 576 όμιλησάσῃ
677 527 810 576 γάμοις,
827 530 898 563 εἴτε
916 527 1112 572 βουληθείη
1133 527 1258 573 λαβεῖν
1274 541 1342 571 την

266 572 336 619 πρὸ
359 572 471 620 γάμου
494 571 651 620 δωρεάν,
678 573 845 608 καθόσον
865 575 982 626 ἐφίησι
1005 572 1050 607 τὰ
1070 572 1258 619 σύμφωνα,
1282 575 1341 606 καὶ

266 617 392 651 δοῦναι
419 621 492 652 τοῖς
523 621 650 653 παισὶν
676 615 885 664 ἀσφάλειαν,
914 629 961 652 ως
991 616 1196 651 τελευτῶσα
1225 618 1341 651 ταῦτα

265 661 571 706 ἀποκαθίστησιν,
607 663 679 697 εἴτε
706 660 746 697 οὐ
777 661 950 706 δυνηθείη
980 660 1105 696 δοῖναι
1135 661 1203 705 τὴν
1229 659 1341 708 ἀσφά-

266 706 365 760 λειαν
389 704 411 750 ἢ
433 706 480 751 μὴ
500 706 697 751 βουληθείη
716 707 834 750 τυχόν,
856 709 978 751 με’νειν
996 708 1063 750 μὲν
1083 706 1128 740 τὰ
1148 705 1342 754 πράγματα

1455 351 1564 403 Aliud
1588 361 1670 386 vero
1695 350 1873 405 quiddam·
1884 355 2072 391 occasione
2095 356 2251 393 secundo
2274 357 2481 393 nubentium

1410 396 1595 430 mulierum
1625 398 1661 429 et
1690 398 1944 441 antenuptialis
1967 399 2166 436 donationis
2191 402 2332 438 adicere
2354 403 2481 448 priori-

1410 440 1478 475 bus
1501 440 1591 474 bene
1611 449 1650 474 se
1666 439 1798 475 habere
1818 441 2040 480 credidimus.
2078 445 2209 482 PriscIs
2226 457 2378 492 namque
2397 457 2481 482 con-

1410 484 1654 519 stitutionibus
1682 484 1936 529 praebentibus
1968 488 2175 525 electionem
2202 492 2360 534 mulieri,
2391 501 2483 536 quac

1377 532 1395 562 5
1411 529 1458 563 ad
1487 528 1646 563 secunda
1673 533 1756 564 vota
1786 529 1982 573 descendit,
2013 533 2043 568 si
2072 535 2176 570 vellet
2206 536 2370 580 accipere
2399 541 2483 570 ante

1411 573 1554 618 nuptias
1571 573 1798 609 donationem
1816 575 2008 611 secundum
2026 578 2119 622 quod
2135 580 2343 624 permittunt
2361 585 2479 625 pacta,

1411 623 1446 652 et
1469 627 1646 663 exponere
1676 618 1757 653 filiis
1787 619 1986 655 cautionem
2017 622 2100 666 quia
2125 624 2278 660 moriens
2308 625 2397 660 haec
2430 635 2484 659 re-

1412 662 1596 705 stitueret,
1625 663 1698 698 sive
1731 674 1811 698 cum
1841 674 1913 699 non
1934 664 2068 701 valeret
2090 666 2175 702 darc
2199 669 2397 704 cautionem
2420 675 2484 704 aut

1411 708 1520 743 nollet
1553 708 1663 751 forte,
1695 714 1879 744 manerent
1910 709 2049 753 quidem
2071 721 2128 747 res
2151 713 2246 757 apud
2268 713 2360 749 filios
2384 717 2482 749 ante-

266 765 364 796 παρα
386 755 460 786 τοῖς
488 755 591 805 παισὶ
619 754 679 795 τῆς
709 756 947 798 προγαμιαίας
975 750 1126 807 δωρεᾶς,
1158 751 1273 786 τελεῖν
1303 751 1343 786 δὲ
1358 756 1398 788 10
1411 753 1579 797 nuptialis
1605 753 1818 795 donationis,
1844 754 2022 789 solverent
2043 760 2163 791 autem
2182 757 2215 792 ei
2236 758 2377 793 tertiam
2399 769 2483 804 par-

266 794 356 843 αὖτῇ
390 796 456 831 τὸν
485 795 557 831 ἀπο
592 801 715 845 τρίτου
745 799 869 843 μέρους
899 797 961 838 τῆς
994 797 1186 851 εκατοστῇς
1214 796 1341 831 τόκον·

265 838 360 885 ἡμεῖς
387 843 425 875 ἐκ
452 843 513 884 τῆς
535 843 613 875 τῶν
636 839 897 886 ἀναφυομένων
928 840 1111 884 ζητήσεων
1140 841 1342 890 ορμώμενοι

266 885 457 927 ποικιλίας,
487 884 679 931 ἐπειδήπερ
709 884 858 930 εὕρομεν
880 888 979 920 νέους
999 888 1059 919 ἐπὶ
1081 885 1200 930 τούτῳ
1225 884 1341 921 κινδυ-

264 930 449 984 νεύοντας,
474 932 533 974 τῆς
555 930 626 976 πρὸ
653 930 766 985 γάμου
796 928 930 982 δωρεᾶς
957 932 1002 985 ἐν,
1026 930 1205 978 χρήμασιν
1226 930 1342 974 οὔσης,

1410 801 1481 832 tem
1506 798 1719 833 centesimae
1749 809 1899 834 usurae:
1934 809 1999 834 nos
2031 809 2076 834 ex
2104 801 2349 853 quaestionum
2373 813 2483 838 emer·

1410 843 1564 886 gentium
1587 843 1759 878 varietate
1778 844 1882 887 moti,
1915 844 2080 888 quoniam
2106 846 2301 882 invenimus
2328 847 2482 883 minores

1410 887 1449 922 in
1464 887 1534 922 hoc
1552 888 1750 932 periculum
1773 889 1961 933 patientes,
1985 889 2220 934 antenuptiali
2236 890 2427 928 donatIone
2446 893 2482 927 in

1410 932 1571 976 pecuniis
1590 932 1774 975 existente,
1799 935 1836 968 et
1849 933 1930 969 illos
1951 943 2077 968 aurum
2097 934 2238 979 quidem
2255 945 2328 971 non
2349 936 2482 972 baben-

265 979 443 1027 κακεῖνους
452 979 611 1028 νχρυσίον
629 978 697 1019 μὲν
720 988 783 1009 ουκ
805 987 962 1029 εχοντας,
983 976 1282 1023 αναγκασθέντας
1303 974 1344 1010 δὲ
1359 980 1398 1012 15
1411 981 1477 1020 tes,
1502 981 1646 1013 coactos
1670 982 1789 1013 autem
1812 979 1931 1013 omnia
1953 983 2104 1023 paterna
2126 979 2288 1022 vendere,
2311 986 2485 1026 quatenus

264 1034 309 1054 τα
336 1033 491 1066 πατρῳα
520 1019 685 1062 πωλῆσαι
713 1020 850 1062 πάντα,
874 1018 973 1056 ὁπως
999 1018 1045 1055 ἂν
1068 1018 1195 1064 λυθείη
1217 1020 1260 1056 τὸ
1282 1022 1344 1064 τῆς

264 1069 504 1111 προγαμιαίας
524 1064 659 1098 δωοεᾶς
675 1063 827 1110 ὅφλνμα,
848 1069 1006 1112 καίτοιγε
1031 1063 1091 1101 ἐπ’
1109 1063 1234 1101 αὐτοὺς
1251 1064 1342 1100 κατὰ

263 1109 329 1143 τὸν
341 1108 451 1154 νόμον
464 1110 524 1151 τῆς
536 1098 606 1156 προ
616 1108 728 1155 γάμου
771 1110 882 1165 ωρεᾶς
898 1109 1140 1156 ἐλευσομένης·
1160 1109 1219 1145 διὰ
1235 1113 1342 1146 τοῦτο

265 1152 440 1207 ᾠήθημεν
460 1154 588 1199 χρῆναι
608 1153 780 1198 τοιαύτην
801 1155 927 1208 δοῦναι
949 1157 1005 1199 τῷ
1028 1155 1210 1203 πράγματι
1228 1155 1342 1197 τάξιν,

1412 1021 1653 1057 exsolveretur
1693 1023 1947 1068 antenuptialis
1988 1023 2187 1059 donationis
2223 1024 2400 1067 debitum,
2438 1026 2486 1060 ad

1412 1076 1474 1102 eos
1503 1067 1626 1112 utique
1656 1067 1850 1102 secundum
1881 1069 1994 1112 legem
2029 1069 2265 1113 antenuptiali
2295 1069 2487 1104 donatione

1412 1111 1591 1147 veniente:
1625 1117 1815 1156 propterea
1839 1113 2071 1148 iudicavimus
2095 1118 2261 1158 oportere
2284 1114 2379 1149 hunc
2402 1114 2487 1149 dare

1413 1156 1570 1191 ordinem
1594 1167 1743 1197 causae,
1768 1161 1817 1199 ut,
1843 1158 1873 1192 si
1897 1158 1974 1203 quis
1999 1159 2191 1194 contulerit
2212 1168 2270 1194 res
2294 1158 2487 1194 secundum

263 1201 323 1232 ἱνα
342 1199 379 1232 εἴ
390 1210 443 1251 ‘taff
459 1196 604 1254 ἐπιδοίη,
613 1197 807 1246 πράγματα
821 1205 1171 1255 καταιπρογαμιαίαν
1192 1199 1342 1255 δωρεάν.
1356 1204 1398 1236 20
1411 1202 1689 1246 antenuptialem
1722 1202 1969 1244 donationem,
2000 1204 2032 1238 Si
2056 1203 2195 1248 quidem
2218 1214 2340 1239 omnes
2362 1204 2486 1238 immo-

263 1245 295 1276 εί
320 1245 387 1287 μὲν
412 1256 563 1277 απαντα
585 1248 738 1287 ακίνητα
760 1245 999 1288 καθεστηκοι,
1019 1249 1123 1292 μένοι
1151 1259 1295 1280 τουτων
1321 1242 1343 1288 ἦ

261 1290 382 1331 χρῆσις
404 1287 503 1335 παρὰ
523 1289 568 1336 τῇ
587 1293 706 1345 μητρί,
727 1292 786 1323 καὶ
807 1287 898 1333 αὐτὴ
919 1291 1037 1324 ταῦτα
1058 1289 1193 1338 ἐκλέγοι
1214 1293 1273 1324 καὶ
1293 1290 1343 1335 μὴ

263 1336 478 1378 παραιτοῖτο
505 1331 596 1377 μηδὲ
616 1338 786 1377 απαιτοίη
809 1333 890 1369 τοὺς
912 1334 1044 1370 παῖδας
1067 1332 1157 1381 ὑπὲρ
1180 1337 1242 1379 τῆς
1262 1333 1341 1369 τού·

262 1391 339 1411 των
369 1375 618 1431 ἀποτιμησεως
648 1379 765 1421 τόκον,
796 1376 878 1413 ἀλλ’
905 1378 1109 1425 ἐπιμελοῖτό
1137 1394 1177 1414 τε
1208 1378 1342 1422 αὐτῶν,

1410 1246 1500 1281 biles
1525 1250 1619 1290 sunt,
1643 1252 1784 1281 maneat
1800 1247 1927 1282 horum
1947 1258 2034 1283 usus
2052 1248 2148 1293 apud
2165 1252 2324 1288 matrem,
2349 1253 2385 1283 et
2406 1249 2486 1293 ipsa

1411 1301 1491 1326 eum
1515 1292 1658 1335 colligat
1681 1294 1717 1326 et
1739 1302 1812 1327 non
1840 1295 1987 1337 respuat
2016 1303 2131 1338 neque
2161 1293 2281 1338 exigat
2302 1293 2394 1329 filios
2421 1304 2486 1338 pro

1411 1336 1539 1370 horum
1557 1336 1804 1371 aestimatione
1823 1347 1962 1379 usuras,
1987 1338 2048 1372 sed
2068 1342 2103 1372 et
2123 1338 2340 1382 diligentiam
2363 1348 2486 1375 eorum

1411 1381 1560 1421 habeat,
1593 1381 1686 1416 sicut
1708 1382 1767 1417 lex
1790 1382 1889 1418 iubet
1911 1393 1980 1417 usu
2003 1382 2235 1418 existentibus
2258 1383 2425 1426 dominis,
2451 1388 2486 1417 ct

262 1420 427 1457 καθόσον
447 1436 467 1457 ο
488 1435 596 1467 νομος
616 1418 746 1458 δίδωσι
769 1423 851 1458 τοὺς
877 1426 939 1477 τῆς
962 1424 1119 1480 χρήσεως
1149 1424 1257 1459 ὄντας
1285 1439 1340 1458 κυ·
1355 1427 1396 1460 25
1412 1425 1592 1470 custodiat
1614 1436 1676 1461 eas
1701 1426 1896 1461 secundum
1926 1427 2022 1471 leges
2052 1428 2217 1472 antiquas
2247 1427 2329 1463 filiis
2362 1438 2485 1472 super-

262 1471 371 1509 οιύυς,
402 1465 577 1514 φυλάττοι
600 1481 641 1502 τε
662 1470 779 1503 ταῦτα
802 1482 893 1503 κατα
916 1470 997 1504 τοὺς
1019 1481 1148 1514 νόμους
1170 1469 1251 1504 τούς
1273 1483 1340 1505 πα-

262 1501 381 1547 λαιοὺς
402 1516 475 1546 τοῖς
494 1516 598 1547 παισὶ
620 1515 815 1560 περιοῦσιν,
840 1511 862 1557 ἢ
881 1515 914 1548 εἰ
935 1514 1066 1549 πάντες
1083 1513 1341 1557 τελευτήσαιεν,

261 1557 353 1591 κατὰ
375 1556 441 1591 τὸν
461 1554 632 1602 ἡμέτερον
651 1557 763 1602 νόμον
783 1560 847 1592 τοῦ
874 1561 941 1603 μὲν
961 1560 1000 1600 ἐξ
1018 1557 1189 1594 ἀπαιδίας
1211 1559 1342 1594 κάσσου

260 1603 305 1649 τῇ
326 1607 454 1646 μητρί,
479 1604 540 1636 τοῦ
562 1602 601 1637 δὲ
625 1602 834 1647 λειπομένου
858 1607 931 1638 τοῖς
953 1605 1031 1638 τῶν
1054 1603 1198 1639 παίδων
1220 1604 1340 1651 κληρο-

1411 1470 1569 1514 stitibus‚
1603 1475 1667 1506 aut
1690 1471 1721 1506 si
1745 1481 1865 1507 omnes
1884 1472 2091 1515 moriantur,
2116 1473 2311 1508 secundum
2328 1476 2486 1508 nostram

1410 1515 1521 1557 legem
1546 1525 1669 1550 casum
1694 1516 1834 1560 quidem
1857 1527 1928 1552 non
1952 1516 2177 1552 existentium
2195 1516 2350 1552 filiorum
2368 1518 2486 1556 matri,

1410 1560 1584 1604 reliquum
1607 1571 1691 1596 vero
1715 1560 1869 1596 filiorum
1892 1562 2082 1596 heredibus
2110 1561 2401 1597 conservandum.
2449 1562 2487 1597 Si

1411 1609 1529 1639 autem
1565 1606 1677 1640 omnis
1714 1606 1806 1642 forte
1841 1607 2013 1641 consistat
2045 1606 2082 1640 in
2117 1607 2276 1650 pecuniis
2311 1611 2375 1642 aut
2408 1607 2486 1641 aliis

261 1648 383 1701 νόμοις
405 1646 682 1693 φυλαττομένου.
730 1649 776 1682 Εἰ
799 1648 839 1682 δὲ
866 1650 966 1683 πᾶσα
990 1648 1211 1701 καθεστήκοι
1234 1648 1342 1692 τυχὸν
1355 1653 1397 1685 30
1411 1650 1601 1685 mobilibus
1624 1651 1731 1686 rebus
1749 1651 2003 1695 antenuptialis
2021 1651 2175 1693 donatio,
2200 1652 2343 1686 tertiam
2359 1662 2486 1686 usura-

262 1694 302 1726 ἐν
317 1704 496 1746 χρημασιν
513 1690 534 1735 ἢ
548 1691 666 1727 ἄλλοις
684 1697 840 1736 κινητοῖς
855 1693 1064 1740 πράγμασιν
1081 1707 1102 1737 η
1119 1698 1342 1741 προγαμιαία

263 1736 391 1782 δωρεα,
422 1736 464 1771 τὸ
488 1741 614 1783 τρίτον
645 1739 708 1771 τοῦ
733 1736 838 1772 τόκου
865 1742 969 1785 με’ρος
997 1737 1255 1783 λαμβάνουσαν
1275 1738 1343 1782 τὴν

261 1784 396 1828 μητέρα
412 1781 481 1816 σὺν
495 1783 540 1826 τῆ
559 1781 626 1826 ἢδη
644 1783 960 1829 νενομοθετημένῃ
975 1780 1153 1829 ἀσφαλείᾳ
1170 1783 1219 1828 μὴ
1237 1781 1342 1819 άπαι-

261 1830 338 1860 τεῒν
362 1826 460 1872 παρὰ
481 1819 559 1861 τῶν
585 1826 732 1862 παίδων
753 1833 909 1875 χρυσιόν,
938 1827 1033 1871 πλὴν
1054 1830 1086 1862 εἰ
1107 1829 1156 1873 μὴ
1179 1827 1343 1874 ἄφθονος

1410 1705 1489 1729 rum
1512 1700 1648 1738 partem
1673 1696 1927 1740 percipientem
1950 1698 2098 1730 matrem
2121 1706 2201 1731 cum
2225 1696 2391 1732 cautione
2416 1696 2486 1730 iam

1412 1739 1557 1774 definita
1581 1751 1654 1775 non
1678 1741 1816 1784 exigere
1841 1750 1863 1775 a
1885 1740 1967 1775 filiis
1990 1751 2128 1783 aurum,
2152 1741 2221 1775 nisi
2244 1741 2336 1776 forte
2358 1741 2487 1775 idonea

1411 1785 1458 1819 sit
1481 1784 1546 1820 viri
1570 1786 1781 1827 substantia,
1806 1790 1842 1820 et
1865 1786 1996 1820 habeat
2019 1790 2055 1820 et
2078 1795 2204 1820 aurum
2233 1788 2270 1820 et
2302 1790 2487 1830 argentum

1411 1835 1446 1864 et
1469 1834 1602 1864 vestem
1627 1834 1662 1864 et
1686 1830 1856 1874 quicquid
1880 1830 2121 1874 conscriptum
2144 1829 2212 1865 fuit
2241 1830 2367 1873 matri;
2400 1835 2486 1864 tunc

262 1870 366 1914 ἡτοῦ
386 1869 515 1918 ἀνδρὸς
539 1873 591 1915 εἴη
616 1877 822 1918 περιουσία,
851 1877 911 1907 καὶ
935 1874 1008 1915 ἑῇςοι
1031 1877 1091 1907 καὶ
1114 1877 1260 1919 χρυσίον
1283 1877 1341 1926 κζιὶ
1355 1877 1396 1909 35
1410 1874 1502 1909 enim
1533 1874 1742 1910 electionem
1773 1875 1878 1909 matri
1910 1875 2092 1916 dabimus,
2133 1874 2207 1910 sive
2241 1875 2392 1910 voluerit
2429 1885 2486 1910 res

260 1918 416 1970 ἄργυρον
446 1920 505 1950 καὶ
538 1918 680 1960 ἐσθῆτα
712 1921 771 1951 καὶ
799 1918 836 1951 εἴ
858 1932 895 1952 τι
926 1921 1269 1971 καταγεγραμμένον
1296 1929 1342 1959 ην

261 1976 305 2009 τῃ
328 1965 446 2007 μητρί.
493 1963 690 2005 τηνικαῦτα
709 1962 777 2010 γὰρ
796 1962 863 2004 τὴν
886 1961 988 1998 ἐπιλο
1012 1977 1056 2006 ην
1074 1964 1120 2010 τῇ
1142 1976 1214 2007 μητ
1238 1966 1251 1996 ἱ
1272 1961 1340 1997 δώ-

262 2017 382 2050 σομεν,
406 2007 477 2040 εἴτε
496 2005 666 2051 βούλεται
689 2008 734 2041 τὰ
758 2007 953 2054 πράγματα
999 2011 1102 2052 αβεῖν
1130 2011 1190 2041 καὶ
1237 2009 1341 2043 οὗναι

260 2051 328 2095 τὴν
347 2048 557 2105 ἀσφάλειαν,
578 2052 649 2086 εἴτε
673 2055 731 2086 καὶ
751 2051 819 2086 τὸν
841 2053 1028 2107 εἰρημένον
1047 2053 1263 2108 κομίζεσθαι
1271 2051 1340 2105 (τό-

1409 1919 1593 1964 percipere
1625 1923 1660 1954 et
1696 1920 1869 1964 praebere
1905 1920 2123 1962 cautionem,
2156 1919 2228 1955 sive
2259 1930 2365 1964 quam
2396 1920 2486 1954 dixi-

1408 1974 1487 1999 mus
1518 1975 1663 2000 usuram
1695 1965 1857 2009 accipere
1890 1967 1926 2000 et
1948 1965 2143 1999 secundum
2173 1964 2309 2009 priores
2332 1965 2427 2009 leges
2452 1967 2488 1998 et

1409 2014 1578 2044 nostram.
1627 2009 1665 2044 Si
1696 2020 1777 2044 vero
1810 2010 1919 2045 mixte
1950 2010 2023 2044 sint
2053 2019 2129 2051 res,
2163 2012 2200 2044 et
2222 2009 2368 2044 donatio
2389 2008 2488 2044 aliud

1409 2054 1550 2099 quidem
1583 2054 1619 2089 in
1644 2055 1824 2099 pecuniis,
1857 2054 1954 2090 aliud
1985 2064 2066 2090 vero
2098 2054 2137 2090 in
2159 2054 2398 2090 immobilibus
2421 2054 2486 2089 ha·

260 2109 326 2130 κον
345 2109 437 2130 κατα
456 2109 497 2130 τε
516 2096 598 2131 τοὺς
620 2098 833 2143 ἔμπροσθεν
852 2109 981 2142 νόμους
997 2111 1090 2132 κατα
1112 2111 1152 2131 τε
1174 2097 1241 2132 τὸν
1261 2101 1340 2151 ημέῑ
1355 2102 1398 2133 40

260 2154 377 2193 τερον.
412 2142 459 2174 Εἰ
478 2139 578 2196 δέ’γε
594 2138 727 2186 ἀναμὶξ
747 2142 799 2184 εἴη
817 2141 866 2196 τοὶ>
879 2140 1084 2195 πράγματα,
1105 2145 1165 2176 καὶ
1186 2139 1208 2185 ἡ
1227 2141 1344 2188 δωρεα

264 2199 304 2221 ’το
322 2188 392 2231 μὲν
415 2188 455 2220 ἐν
474 2198 640 2232 χρημασι,
661 2186 703 2220 τὸ
724 2185 764 2221 δὲ
780 2189 821 2221 ἐν
848 2199 1026 2231 ακινητοις
1046 2188 1119 2229 ἔχοι
1146 2186 1343 2233 πράγμασι,

396 2299 457 2334 IV.
504 2298 615 2334 Aliud
637 2310 781 2345 quoque
804 2300 994 2335 occasione
1010 2299 1198 2335 mulierum
1217 2299 1335 2335 denuo
1356 2300 1562 2336 nubentium
1581 2306 1618 2336 et
1635 2301 1843 2336 donationis
1866 2306 1951 2336 ante
1970 2301 2118 2352 nuptias
2133 2301 2324 2352 prioribus
2342 2300 2486 2336 adicere

261 2348 386 2391 aptum
410 2344 523 2380 visum
546 2348 609 2380 est.
659 2343 745 2380 Cum
767 2344 861 2379 enim
881 2345 1027 2390 priores
1050 2345 1327 2380 constitutiones
1349 2345 1491 2380 mulieri
1508 2345 1689 2380 secundas
1711 2346 1859 2391 nuptias
1882 2346 2018 2380 ineunti
2043 2345 2250 2381 electionem
2272 2346 2484 2387 coiiccdant,

260 2395 385 2425 utrum
409 2388 495 2425 velit
515 2388 748 2424 donationem
764 2394 925 2435 propter
946 2389 1113 2435 nuptias,
1145 2393 1324 2434 quatenus
1340 2394 1456 2436 pacta
1474 2390 1709 2436 permittunt,
1740 2390 1905 2435 accipere
1927 2394 1964 2425 et
1985 2389 2109 2425 liberis
2129 2394 2325 2436 praestare
2347 2391 2486 2426 cautio-

260 2446 339 2470 nem
362 2445 402 2470 se
423 2433 489 2468 illa
509 2437 597 2480 post
618 2438 768 2469 mortem
791 2434 1040 2469 restituturam
1063 2445 1156 2476 esse,
1181 2445 1248 2476 an,
1272 2434 1304 2469 si
1328 2435 1533 2470 cautionem
1556 2445 1631 2469 non
1647 2435 1772 2481 possit
1794 2438 1860 2470 aut
1878 2435 1982 2480 forte
2004 2434 2099 2470 nolit
2112 2438 2319 2481 praestare,
2341 2446 2487 2470 manere

261 2479 405 2526 quidem
428 2478 660 2514 donationem
676 2483 837 2525 propter
859 2479 1008 2525 nuptias
1031 2478 1133 2525 apud
1155 2478 1298 2522 liberos,
1323 2478 1390 2514 Itos
1413 2490 1498 2515 vero
1524 2479 1666 2515 tertiam
1683 2483 1830 2526 partem
1853 2490 1989 2514 usurae
2011 2480 2224 2515 centesimae
2244 2479 2314 2515 sibi
2335 2479 2485 2522 solvere,

260 2535 329 2561 uos
351 2523 606 2570 emerqentium
629 2523 881 2570 quaestionum
904 2524 1079 2559 varietate
1101 2523 1207 2566 moti,
1239 2523 1533 2570 quandoquidem
1555 2524 1713 2559 minores
1734 2524 1773 2559 in
1795 2534 1838 2559 eo
1888 2523 2065 2559 ericlitari
2083 2524 2281 2560 invenimus
2308 2523 2424 2570 quod,
2452 2525 2486 2560 si
2505 2531 2508 2540 ’

260 2569 412 2605 donatio
438 2579 514 2615 pro
543 2572 598 2605 ter
628 2568 776 2615 nuptias
805 2568 844 2603 in
869 2568 1037 2614 pecuniis
1059 2568 1252 2610 consistat,
1283 2567 1339 2602 illi
1361 2578 1442 2603 cum
1469 2568 1662 2614 pecuniam
1692 2579 1767 2604 non
1794 2567 1842 2603 Ιια
1865 2572 1967 2610 eant,
1999 2567 2120 2603 omnia
2147 2572 2306 2614 paterna
2334 2567 2486 2604 vendere

261 2618 443 2660 coquntur
465 2625 488 2648 a
537 2613 692 2648 debitum
715 2612 926 2648 donationis
942 2616 1103 2659 propter
1126 2613 1276 2658 nuptias
1297 2611 1518 2655 solvendum,
1543 2612 1626 2648 licet
1642 2611 1693 2647 ad
1713 2613 1816 2659 ipsos
1835 2611 1986 2647 donatio
2010 2616 2095 2647 ante
2116 2612 2267 2658 nuptias
2289 2611 2484 2648 secundum

261 2659 375 2705 leqem
392 2662 619 2704 perventura
640 2658 707 2692 sit:
730 2661 933 2703 propterea
956 2668 1032 2693 rem
1057 2656 1123 2692 tali
1145 2656 1253 2693 modo
1278 2657 1519 2693 ordinandam
1542 2657 1797 2699 iudicavimus,
1828 2660 1886 2699 ut,
1915 2656 1950 2692 si
1972 2656 2054 2702 quis
2076 2667 2136 2692 res
2156 2667 2232 2703 per
2253 2656 2484 2693 donationem

261 2707 346 2738 ante
367 2703 518 2749 nuptias
540 2701 698 2744 dederit,
728 2713 822 2748 quae
846 2712 968 2737 omnes
990 2701 1187 2738 immobiles
1208 2702 1301 2745 sint,
1335 2713 1461 2738 earum
1488 2702 1723 2748 ususfructus
1745 2700 1847 2748 apud
1875 2705 2026 2736 matrem
2055 2705 2216 2743 maneat,
2246 2701 2400 2748 ipsaque
2421 2713 2485 2738 eas

261 2747 376 2794 eliqat
406 2758 522 2793 neque
548 2746 715 2793 repudiet
743 2757 859 2798 neque
889 2758 912 2782 a
936 2746 1058 2782 liberis
1082 2758 1158 2793 pro
1189 2758 1314 2783 earum
1342 2747 1593 2783 aestimatione
1622 2757 1756 2782 usuras
1786 2746 1933 2792 εει-ἱραί,
1964 2745 2030 2781 sed
2059 2756 2183 2781 earum
2212 2756 2336 2781 curam
2365 2751 2484 2792 gerat,

256 2797 375 2840 prout
397 2792 460 2828 lex
482 2802 556 2834 eos,
581 2791 644 2838 qui
666 2791 802 2826 domini
826 2796 913 2828 sunt
933 2792 1179 2837 ususfructus,
1203 2791 1311 2835 iubet,
1335 2803 1468 2838 easque
1489 2790 1685 2829 secundum
1702 2795 1837 2828 veteres
1859 2789 1956 2837 leqes
1979 2789 2101 2826 liberis
2122 2790 2376 2836 superstitibus
2398 2801 2484 2827 con-

260 2841 389 2879 servet,
414 2837 469 2872 vel
489 2836 523 2871 εἰ
546 2847 668 2872 omnes
691 2836 906 2879 moriantur,
930 2836 1126 2872 secundum
1149 2836 1262 2883 leyem
1285 2841 1448 2872 nostram
1466 2836 1576 2872 matri
1595 2840 1770 2883 quantum
1791 2836 1962 2882 competit
1982 2835 2022 2870 in
2045 2845 2132 2870 casu
2154 2845 2229 2886 non
2251 2835 2482 2887 existentium

262 2882 468 2923 liberorum,
499 2881 677 2927 reliquum
700 2892 784 2917 vero
809 2880 1000 2917 heredibus
1022 2881 1218 2917 liberorum
1240 2886 1413 2918 servetur.
1460 2880 1503 2917 Si
1525 2892 1609 2918 vero
1632 2884 1709 2917 tota
1732 2879 1883 2916 donatio
1907 2884 2067 2926 propter
2089 2885 2238 2926 nuptias
2259 2880 2299 2914 in
2326 2890 2483 2926 pecunia

259 2928 363 2973 forte
384 2926 442 2963 vel
463 2926 546 2961 aliis
567 2925 675 2962 rebus
697 2925 887 2962 mobilibus
910 2926 1102 2969 consistat,
1125 2930 1242 2962 mater
1266 2927 1408 2962 tertiam
1428 2930 1572 2973 partem
1594 2936 1789 2962 usurarum
1813 2935 1892 2960 cum
1915 2924 2081 2960 cautione
2103 2924 2175 2959 iam
2191 2935 2265 2971 per
2286 2923 2400 2971 leqem
2423 2924 2483 2960 de-

258 2972 367 3017 finita
391 2971 574 3018 accipiens
596 2982 619 3006 a
639 2971 728 3016 filiis
744 2971 942 3018 pecuniam
964 2982 1038 3007 non
1061 2971 1202 3018 exiqat,
1227 2971 1299 3007 nisi
1322 2982 1405 3007 vero
1429 2971 1574 3019 amplae
1596 2971 1671 3007 sint
1692 2970 1761 3007 viri
1781 2969 1992 3016 facultates,
2016 2967 2217 3021 habeatque
2238 2973 2274 3020 et
2297 2980 2426 3005 aurum
2447 2973 2484 3005 et

262 3022 453 3063 arqentum
472 3020 508 3052 et
527 3016 772 3052 vestimentum
791 3020 826 3051 et
847 3017 882 3051 si
901 3016 990 3063 quid
1007 3015 1110 3052 aliud
1127 3017 1237 3052 matri
1253 3016 1478 3063 assiqnatum
1497 3016 1584 3063 fuit.
1624 3015 1723 3051 {lunc
1736 3014 1828 3051 enim
1844 3014 2026 3061 optionem
2040 3018 2147 3049 matri
2169 3012 2344 3056 dabimus,
2361 3018 2482 3050 utrum

261 3072 322 3098 res
344 3072 475 3108 capere
502 3066 538 3097 et
567 3061 770 3096 cautionem
826 3066 1007 3104 raestare,
1039 3073 1088 3096 an
1111 3072 1197 3097 vero
1221 3061 1338 3097 dictas
1360 3072 1494 3097 usuras
1525 3066 1597 3097 tam
1619 3059 1814 3096 secundum
1837 3059 1988 3106 priores
2017 3058 2114 3105 leyes
2146 3068 2259 3110 quani
2288 3057 2481 3110 secundum

262 3111 425 3142 nostram
449 3106 533 3143 velit
555 3106 728 3153 accipere.
807 3106 912 3141 uodsi
936 3106 1148 3153 permixtae
1169 3106 1244 3142 sint
1265 3117 1326 3142 res
1347 3111 1386 3142 et
1411 3104 1562 3142 donatio
1586 3105 1728 3153 partim
1749 3104 1789 3140 in
1816 3103 1999 3151 pecuniis,
2023 3103 2165 3150 partim
2186 3113 2226 3138 in
2244 3102 2483 3139 immobilibus

312 3234 325 3265 1
351 3234 436 3273 Καὶ]
459 3223 569 3276 [ξἠῳ.
582 3233 614 3264 Α
632 3231 645 3274 11
661 3231 762 3264 Aliud
775 3242 852 3264 vero
865 3231 1021 3273 quiddam
1042 3233 1077 3273 (i.
1092 3244 1118 3266 e.
1130 3244 1167 3265 τι
1183 3244 1247 3275 pro
1260 3231 1340 3274 τῆῗ)

265 3288 283 3311 ς
301 3276 314 3327 fl
330 3279 348 3310 3
370 3275 463 3318 ἔχειν
476 3290 534 3310 om.
548 3277 579 3310 A
598 3275 647 3320 114
664 3276 814 3322 τῇρνίιιε
827 3289 883 3310 om.
897 3278 927 3310 A
975 3279 994 3310 5
1013 3275 1137 3323 εἴγεΔ
1155 3276 1202 3321 117
1223 3267 1341 3310 ‘cairi-a

265 3332 411 3353 παντως
438 3318 733 3363 ἀποκαθίστησιν
759 3317 895 3354 αὐτοῖς·
927 3321 959 3353 εἰ
985 3318 1025 3354 δὲ
1050 3318 1091 3354 οὗ
1121 3319 1295 3364 δυνηθείη
1316 3318 1341 3364 ἢ

265 3362 390 3398 δοῦναι
411 3367 438 3398 A
456 3367 468 3408 ι
486 3369 507 3400 9
526 3367 673 3410 perun
690 3364 703 3410 ιι
724 3368 760 3399 12
785 3361 892 3409 ἡμεῖς]
913 3357 979 3399 οὖν
999 3367 1076 3400 aaa.
1100 3368 1132 3400 A
1157 3365 1171 3410 ιι
1197 3368 1237 3400 14
1259 3363 1339 3409 χρή-

264 3420 377 3452 μασιν
406 3411 565 3453 aiecius,
590 3413 632 3454 cs
657 3411 688 3452 e]
709 3406 888 3454 κτήμασιν
907 3411 977 3444 MA
1002 3410 1014 3452 Ι
1047 3413 1086 3445 15
1109 3413 1254 3456 χρυσίον
1272 3411 1341 3454 μὲν

265 3455 296 3487 Α
327 3454 340 3496 ss
370 3456 409 3487 18
435 3455 497 3496 τῆς
520 3458 759 3501 προγαμιαίας
779 3456 809 3488 A
836 3455 849 3496 11
876 3453 956 3497 Διὰ]
980 3454 1170 3499 ἥγημάΰ
1192 3457 1231 3489 19
1257 3465 1339 3488 συν·

265 3495 407 3542 είδομεν
424 3499 455 3531 A
471 3501 483 3542 11
500 3499 635 3542 ταύτην
653 3501 707 3537 A:
723 3500 736 3543 11
751 3501 795 3535 20
813 3497 878 3533 ἐάν
900 3510 955 3534 τις
973 3501 1004 3533 A
1023 3500 1035 3541 11
1051 3502 1089 3534 21
1114 3499 1340 3542 καθέστηκεν

265 3541 418 3585 ἀκίνητα
438 3544 469 3576 A
492 3546 547 3587 (cs.
572 3547 603 3584 ς’)
622 3545 634 3587 fl
650 3546 768 3597 *μένῃ
790 3545 837 3578 Μ
891 3545 900 3556 ’
919 3557 950 3578 ει
971 3546 1000 3578 Δ
1028 3544 1040 3589 11
1069 3541 1090 3587 ἦ
1112 3542 1255 3578 τούτων
1274 3546 1304 3577 A
1326 3544 1340 3591 Ι

267 3590 309 3621 22
332 3585 508 3632 έκλέγοιτο
521 3589 551 3621 Α
569 3588 582 3632 11
598 3592 640 3622 25
662 3589 788 3623 καθως
801 3590 831 3623 A
879 3592 919 3624 27
941 3585 964 3632 ἢ
981 3586 1050 3622 κᾶν
1068 3586 1200 3623 πάντες
1223 3586 1337 3622 valev-

267 3640 444 3685 reconem
453 3644 516 3689 ¹128
526 3645 568 3686 cs.
578 3645 624 3677 aa
630 3658 665 3687 p.
678 3648 768 3685 ι3,ι3
784 3645 796 3689 ιι
813 3657 857 3679 w
942 3643 1141 3687 ΑιικάσουΑ
1173 3636 1338 3686 aomo—³

268 3702 324 3722 ωιι.
340 3689 371 3722 A
389 3688 402 3733 fl
418 3689 459 3722 32
472 3685 514 3722 τὸ
527 3701 583 3718 ⁰⁷¹1.
600 3689 629 3722 Α.
645 3691 657 3733 11
674 3691 799 3736 μέρους
812 3690 859 3723 M
873 3691 879 3735 1
898 3692 939 3725 34
952 3689 1084 3738 χρυσόν
1098 3692 1126 3724 Λ
1159 3692 1166 3736 1
1182 3692 1223 3725 35
1239 3702 1336 3738 περι·

1407 3233 1521 3272 ουσία,
1546 3231 1619 3272 ἔχοι
1637 3230 1679 3263 τὶ
1698 3230 1844 3275 χρυσίον
1866 3229 1927 3262 καὶ
1945 3222 2115 3275 άργῦριον
2133 3226 2275 3270 ἐσθῆτα
2290 3225 2353 3280 Au
2370 3228 2413 3261 ³8
2434 3223 2479 3259 τὰ

1407 3283 1630 3374 ἵξάέζμῖῗέε
1637 3285 1766 3364 ‘13'in
1772 3285 1804 3319 A
1821 3284 1835 3330 11
1850 3285 1893 3320 39
1916 3285 1976 3317 καὶ
1997 3297 2056 3318 om.
2069 3284 2101 3317 A
2118 3283 2131 3328 11
2146 3286 2186 3318 41
2211 3283 2268 3325 Εἴ]
2292 3284 2331 3316 Κ
2345 3295 2406 3326 ηις.
2423 3281 2479 3324 Δ11

1455 3402 1466 3431 1
1497 3397 1613 3440 Aliud]
1645 3399 1731 3431 rubr.
1756 3397 1796 3430 de
1819 3396 1929 3430 usuris
1951 3394 2188 3438 antenuptialis
2211 3393 2399 3426 donationis
2424 3391 2479 3434 R!

1407 3443 1542 3485 quidam
1563 3442 1600 3476 V
1609 3442 1622 3487 11
1640 3444 1662 3476 4
1684 3442 1836 3475 mulieris
1856 3439 1903 3475 13¹
1918 3442 1931 3485 Ι
1949 3444 1971 3475 6
1993 3440 2169 3484 permitto·
2189 3438 2239 3471 R¹
2286 3440 2304 3471 7
2327 3437 2478 3488 restituet

1407 3488 1445 3522 V
1463 3487 1476 3531 Ι
1491 3489 1512 3522 9
1535 3489 1670 3520 manent
1695 3488 1727 3521 T
1741 3486 1757 3531 fl
1772 3489 1813 3520 10
1835 3485 1980 3519 solueret
2002 3485 2037 3519 V
2055 3483 2187 3517 soluent
2213 3482 2244 3515 T
2267 3482 2273 3525 1
2294 3483 2335 3516 14
2358 3480 2474 3521 ἤυσε]

1405 3532 1489 3566 alios
1511 3532 1524 3576 11
1545 3534 1589 3566 20
1612 3530 1896 3574 ante-nuptialem
1918 3530 1953 3564 R
1972 3529 1986 3574 Η
2011 3531 2050 3564 21
2076 3529 2230 3562 maneant
2253 3525 2303 3559 13¹
2322 3525 2336 3571 Ι
2358 3526 2476 3558 harum

1404 3598 1482 3645 13²1
1500 3601 1543 3634 26
1563 3598 1739 3632 secundam
1757 3598 1796 3632 V
1811 3597 1825 3643 Ι
1843 3600 1885 3632 27
1909 3574 2091 3632 estonum
2107 3595 2140 3628 R
2185 3595 2223 3628 31
2240 3592 2394 3626 cautione
2407 3591 2476 3635 R¹fl

1404 3646 1446 3679 33
1460 3644 1590 3686 habeat]
1604 3657 1661 3678 om.
1675 3642 1773 3677 R¹T¹
1790 3642 1803 3686 11
1819 3645 1852 3675 et
1864 3650 1938 3676 ante
1949 3650 2066 3674 aurum
2073 3652 2132 3673 oin.
2181 3638 2265 3681 vulq.
2283 3637 2297 3679 Ι
2312 3639 2355 3671 34
2367 3640 2473 3668 matr·

1404 3689 1443 3725 V
1445 3689 1489 3735 ⁰11
1508 3691 1550 3724 35
1571 3688 1723 3722 uoluitur
1741 3686 1819 3733 ΒἹ
1837 3689 1879 3722 38
1900 3690 2027 3720 neutra
2045 3682 2136 3729 VT·
2153 3683 2196 3718 ³9
2218 3680 2423 3715 innobilibus
2442 3681 2475 3718 R
