2618 4010
97 171 99 174 Α
134 135 385 168 SUFFRAGIO
414 121 549 167 mm
1227 119 1280 167 83
1942 122 2051 167 Nov.
2083 124 2182 167 VIII
2212 124 2376 170 Notitia

177 237 231 280 τῷ
246 240 464 284 πριμικηρίῳ
477 237 555 271 τῶν
569 233 993 284 λαμπροτάτωντριβού-
1335 234 1537 280 primicerio
1574 233 1854 270 clarissimorum
1893 235 2118 271 tribunorum
2154 235 2374 272 notariorum

223 295 303 316 νων
326 286 510 329 νοταρίων
1037 293 1115 324 νομ.
1141 278 1195 313 κδ’
2020 281 2085 317 sol.
2110 291 2207 316 num.
2233 280 2375 316 XXIIII

179 328 233 370 τῷ
260 325 371 361 αὐτοῦ
394 327 528 372 βοηθῷ
914 369 920 372 η
1039 339 1117 370 νομ.
1139 323 1171 372 γ’
1335 325 1412 361 eius
1437 324 1592 361 adiutori
2110 326 2176 362 sol.
2201 337 2298 362 num.
2322 327 2376 362 111

180 373 224 420 τῇ
238 369 337 413 τάξει
355 374 433 407 τῶν
446 369 697 413 ἐνδοξοτάτων
712 371 882 419 ἐπάρχων
902 372 993 418 ὑπὲρ
1334 370 1454 406 officio
1472 369 1810 415 gloriosissimorum
1827 369 2090 415 praefectorum
2113 372 2376 416 praetoriorum

226 415 492 465 προςτάγματος
1038 431 1117 462 νομ.
1142 414 1178 461 μ’
1255 419 1274 450 5
2083 417 2150 453 sol.
2174 428 2269 453 num.
2294 417 2373 454 XL.

136 462 180 498 14
223 460 312 498 Ἀπὸ
334 464 398 498 τοῦ
422 462 592 508 ἄρχοντος
616 461 894 507 Παμφυλίας
917 459 1047 497 οὕτως·
1289 462 1335 497 10
1381 461 1414 496 Α
1439 460 1558 496 iudice
1583 459 1885 508 Pamphyliae
1913 459 1982 495 ita:
2200 482 2204 486 ·

180 511 254 542 τοῖς
266 507 519 554 περιβλέπτοις
539 506 808 555 χαρτουλαρίοις
820 511 917 555 τρισὶ
929 509 994 542 τοῦ
1337 506 1595 552 spectabilibus
1644 505 1874 541 chartulariis
1918 506 2034 542 tribus
2074 508 2170 543 sacri
2217 508 2375 544 cubiculi

227 553 332 587 θείου
353 551 600 598 κουβουκλείου
1043 567 1122 597 νομ.
1147 550 1189 587 θ’
2111 554 2177 589 801.
2203 565 2297 588 1111111.
2322 554 2375 588 IX

182 599 236 642 τῷ
249 603 468 646 πριμικηρίῳ
482 600 560 634 τῶν
576 596 843 644 λαμπροτάτων
852 595 994 644 τριβού-
1335 596 1535 642 primicerio
1573 595 1848 632 clarissimorum
1892 595 2117 632 tribunorum
2153 599 2375 634 notariorum

227 656 306 678 νων
328 648 510 689 νοταρίων
1040 657 1119 688 νομ.
1143 641 1197 677 κδ’
1239 645 1277 677 10
2022 643 2086 678 801.
2113 654 2207 678 num.
2233 644 2375 678 XXIIII

182 690 236 732 τῷ
257 687 367 724 αὐτοῦ
392 690 524 734 βοηθῷ
1041 702 1121 733 νομ.
1142 686 1173 735 γ’
1337 687 1413 723 eius
1437 687 1591 723 adiutori
2108 688 2173 723 sol.
2199 699 2295 724 num.
2322 690 2376 724 III

128 767 136 774 ,
184 737 228 782 τῇ
241 733 339 775 τάξει
358 736 437 769 τῶν
449 732 701 776 ἐνδοξοτάτων
717 733 886 780 ἐπάρχων
905 730 996 779 ὑπὲρ
1337 733 1458 769 officio
1475 732 1813 777 gloriosissimorum
1831 732 2096 777 praefectorum
2115 734 2375 778 praetoriorum

228 779 496 827 προςτάγματος
1041 792 1120 823 νομ.
1145 777 1181 823 μ’
2083 779 2148 814 801.
2172 790 2270 815 1111111.
2295 779 2374 816 XL.

138 826 182 860 15
226 822 314 861 Ἀπὸ
332 827 395 860 τοῦ
420 824 590 872 ἄρχοντος
615 825 844 859 Βιθυνίας
866 821 995 858 οὕτως·
1291 825 1332 858 11
1379 824 1412 858 Α
1436 823 1553 858 iudice
1576 824 1594 870 <
1597 849 1778 859 ........
1803 823 1886 867 ita>2

184 873 257 905 τοῖς
273 869 525 918 περιβλέπτοις
537 868 805 916 χαρτουλαρίοις
821 873 917 913 τρισὶ
930 870 995 902 τοῦ
1238 872 1277 903 15
1338 869 1594 913 spectabilibus
1642 868 1870 904 chartulariis
1917 868 2032 905 tribus
2080 869 2175 904 sacri
2218 869 2375 905 cubiculi

230 917 335 950 θείου
358 915 606 961 κουβουκλείου
1045 928 1123 957 νομ.
1145 912 1185 948 θ’
2112 916 2176 951 801.
2201 926 2297 950 num.
2322 915 2375 950 IX

185 962 238 1005 τῷ
253 967 470 1009 πριμικηρίῳ
483 963 561 996 τῶν
573 958 841 1006 λαμπροτάτων
852 956 995 1006 τριβού-
1336 959 1538 1004 primicerio
1576 960 1854 996 clarissimorum
1890 959 2114 996 tribunorum
2152 961 2375 996 notariorum

229 1021 308 1042 νων
331 1011 514 1052 νοταρίων
1041 1018 1121 1049 νομ.
1147 1002 1201 1038 κδ’
2023 1006 2087 1041 801.
2112 1016 2209 1041 1111111.
2234 1006 2375 1041 XXIIII

185 1053 239 1095 τῷ
261 1051 369 1086 αὐτοῦ
394 1052 526 1097 βοηθῶ
752 1052 754 1056 '
1041 1063 1119 1094 νομ.
1142 1049 1172 1097 γ’
1335 1049 1413 1084 eius
1437 1049 1592 1084 adiutori
2108 1051 2172 1087 801.
2198 1063 2294 1087 1111111.
2319 1052 2372 1087 III

185 1101 229 1144 τῇ
250 1097 348 1138 τάξει
365 1099 443 1132 τῶν
455 1085 703 1137 ἐνδοξοτάτων
724 1094 893 1141 ἐπάρχων
906 1092 996 1142 ὑπὲρ
1235 1097 1278 1129 20
1336 1094 1455 1131 officio
1472 1094 1810 1140 gloriosissimorum
1825 1096 2091 1142 praefectorum
2114 1096 2375 1141 praetoriorum

230 1140 498 1195 προςτάγμακτος
1042 1155 1121 1184 νομ.
1147 1138 1184 1185 μ’
1560 1147 1563 1161 ³
1821 1161 1824 1164 ⁴
2085 1142 2149 1179 801.
2175 1153 2271 1178 1111111.
2295 1142 2372 1178 XL.

143 1189 185 1224 16
227 1185 314 1222 Ἀπὸ
337 1189 400 1222 τοῦ
424 1199 593 1234 αρχοντος
615 1183 738 1230 Ἑλλη
748 1199 762 1221 ς
772 1183 828 1220 πό
839 1199 948 1220 ντου
972 1182 1103 1221 οὕτως·

184 1236 257 1267 τοῖς
269 1230 518 1279 περιβλέπτοις
538 1231 807 1279 χαρτουλαρίοις
820 1234 917 1278 τρισὶ
930 1233 994 1266 τοῦ

228 1277 334 1311 θείου
357 1276 605 1322 κουβουκλείου
1040 1290 1118 1320 νομ.
1144 1274 1185 1310 θ’

183 1323 237 1367 τῷ
250 1327 470 1369 πριμικηρίῳ
480 1324 560 1358 τῶν
572 1321 841 1369 λαμπροτάτων
857 1319 996 1369 τριβού-
1237 1325 1281 1357 25

229 1382 308 1403 νων
328 1373 513 1413 νοταρίων
1044 1382 1123 1411 νομ.
1149 1364 1203 1401 κδ’

187 1414 241 1457 τῷ
267 1411 376 1448 αὐτοῦ
400 1415 532 1458 βοηθῷ
1044 1427 1123 1458 νομ.
1144 1411 1177 1460 y'

183 1460 228 1506 τῇ
243 1455 344 1499 τάξει
356 1460 435 1494 τῶν
448 1457 699 1500 ἐνδοξοτάτων
719 1457 888 1506 ἐπάρχων
908 1455 999 1505 ὑπὲρ

228 1501 497 1552 προςτάγματος
1045 1517 1123 1548 νομ.
1149 1502 1184 1548 μ’

138 1550 179 1585 17
222 1547 310 1585 Ἀπὸ
334 1552 398 1584 τοῦ
421 1548 590 1596 ἄρχοντος
614 1551 681 1583 Λυ
692 1547 793 1583 δίας
815 1547 946 1583 οὕτως·
1239 1552 1282 1584 30

183 1598 256 1630 τοῖς
268 1594 518 1642 περιβλέπτοις
538 1593 806 1641 χαρτουλαρίοις
818 1598 914 1641 τρισὶ
927 1596 990 1629 τοῦ

228 1641 333 1675 θείου
357 1640 605 1685 κουβουκλείου
1039 1654 1117 1685 νομ.
1146 1637 1184 1674 θ’

182 1687 237 1731 τῷ
249 1691 465 1734 πριμικηρίῳ
479 1688 557 1721 τῶν
570 1685 840 1733 λαμπροτάτων
851 1684 992 1733 τριβού-
1084 1685 1114 1699 ”””

226 1745 305 1766 νων
324 1736 508 1778 νοταρίων
1039 1745 1118 1775 νομ.
1145 1729 1198 1765 κδ’

184 1778 237 1821 τῷ
263 1774 374 1812 αὐτοῦ
398 1778 531 1821 βοηθῷ
1040 1791 1120 1821 νομ.
1142 1775 1172 1823 γ’
1233 1780 1275 1812 35

182 1826 227 1871 τῇ
244 1821 342 1863 τάξει
353 1824 432 1858 τῶν
446 1821 696 1864 ἐνδοξοτάτων
716 1820 884 1868 ἐπάρχων
904 1821 994 1869 ὑπὲρ

228 1867 496 1915 προςτάγματος
1042 1881 1121 1912 νομ.
1146 1866 1182 1911 μ’

138 1916 183 1967 Ῑξ
226 1911 314 1949 Ἀπὸ
348 1916 413 1948 τοῦ
446 1913 615 1962 ἄρχοντος
645 1916 870 1960 Φρυγίας
907 1911 1222 1960 σαλυυταρίας

139 1971 269 1994 ουτως·
592 1995 602 2003 ⁴

182 2008 255 2040 τοῖς
267 2003 518 2050 περιβλέπτοις
536 2003 804 2051 χαρτουλαρίοις
817 2007 914 2051 τρισὶ
927 2005 994 2038 τοῦ
1235 2007 1278 2039 40

231 2051 336 2085 θείου
359 2049 608 2095 κουβουκλείου
1044 2063 1123 2094 νομ.
1150 2048 1190 2084 θ’

183 2097 237 2140 τῷ
251 2100 470 2143 πριμικηρίῳ
482 2097 561 2130 τῶν
574 2094 842 2143 λαμπροτάτων
854 2093 995 2141 τριβού-

228 2155 307 2176 νων
327 2146 510 2186 νοταρίων
1042 2154 1119 2184 νομ.
1142 2138 1196 2174 κδ’

182 2188 237 2230 τῷ
259 2185 368 2221 αὐτοῦ
392 2187 527 2230 βοηθῷ
1042 2200 1120 2230 νομ.
1142 2184 1173 2232 γ’

183 2234 227 2280 τῇ
244 2232 344 2272 τάξει
354 2234 433 2267 τῶν
446 2230 695 2273 ἐνδοξοτάτων
716 2229 884 2277 ἐπάρχων
904 2228 994 2275 ὑπὲρ
1233 2233 1276 2265 45

225 2276 498 2332 ,προςτάγμαντος
1042 2289 1120 2319 νομ.
1145 2274 1180 2319 μ’

139 2324 183 2359 19
226 2326 314 2357 Απο
337 2323 401 2356 τοῦ
422 2333 591 2367 αρχοντος
614 2325 672 2354 Πι
682 2333 703 2354 σ
713 2336 724 2354 ι
734 2318 756 2354 ὃ
766 2324 811 2353 ta
823 2332 838 2354 ς
862 2316 993 2354 οὕτως·

184 2371 257 2401 τοῖς
276 2365 526 2413 περιβλέπτοις
537 2364 804 2411 χαρτουλαρίοις
816 2368 912 2411 τρισὶ
932 2365 996 2398 τοῦ

230 2413 334 2446 θείου
357 2411 604 2454 κουβουκλείου
1042 2422 1120 2452 νομ.
1146 2405 1186 2441 θ’

185 2458 238 2501 τῷ
253 2460 471 2504 πριμικηρίῳ
485 2458 563 2491 τῶν
575 2453 843 2502 λαμπροτάτων
856 2450 998 2501 τριβοῦ-
1239 2458 1282 2489 50

230 2516 308 2536 νων
331 2506 516 2546 νοταρίων
1044 2512 1122 2543 νομ.
1147 2496 1200 2532 κδ’

186 2549 239 2591 τῷ
262 2544 371 2581 αὑτοῦ
394 2547 526 2590 βοηθῷ
1041 2557 1119 2588 νομ.
1142 2542 1174 2590 γ’

184 2594 229 2641 τῇ
247 2590 344 2633 τάξει
357 2593 434 2626 τῶν
453 2589 701 2632 ἐνδοξοτάτων
722 2589 890 2637 ἐπάρχων
909 2586 996 2635 ὑπὲρ

231 2634 498 2684 προςτάγματος
950 2677 956 2686 Ι
1041 2648 1121 2679 νομ.
1145 2633 1180 2678 μ’

139 2684 189 2720 20
231 2681 319 2718 Ἀπὸ
342 2684 407 2717 τοῦ
431 2681 599 2728 ἄρχοντος
622 2683 890 2714 Λυκαονίας
915 2678 1043 2714 οὓτως·
1235 2685 1275 2716 55

185 2733 257 2764 τοῖς
275 2726 526 2772 περιβλέπτοις
542 2725 810 2773 χαρτυυλαρίοις
821 2729 917 2772 τρισὶ
930 2727 993 2759 τοῦ

231 2775 336 2808 θείου
359 2771 605 2818 κουβουκλείου
1040 2785 1117 2815 νομ.
1145 2770 1183 2804 θ’

141 2876 244 2912 lariis
269 2875 382 2911 tribus
401 2875 500 2910 sacri
523 2874 679 2909 cubiculi
707 2873 773 2909 sol.
797 2877 837 2915 9,
870 2873 1083 2919 primicerio
1108 2874 1392 2909 clarissimorum
1418 2874 1645 2910 tribunorum
1667 2874 1896 2911 notariorum
1923 2874 1989 2910 sol.
2015 2879 2077 2917 24,
2111 2876 2188 2911 eius
2212 2875 2373 2912 adiutori

144 2923 187 2960 14
232 2921 297 2956 sol.
324 2925 356 2962 3,
385 2920 513 2967 officio
532 2919 877 2965 qloriosissimorum
901 2920 1181 2965 praefectorum
1198 2931 1273 2966 pro
1299 2919 1459 2955 iussione
1488 2920 1555 2955 sol.
1578 2924 1632 2955 40.
1725 2923 1756 2956 Α
1782 2919 1955 2966 praeside
1975 2920 2281 2967 Pamphyliae
2301 2921 2373 2956 sic.-

140 2965 394 3013 spectabilibus
413 2964 648 3000 chartulariis
670 2963 783 2999 tribus
798 2963 899 2998 sacri
916 2964 1071 2999 cubiculi
1089 2965 1154 2999 sol.
1170 2969 1201 3007 9,
1220 2964 1429 3011 primicerio
1447 2964 1730 3010 clarissimorum
1749 2965 1976 3001 tribunorum
1992 2966 2221 3001 notariorum
2233 2966 2300 3001 sol.
2315 2970 2370 3008 24,

142 3013 186 3050 15
232 3011 310 3046 eius
322 3010 482 3046 adiutori
496 3009 561 3044 sol.
576 3013 608 3052 3,
626 3009 754 3054 officio
767 3008 1114 3054 qloriosissimorum
1127 3010 1401 3057 praefectorum
1411 3020 1490 3061 pro
1507 3010 1667 3046 iussione
1685 3010 1749 3046 sol.
1764 3014 1817 3045 40.
1887 3011 1919 3045 Α
1932 3011 2105 3056 praeside
2114 3011 2169 3046 Bi
2179 3010 2223 3046 th
2229 3023 2256 3057 y
2265 3012 2311 3046 ui
2321 3023 2372 3046 ae

140 3057 210 3091 sic:
233 3055 487 3101 spectabilibus
513 3054 748 3089 chartulariis
775 3053 889 3088 tribus
911 3054 1009 3088 sacri
1029 3054 1184 3090 cubiculi
1206 3055 1273 3090 sol.
1293 3058 1325 3097 9,
1349 3054 1564 3100 primicerio
1592 3056 1876 3090 clarissimorum
1898 3055 2122 3091 tribunorum
2143 3057 2372 3091 notariorum

143 3103 186 3139 16
231 3100 295 3136 sol.
317 3103 373 3142 24,
396 3100 473 3136 eius
495 3099 657 3134 adiutori
679 3099 745 3134 sol.
771 3101 803 3140 3,
827 3098 954 3143 officio
975 3098 1324 3178 {lloriosissimorum
1343 3100 1621 3146 praefectorum
1639 3111 1713 3146 pro
1738 3100 1897 3136 iussione
1919 3100 1985 3136 sol.
2006 3104 2060 3135 40.
2152 3102 2184 3136 Α
2197 3101 2371 3147 praeside

145 3145 438 3192 Hellesponti
459 3144 532 3179 sic:
565 3143 821 3190 spectabilibus
844 3142 974 3179 charlu
990 3144 1080 3179 ariis
1105 3145 1219 3180 tribus
1236 3145 1334 3192 sacri
1355 3144 1509 3179 cubiculi
1531 3145 1597 3180 sol.
1620 3148 1652 3187 9,
1672 3145 1882 3192 primicerio
1907 3145 2190 3181 clarissimorum
2212 3146 2370 3181 tribuno-

142 3202 222 3226 rum
245 3190 472 3226 notariorum
493 3189 559 3224 sol.
586 3192 640 3231 24,
669 3189 746 3225 eius
770 3187 931 3223 adiutori
961 3189 1025 3224 sol.
1049 3192 1081 3231 3,
1116 3190 1244 3235 officio
1269 3190 1615 3242 qloriosissimorum
1667 3191 1915 3236 raefectorum
1941 3202 2012 3237 pro
2036 3190 2195 3226 iussione
2223 3190 2289 3226 sol.
2315 3194 2368 3226 40.

145 3237 187 3275 17
233 3238 264 3271 Α
286 3234 456 3286 praeside
479 3233 654 3280 Lydiae
676 3234 745 3269 sic:
778 3245 797 3267 s
825 3232 1034 3268 ectabilibus
1061 3233 1296 3270 chartulariis
1321 3234 1434 3270 tribus
1457 3235 1555 3270 sacri
1577 3246 1620 3270 cu
1646 3235 1732 3270 iculi
1762 3235 1829 3270 sol.
1855 3238 1887 3278 9,
1920 3235 2128 3282 primicerio
2154 3235 2370 3271 clarissimo-

142 3293 219 3316 rum
247 3280 471 3316 tribunorum
489 3279 717 3314 notariorum
746 3289 788 3313 so
807 3305 814 3312 .
839 3281 899 3320 24,
934 3279 1011 3313 eius
1034 3279 1196 3315 adiutori
1220 3280 1286 3315 sol.
1313 3283 1345 3322 3,
1382 3279 1510 3325 officio
1534 3279 1880 3326 qloriosissimorum
1899 3281 2178 3332 praefectorum
2204 3292 2275 3327 pro
2298 3281 2370 3316 ius-

144 3328 186 3366 18
231 3326 332 3361 sione
353 3324 419 3360 sol.
445 3328 498 3359 40.
591 3325 623 3359 A
639 3323 813 3370 praeside
830 3322 918 3357 Phr
925 3324 1064 3370 yqiae
1080 3324 1318 3361 salutaris
1339 3325 1411 3360 sic:
1434 3325 1688 3371 spectabilibus
1712 3325 1947 3372 chartulariis
1969 3325 2084 3360 tribus
2098 3325 2197 3360 sacri
2217 3325 2370 3361 cubiculi

141 3372 207 3407 sol.
230 3375 263 3414 9,
286 3370 498 3417 primicerio
524 3369 806 3404 clarissimorum
833 3367 1058 3404 tribunorum
1082 3370 1309 3406 notariorum
1332 3370 1398 3405 sol.
1423 3372 1477 3411 24,
1502 3370 1579 3405 eius
1602 3370 1765 3407 adiutori
1787 3370 1853 3406 sol.
1881 3373 1912 3411 3,
1939 3370 2066 3415 officio
2089 3370 2370 3416 qloriosissz'mo-

144 3417 186 3456 19
232 3428 312 3452 rum
329 3415 608 3462 praefectorum
627 3425 699 3460 pro
724 3413 884 3447 iussione
900 3413 967 3448 sol.
990 3418 1042 3449 40.
1148 3417 1179 3450 Α
1199 3415 1369 3461 praeside
1392 3413 1604 3451 Pisidiae
1620 3416 1692 3451 sic:
1721 3414 1976 3462 spectabilibus
2000 3414 2236 3451 chartulariis
2257 3416 2371 3452 tribus

143 3462 242 3497 sacri
265 3460 419 3496 cubiculi
440 3459 506 3495 sol.
532 3463 564 3501 9,
590 3458 804 3505 primicerio
829 3458 1112 3495 clarissimorum
1136 3460 1362 3495 tribunorum
1385 3460 1611 3496 notariorum
1630 3461 1695 3496 sol.
1718 3464 1774 3502 24,
1804 3461 1881 3496 eius
1904 3459 2064 3495 adiutori
2086 3460 2152 3496 sol.
2179 3464 2211 3504 3,
2243 3472 2264 3496 o
2277 3462 2369 3542 lficio

140 3508 187 3546 20
233 3505 576 3553 qloriosissimorum
603 3504 882 3550 praefectorum
911 3514 982 3549 pro
1012 3505 1172 3541 iussione
1205 3505 1271 3540 sol.
1295 3508 1348 3540 40.
1463 3506 1496 3540 Α
1526 3506 1696 3552 praeside
1717 3505 1983 3551 Lycaoniae
2012 3505 2083 3541 sic:
2115 3505 2370 3553 spectabiibus

189 3623 230 3655 14
256 3622 276 3663 ξ
305 3622 356 3661 15]
381 3621 446 3654 vid.
472 3622 560 3664 infra
586 3620 632 3652 ad
655 3620 709 3658 85,
735 3627 768 3652 57
801 3617 813 3663 11
841 3620 883 3652 22
917 3614 1130 3652 ἐλισπόντου
1154 3620 1186 3653 L
1210 3618 1222 3662 ΙΙ
1341 3621 1354 3652 1
1378 3618 1643 3660 primiceriorum
1667 3620 1700 3652 R
1727 3617 1739 3664 ΙΙ
1765 3622 1784 3653 2
1809 3606 1876 3652 solii
1901 3619 2002 3665 11114
2025 3622 2265 3664 praeteriorum
2286 3623 2336 3656 Β*
2358 3622 2371 3668 ΙΙ

152 3668 185 3698 ¹2
210 3664 499 3722 τριβθῦννωνΙΜ
517 3673 546 3719 ⁰13
566 3667 612 3698 ³5⁶
632 3665 652 3707 ξ
670 3665 709 3698 19
734 3671 764 3697 εἴ
781 3665 856 3697 inde
873 3677 894 3697 a
915 3664 936 3707 ᾖ
951 3665 990 3697 21
1015 3663 1220 3709 οΟΜΜΜΕΤΗ
1289 3677 1308 3708 5
1330 3664 1401 3707 solii
1424 3674 1499 3719 3¹11
1523 3677 1562 3709 14
1584 3686 1604 3707 ει
1623 3675 1734 3708 iudice
1758 3677 1853 3718 RVe]
1875 3676 2055 3721 Bithyniae
2078 3678 2127 3710 ita
2150 3679 2228 3712 add.
2253 3680 2339 3722 vulq.
2356 3678 2369 3723 Η

145 3712 186 3744 43
211 3707 496 3755 χαλτουλλαριοις
510 3712 577 3753 ,(ιά.
603 3711 657 3752 85,
679 3711 726 3751 18)
751 3709 815 3742 Ma
1289 3722 1328 3754 15
1351 3720 1458 3752 tribus
1480 3733 1536 3753 om.
1560 3721 1614 3764 Vl}
1636 3723 1675 3755 16
1688 3735 1735 3765 sq.
1755 3723 2066 3756 ix—notariorum
2081 3722 2139 3755 sol.
2154 3733 2245 3756 num.
2260 3737 2318 3757 om.
2341 3724 2372 3755 Γ

2026 3780 2092 3813 11*
