2612 4004
171 142 304 174 CIRCA
336 141 667 175 DEFUNCTORUM
697 142 922 182 EXEQUIAS

166 244 232 276 νῖν
262 240 325 277 οὐκ
356 243 450 285 εἶχον
474 241 658 288 (καθάπερ
689 244 749 275 καὶ
782 238 883 276 αὐτοὶ
914 240 957 277 τὸ
981 240 1152 288 ἡμέτερον
1177 240 1245 276 ἐδί-

167 286 285 328 δαξαν
307 286 455 334 κράτος),
479 288 595 320 ταῦτα
619 285 792 321 δαπανᾶν
821 290 903 333 περὶ
932 287 999 331 τὴν
1030 289 1108 322 τῶν
1131 285 1245 322 τελευ-

165 331 320 367 τώντων
350 332 465 374 ὁσίαν,
499 328 586 366 ὥετε
617 330 659 366 ἔκ
690 346 730 366 τε
760 331 904 367 τούτων
939 334 1018 367 τῶν
1049 330 1245 380 χρημάτων

164 381 224 411 καὶ
249 381 287 412 ἐκ
309 378 386 412 τῶν
409 374 595 424 προςόὸων
629 378 708 411 τῶν
731 381 877 423 χωρίων
900 377 967 421 τὴν
991 376 1168 422 διανομὴν
1192 381 1243 424 yt-

165 423 302 457 νεσθαι
321 426 394 457 τοῖς
413 435 453 456 τε
470 420 630 456 δεκανοῖς
653 426 712 456 καὶ
734 421 938 469 ἇσκητρίαις
963 426 1021 458 καὶ
1040 426 1245 457 κανονικαῖς

165 471 224 501 καὶ
248 465 476 509 ἀκολούθοις,
509 466 679 513 καθάπερ
712 466 758 502 ἄν
781 465 1038 506 ὑποκατιόντες
1065 466 1243 509 διαταξώ-

163 513 274 557 μεθά.
320 514 398 547 τῶν
415 512 483 559 γὰρ
505 508 627 546 αὐτῶν
649 511 948 559 θεοφιλεστάτων
968 514 1172 557 οἰκονόμων
1193 512 1242 547 δι-

164 556 357 598 δαξάντων
382 555 430 592 ais
461 557 523 600 οὐχ
547 557 626 591 οἷόν
651 562 692 592 τέ
712 561 814 593 ἐστιν
845 561 884 592 ἐκ
907 560 984 592 τῶν
1008 563 1155 604 χωρίων
1178 559 1242 593 τοῦ

164 602 289 637 λοιποί·
320 601 388 656 τὴν
418 600 531 647 αὐτὴν
564 602 739 651 πρόςοδον
770 604 1061 651 περισώζεσθαι,
1098 604 1243 638 εἰκότως

1243 127 1325 173 319

2049 126 2155 171 Nov.
2179 128 2274 171 LIX
2301 130 2337 170 2.
2370 129 2394 169 3

1315 251 1386 276 non
1411 239 1592 276 habebant
1624 239 1731 283 (sicut
1755 241 1791 275 et
1814 240 1883 285 ipsi
1916 242 2074 276 nostram
2103 239 2303 275 docuerunt
2326 250 2390 292 po-

1315 288 1506 329 testatem),
1529 295 1590 321 eas
1608 285 1808 329 expendere
1831 285 1926 321 circa
1942 286 2193 321 defunctorum
2211 294 2390 330 exequlas,

1314 335 1355 366 ut
1386 333 1422 366 et
1457 341 1504 367 ex
1536 330 1592 366 his
1623 330 1785 375 pecuniis
1821 335 1856 366 et
1887 341 1931 367 ex
1963 331 2134 366 reditibus
2166 330 2391 375 praediorum

1314 376 1518 412 distributio
1543 376 1606 411 fiat
1631 378 1666 411 et
1687 375 1831 411 decanis
1855 380 1890 411 et
1911 377 2072 412 ascetriis
2094 380 2130 411 et
2155 376 2335 411 canonicis
2356 378 2391 410 et

1281 422 1508 464 5acoluthis‚
1542 421 1636 457 sicut
1666 420 1918 457 descendentes
1949 421 2199 456 ordinavimus.
2245 421 2390 456 Eisdem

1314 467 1406 502 enim
1427 467 1493 503 deo
1513 466 1722 503 amabilibus
1744 467 1946 501 oeconomis
1969 466 2191 509 docentibus,
2218 466 2302 510 quia
2320 466 2390 500 iam

1312 512 1531 558 impossibile
1563 514 1618 548 est
1648 521 1693 547 ex
1717 510 1871 556 praediis
1904 512 2099 546 de-ucetero
2125 512 2274 546 eundem
2298 511 2389 546 redi-

1312 562 1388 592 tum
1424 558 1571 601 salvari,
1608 559 1705 592 recte
1738 567 1803 591 nos
1839 560 2079 591 trecentorum
2117 557 2390 600 ergasteriorum

1313 605 1531 638 crementum
1556 602 1798 639 distribuimus
1827 601 1913 636 huic
1937 602 2049 646 parti,
2083 602 2251 646 quatinus
2274 601 2388 636 incul-

164 645 258 704 {msts
289 662 356 691 την
387 662 464 682 των
496 653 715 695 τριακοσίων
751 650 998 703 ἐρχριστηρίων
1034 648 1243 701 προςθήκην
1262 652 1298 683 10
1312 648 1477 701 pabiliter
1502 648 1597 693 quod
1616 648 1791 683 hactenus
1811 646 1933 682 datum
1958 650 2012 681 est
2028 647 2274 682 laborantibus
2297 647 2391 681 circa

163 697 407 738 απενείμαμεν
431 692 550 737 τούτῳ
576 695 630 737 τῷ
651 698 768 742 μέρει,
801 705 899 729 οπως
923 693 1176 737 ανεπιλήπτως
1199 707 1241 728 το

163 742 263 784 μέχρι
287 741 355 773 νῦν
378 737 569 784 διδόμενον
594 743 666 774 τοῖς
690 739 863 784 κάμνουσι
888 742 969 785 περὶ
994 738 1060 781 τὴν
1077 740 1155 773 τῶν
1176 738 1241 773 λει-

164 784 292 828 ψάνων
316 783 471 830 ἐκφορὰν
502 788 560 818 καὶ
586 785 710 830 ἑφεξῆς
734 783 874 827 δοθείη,
897 787 1060 818 τουτέστι
1085 794 1149 828 per
1168 785 1240 819 Sin-

162 829 283 872 gulum
315 839 469 864 mensem
500 830 778 884 quadringentos
808 829 966 884 solidos,‚
991 831 1242 875 μεριζομένου»-

1311 696 1477 729 tunerum
1510 693 1679 738 exequias
1712 692 1880 736 deinceps
1905 692 2017 734 detur,
2050 692 2118 727 hoc
2144 696 2199 727 est
2230 702 2294 736 per
2318 692 2388 727 sin-

1311 740 1432 783 gulum
1456 748 1612 774 mensem
1637 738 1912 784 quadringentos
1938 737 2071 772 solidos
2101 737 2304 772 dividendos
2330 738 2389 772 de-

1315 785 1412 819 canis
1432 787 1468 819 et
1485 783 1662 819 acoluthis
1688 786 1723 818 et
1743 783 1906 818 ascetriis
1931 786 1966 817 et
1987 782 2170 817 canonicis
2195 782 2390 817 secundum

1313 840 1403 873 quae
1427 830 1601 865 hactenus
1625 829 1721 874 apud
1749 838 1810 864 eos
1834 827 1950 862 tenuit
1971 827 2211 870 consuetudo,
2245 827 2314 862 hoc
2338 831 2391 862 est

162 877 234 907 τοῖς
266 887 305 907 τε
330 873 491 909 δεκανοῖς
523 879 582 908 καὶ
613 874 827 909 ακολούθοις
856 877 915 908 καὶ
945 878 1154 928 ,ασκητρίαις
1182 877 1242 907 καὶ
1258 876 1297 907 15
1312 875 1457 909 decanis
1483 875 1623 919 quidem
1647 885 1712 919 pro
1738 874 1875 918 singulo
1899 883 2020 908 mense
2046 876 2187 908 centum
2212 872 2392 917 octoginta

163 923 365 953 κανονικαῖς
390 919 480 954 κατὰ
506 919 548 954 τὸ
571 923 673 966 μέχρι
703 921 769 954 νῦν
795 918 885 964 παρ’
914 922 1031 953 αυτοῖς
1055 920 1242 964 κρατῆσαν

162 964 248 997 ἔθος
273 967 448 1005 (τουτέστι
481 969 553 999 τοῖς
583 967 651 1009 μὲν
674 963 834 998 δεκανοῖς
857 974 921 1009 per
945 965 1121 1009 singulum
1145 974 1240 999 men-

163 1019 236 1044 sem
256 1014 399 1044 centum
416 1011 597 1054 octoginta
614 1010 702 1046 duos
720 1009 863 1052 solidos,
883 1013 961 1043 ταῖς
979 1008 1017 1043 δὲ
1033 1007 1241 1055 ἀσκητρίαις

162 1055 357 1099 nonaginta
380 1067 489 1090 unum
515 1055 664 1098 solidos,
697 1058 757 1088 καὶ
785 1058 858 1089 τοῖς
881 1051 1096 1089 ἀκολούθοις
1128 1064 1240 1090 nona-

1312 919 1402 955 duos
1428 921 1581 962 solidos,
1617 919 1779 955 ascetriis
1803 920 1923 953 autem
1946 918 2142 962 nonaginta
2172 928 2283 953 unum
2307 917 2390 952 soli-

1311 965 1386 1005 dos,
1420 967 1456 999 et
1481 965 1658 1000 acoluthis
1691 964 1883 1008 nonaginta
1904 975 2014 999 unum
2039 963 2189 1007 solidos,
2224 966 2260 998 et
2284 973 2390 997 cano-

1310 1010 1402 1044 nicis
1432 1010 1577 1053 triginta
1605 1020 1667 1045 sex
1692 1009 1846 1053 solidos,
1882 1009 2147 1054 congregandos
2180 1008 2321 1052 quidem
2345 1007 2391 1042 ab

1311 1055 1443 1090 eisdem
1475 1056 1540 1090 deo
1571 1055 1784 1090 amabilibus
1809 1056 2030 1097 oeconomis,
2061 1054 2248 1090 solvendos
2273 1056 2391 1088 autem

161 1100 259 1143 ginta
284 1112 391 1136 unum
415 1100 563 1142 solidos,
599 1103 658 1134 καὶ
681 1102 758 1134 ταῖς
781 1103 985 1134 κανονικαῖς
1009 1100 1155 1144 triginta
1178 1110 1242 1135 sex
1254 1101 1295 1133 20
1309 1100 1347 1135 in
1374 1100 1425 1136 eis
1451 1101 1513 1145 qui
1538 1103 1800 1136 consueverunt
1824 1100 1988 1145 accipere
2011 1109 2076 1146 per
2101 1110 2165 1136 sex
2187 1109 2336 1135 menses.

163 1145 321 1188 solidos),
347 1143 626 1192 ἀθροιζομένους
648 1147 715 1188 μὲν
739 1144 838 1180 παοά
859 1146 937 1179 τῶν
962 1143 1086 1179 αὐτῶν
1115 1145 1242 1190 θεοφι-

163 1189 348 1225 λεστάτων
371 1191 590 1235 οἰκονόμων,
627 1176 959 1234 καταβαλλομένους
998 1188 1038 1224 δὲ
1068 1191 1129 1225 ἐπὶ
1159 1190 1242 1224 τοὺς

162 1235 342 1270 εἰωθότας
366 1236 582 1280 κομίζεσθαι
606 1235 700 1269 κατὰ
730 1245 793 1271 sex
818 1245 970 1271 menses.

1149 1348 1305 1384 CAPUT
1336 1348 1400 1384 111.

214 1419 279 1451 Δεῖ
306 1413 345 1449 δὲ
377 1415 419 1450 τὸ
450 1419 517 1469 μὲν
547 1415 745 1461 ἐπιβάλλον
776 1418 840 1451 τοῦ
864 1419 1011 1470 χρυσίω(
1037 1419 1141 1460 μέρος
1168 1420 1245 1451 ταῖς

1372 1416 1523 1460 Oportet
1548 1420 1666 1451 autem
1691 1418 1952 1461 competentem
1984 1416 2124 1461 quidem
2157 1417 2234 1450 auri
2258 1417 2395 1460 partem

161 1459 438 1505 εὐλαβεστάταις
469 1466 676 1516 asumptum
708 1460 884 1515 δίδοσθαι
916 1474 1017 1507 παρα
1047 1463 1126 1496 τῶν
1158 1462 1243 1495 &so—
1259 1463 1300 1496 25
1314 1461 1608 1496 reverentissimis
1633 1462 1795 1497 ascetriis
1817 1462 1895 1496 dari
1918 1472 1940 1496 a
1961 1462 2027 1497 deo
2052 1461 2265 1497 amabilibus
2290 1471 2394 1496 oeco-

162 1506 391 1552 φιλεστάτων
422 1507 623 1551 οἰκονομων
655 1520 748 1542 κατα
779 1506 845 1551 τὴν
870 1507 1059 1552 εἰρημένην
1084 1507 1244 1554 προθεσ-

161 1556 249 1596 μίαν
274 1551 435 1598 Εὐγενίῳ
469 1554 522 1595 τῷ
556 1551 831 1597 θεοφιλεστάτῳ
864 1551 1022 1595 διακόνῳ
1057 1555 1116 1585 καὶ
1149 1552 1243 1593 ξενο-

162 1596 256 1640 δόχῳ
281 1598 345 1630 τοῦ
370 1596 461 1630 κατὰ
479 1597 650 1644 Σαμψὼν
673 1597 739 1632 τὸν
763 1599 824 1641 τῆς
849 1596 949 1631 ὁσίας
972 1595 1112 1641 μνήμης
1137 1598 1244 1637 ξενῶ-

163 1654 222 1676 ιός
258 1645 317 1676 καὶ
357 1644 420 1676 τοῦ
459 1639 550 1697 παρ’
587 1641 690 1687 ἡμῶν
725 1641 922 1677 συστάντος
957 1646 1016 1676 καὶ
1052 1646 1124 1677 τοῖς
1158 1640 1241 1687 μετ)

1313 1507 1427 1542 nomis
1453 1507 1648 1542 secundum
1673 1507 1784 1542 dictas
1809 1507 1964 1542 indutias
1990 1507 2150 1550 Eugenio
2182 1506 2247 1540 deo
2273 1516 2394 1541 aman-

1314 1552 1451 1587 tissimo
1487 1552 1639 1587 diacono
1677 1556 1713 1587 et
1748 1553 1958 1588 xenodocho
1995 1552 2188 1588 secundum
2221 1552 2396 1596 Sampson

1315 1600 1462 1633 sanctae
1486 1598 1675 1633 memoriae
1704 1598 1920 1633 xenodochii
1950 1601 1986 1633 et
2011 1597 2106 1643 quod
2136 1608 2158 1632 a
2181 1597 2284 1632 nobis
2311 1607 2395 1631 con·

1315 1643 1479 1678 stitutum
1502 1647 1567 1686 est,
1601 1647 1637 1678 et
1661 1643 1721 1687 qui
1745 1648 1827 1688 post
1860 1654 1940 1678 eum
1971 1643 2106 1678 fuerint
2136 1643 2201 1677 deo
2227 1642 2395 1677 amantis-

163 1686 275 1722 αὐτὸν
291 1686 588 1741 θεοφιλεστατοις
605 1686 803 1730 ξενοὸόχοις
820 1688 1116 1742 τῶνιείρημτένων
1137 1687 1244 1728 ξενώ-
1258 1691 1301 1722 30
1316 1689 1394 1724 simi
1431 1688 1632 1724 xenodochi
1673 1691 1950 1724 memoratorum
1989 1688 2312 1730 xenodochiorum,
2355 1697 2395 1722 eo

164 1746 249 1775 νων,
269 1730 330 1766 διὰ
348 1732 390 1767 τὸ
410 1732 472 1766 τὰς
491 1737 683 1780 ασκητρίας
704 1733 765 1767 τὰς
784 1734 831 1767 εἰς
851 1746 989 1776 ταυτην
999 1732 1246 1780 υπουργούσας

161 1777 227 1821 τὴν
262 1781 386 1823 χρείαν
421 1775 492 1813 ὑπὸ
525 1778 606 1813 τοὺς
640 1778 734 1812 κατὰ
770 1778 897 1825 καιρὸν
931 1776 1136 1820 ξενοὸόχους
1168 1779 1246 1812 τῶν

162 1825 361 1880 εἰρημένων
384 1820 526 1870 εὖαγῶν
547 1822 719 1864 ξενώνων
739 1823 873 1858 τελεῖν·
905 1822 946 1858 τὸ
966 1821 1006 1857 δὲ
1030 1823 1157 1868 αἱροῦν
1173 1826 1246 1858 τοῖς

161 1882 200 1903 τε
226 1867 439 1902 ακολούθοις
462 1872 521 1902 καὶ
545 1873 623 1903 ταῖς
647 1866 926 1913 εὖλαβεστάταις
954 1872 1158 1903 κανονικαῖς
1185 1865 1244 1903 ais-

1317 1734 1411 1778 quod
1435 1734 1610 1769 ascetriae
1642 1734 1688 1768 ad
1712 1736 1781 1769 hoc
1806 1734 2049 1769 ministrantes
2081 1744 2172 1778 opus
2197 1733 2264 1769 sub
2285 1743 2394 1768 xeno-

1317 1779 1442 1814 dochis
1466 1789 1531 1823 per
1555 1781 1697 1823 tempus
1722 1783 2000 1814 memoratorum
2016 1778 2270 1815 venerabilium
2287 1789 2395 1813 xeno-

1317 1824 1512 1859 dochorum
1549 1825 1766 1859 constitutae
1802 1824 1891 1869 sint;
1936 1825 2030 1868 quod
2067 1826 2187 1860 autem
2225 1824 2398 1868 contingit

1317 1869 1504 1905 acoluthos
1530 1874 1565 1905 et
1588 1870 1890 1905 reverentissimas
1916 1870 2107 1905 canonicas
2136 1869 2296 1905 similiter
2321 1869 2397 1903 dari

163 1912 279 1948 αὔτως
316 1912 490 1948 δίδοσθαι
525 1914 624 1967 napi}
662 1916 740 1948 τῶν
782 1912 906 1948 αὐτῶν
943 1912 1247 1959 θεοφιλεστάτων
1261 1917 1302 1949 35
1317 1915 1362 1950 ab
1395 1915 1529 1950 eisdem
1564 1915 1629 1950 deo
1664 1915 1876 1951 amabilibus
1909 1916 2111 1951 oeconomis
2146 1919 2182 1950 et
2214 1915 2274 1959 qui
2302 1925 2397 1950 nunc

162 1956 363 2003 οἰκονόμων
398 1963 470 1993 τοῖς
504 1973 545 1994 τε
580 1974 648 1994 νυν
684 1961 889 2005 ἐφεστῶσιν
925 1957 1045 1993 αὐτοῖς
1081 1962 1140 1993 καὶ
1175 1962 1248 1993 τοῖς

161 2049 472 2096 (quemadmodum
496 2049 568 2094 ipsi
590 2050 791 2094 potentiam
823 2053 985 2084 nostram
1009 2050 1224 2092 docuerunt)
1256 2050 1293 2085 in
1324 2050 1501 2095 exequias
1525 2049 1784 2094 defunctorum
1807 2049 2030 2096 expendere,
2061 2050 2114 2085 ita
2136 2054 2178 2086 ut
2200 2055 2236 2086 et
2257 2062 2307 2087 ex
2330 2051 2398 2086 hac

157 2094 315 2141 pecunia
339 2098 374 2130 et
397 2105 446 2130 ex
470 2093 644 2129 reditibus
660 2093 901 2140 praediorum
925 2094 1133 2130 distributio
1162 2095 1231 2140 fiat
1263 2095 1358 2130 inter
1389 2095 1546 2130 decanos
1578 2100 1613 2130 et
1643 2095 1819 2131 ascetrias
1850 2100 1885 2130 et
1909 2095 2106 2130 canonicas
2137 2099 2172 2131 et
2196 2096 2397 2138 acoluthos,

162 2139 459 2186 quemadmodum
480 2139 701 2184 procedente
723 2139 891 2174 oratione
915 2140 1180 2175 constituemus.
1240 2140 1325 2176 Cum
1349 2141 1441 2175 enim
1466 2140 1572 2175 iidem
1605 2139 1671 2175 deo
1698 2140 1876 2175 carissimi
1900 2142 2089 2176 oeconomi
2118 2152 2186 2176 nos
2209 2141 2397 2177 docuerint

162 2196 236 2221 non
263 2195 372 2231 posse
402 2194 452 2219 ex
482 2184 645 2229 praediis
675 2184 714 2217 in
736 2188 930 2235 posterum
961 2185 1111 2219 eundem
1135 2184 1289 2219 reditum
1307 2185 1463 2230 profici,
1495 2185 1621 2220 merito
1653 2196 1722 2220 nos
1744 2189 1984 2221 trecentarum
2017 2186 2251 2231 officinarum
2282 2188 2397 2222 incre-

163 2236 318 2265 mentum
343 2229 424 2264 huic
446 2229 550 2274 parti
565 2228 832 2270 destinavimus,
856 2232 897 2263 ut
911 2228 1010 2274 quod
1025 2240 1138 2274 usque
1163 2229 1253 2264 adeo
1278 2229 1323 2263 iis
1344 2230 1405 2274 qui
1425 2229 1662 2265 cadaveribus
1681 2229 1876 2275 efferendis
1897 2241 1918 2265 o
1947 2242 2045 2266 eram
2059 2235 2256 2277 praestant
2274 2232 2397 2267 datum

163 2279 228 2317 est,
260 2275 400 2319 inteqre
432 2274 539 2308 etiam
570 2272 738 2319 deinceps
768 2273 883 2315 detur,
917 2273 1068 2308 dicimus
1092 2285 1165 2319 per
1189 2274 1354 2319 sinqulos
1384 2285 1521 2309 menses
1546 2274 1702 2320 quadrin
1731 2279 1814 2310 enta
1836 2242 1990 2317 solidos,
2022 2275 2288 2312 distribuendos
2312 2278 2397 2312 illos

163 2321 258 2355 inter
282 2319 439 2354 decanos
470 2322 505 2353 et
529 2317 720 2352 acoluthos
750 2322 786 2353 et
808 2318 984 2353 ascetrias
1013 2322 1048 2353 et
1073 2319 1267 2353 canonicas
1297 2318 1492 2354 secundum
1517 2323 1690 2354 consuetu
1718 2320 1811 2354 inem
1842 2331 1937 2371 quae
1961 2331 2074 2365 usque
2098 2320 2189 2356 adeo
2214 2322 2315 2368 apud
2336 2334 2396 2357 eos

165 2365 317 2401 obtinuit
342 2363 422 2406 (hoc
446 2366 500 2398 est
522 2362 669 2398 decanis
693 2362 835 2408 quidem
853 2374 926 2408 per
949 2363 1113 2408 sinqulos
1137 2374 1274 2399 menses
1298 2366 1437 2399 centum
1462 2364 1649 2410 octoqinta
1673 2364 1764 2399 duos
1781 2364 1930 2406 solidos,
1957 2365 2122 2400 ascetriis
2142 2370 2260 2401 autem
2282 2378 2396 2402 nona·-

163 2411 266 2458 qinta
290 2420 400 2443 unum
424 2407 572 2449 solidos,
597 2412 632 2443 et
655 2406 835 2442 acoluthis
859 2409 1062 2454 nonaqinta
1085 2419 1196 2442 unum
1219 2408 1369 2450 solidos,
1394 2412 1430 2444 et
1453 2409 1640 2444 canonicis
1665 2409 1816 2455 triqz'nta
1839 2420 1908 2444 sex
1931 2409 2090 2453 solidos),
2116 2415 2150 2445 et
2174 2411 2396 2457 colliqendos

164 2457 209 2491 ab
233 2455 357 2490 iisdem
381 2453 447 2489 deo
473 2453 670 2494 carissimis
694 2453 896 2488 oeconomis
920 2457 955 2488 et
976 2457 1082 2488 sexto
1107 2464 1250 2499 quoque
1274 2464 1392 2489 mense
1414 2453 1607 2489 solvendos
1631 2454 1675 2489 iis
1699 2454 1763 2500 qui
1786 2455 1937 2499 auferre
1961 2461 2233 2492 consueverunt.

299 2499 362 2534 III.
414 2498 566 2544 Oportet
589 2502 707 2533 autem
731 2509 809 2533 eam
833 2497 975 2543 quidem
1000 2498 1082 2532 auri
1099 2504 1247 2544 partem
1298 2509 1366 2534 uae
1396 2499 1464 2534 reli
1491 2499 1679 2534 iosissimis
1704 2500 1867 2534 ascetriis
1891 2500 2063 2546 competit
2096 2512 2119 2536 a
2150 2501 2217 2536 deo
2250 2503 2394 2538 carissi-

165 2548 230 2581 mis
254 2544 458 2581 oeconomis
481 2544 579 2578 intra
603 2543 735 2578 dictum
761 2543 933 2589 temporis
955 2543 1113 2589 spatium
1146 2543 1229 2578 dari
1253 2509 1418 2589 Zuqenio
1450 2510 1517 2580 (feo
1539 2544 1726 2579 carissimo
1751 2544 1905 2580 diacono
1937 2549 1973 2581 et
2001 2545 2220 2582 xenodocho
2246 2546 2396 2594 hospitii

165 2591 379 2637 Sampsonis
401 2592 549 2624 sanctae
572 2589 765 2623 memoriae
788 2588 934 2633 eiusque
959 2588 1058 2634 quod
1081 2599 1103 2623 a
1128 2588 1232 2623 nobis
1255 2589 1490 2624 constitutum
1514 2594 1569 2625 est
1591 2588 1751 2636 hospitii,
1777 2594 1886 2635 atque
1909 2590 1955 2625 iis
1978 2591 2042 2636 qui
2062 2595 2150 2636 post
2171 2603 2250 2627 eum
2273 2593 2395 2638 futuri

164 2641 246 2672 sunt
270 2636 336 2670 deo
361 2634 559 2681 carissimis
581 2632 809 2669 xenodochis
833 2633 1012 2668 dictorum
1037 2632 1289 2679 hospitiorum,
1308 2637 1510 2680 propterea
1534 2634 1634 2680 quod
1656 2635 1833 2670 ascetriae
1858 2646 1951 2680 quae
1975 2635 2024 2670 ad
2046 2635 2142 2671 hunc
2165 2648 2267 2672 usum
2291 2639 2393 2673 mini-

164 2685 285 2716 strant
314 2679 378 2715 sub
401 2678 627 2714 xenodochis
661 2678 724 2724 qui
747 2689 823 2730 pro
858 2683 1016 2724 tempore
1046 2682 1134 2714 sunt
1160 2689 1347 2713 sacrorum
1379 2679 1526 2714 illorum
1550 2679 1789 2725 hospitiorum
1821 2679 1998 2716 habentur
2006 2693 2020 2722 ,·
2055 2692 2134 2716 eam
2158 2686 2276 2717 autem
2299 2695 2394 2734 quae

165 2726 311 2762 debetur
333 2723 514 2760 acoluthis
537 2728 572 2759 et
595 2723 876 2769 reliqioszssimis
900 2723 1086 2758 canonicis
1109 2723 1274 2758 similiter
1299 2724 1342 2758 ab
1363 2724 1487 2759 iisdem
1512 2724 1578 2759 deo
1597 2725 1793 2759 carissimis
1810 2726 2016 2760 oeconomis
2032 2725 2114 2761 dari
2131 2732 2166 2762 et
2182 2728 2226 2762 iis
2242 2739 2302 2774 qui
2320 2729 2393 2763 iilis

1309 2817 1386 2857 pius
1411 2816 1450 2847 de
1472 2817 1572 2857 aedis}
1597 2817 1619 2848 l
1643 2818 1661 2849 2
1682 2823 1760 2849 extr.
1788 2815 1801 2860 ΙΙ
1839 2817 1881 2850 29
1906 2818 1966 2848 καὶ
1989 2816 2068 2849 τῶν
2088 2814 2180 2862 παρ’
2208 2814 2310 2862 ἡμῶν
2336 2831 2394 2852 συ-

211 2818 231 2850 2
248 2815 376 2856 ταῦτα]
397 2817 456 2847 καὶ
477 2815 593 2847 ταῦτα
610 2816 641 2847 L
658 2815 669 2858 {l
688 2812 755 2856 τὴν
776 2827 834 2847 om.
849 2816 894 2866 A(
904 2816 915 2856 ΙΙ
943 2817 961 2847 3
985 2809 1079 2848 ὥστε
1104 2817 1141 2846 ἐκ
1166 2813 1243 2848 τού-

1313 2855 1483 2892 στάντων
1499 2860 1530 2911 L
1549 2859 1561 2904 ΙΙ
1577 2861 1620 2894 30
1638 2858 1810 2899 ξενώνων
1829 2881 1872 2885 —-
1893 2862 1934 2894 33
1956 2861 2154 2905 εἰρημένων
2174 2865 2221 2897 bis
2241 2877 2302 2897 scr.
2319 2866 2365 2898 M
2381 2865 2392 2905 [1

165 2873 242 2895 των
254 2860 330 2895 τῶν
344 2857 531 2906 προςόδων
551 2862 610 2892 καὶ
631 2860 669 2892 ἐκ
689 2859 767 2892 τῶν
779 2871 974 2903 χρηματων
992 2860 1024 2892 L
1054 2859 1066 2903 fl
1094 2861 1114 2892 6
1129 2857 1243 2892 καθά-

165 2919 233 2950 περ
251 2907 308 2946 Μ]
336 2907 395 2938 καὶ
420 2902 590 2949 καθάπερ
616 2905 673 2940 Ες
692 2904 703 2947 ΙΙ
720 2902 983 2948 ὃιαταξαὶμεθα
999 2905 1056 2945 Μ]
1083 2902 1243 2944 διεταξά-

165 2951 266 2995 μεθα
284 2952 338 2986 Le
355 2951 367 2994 ΙΙ
385 2953 403 2984 7
424 2948 678 2989 διαταξάντων
690 2951 721 2982 L
739 2949 751 2992 ΙΙ
779 2951 818 2983 10
842 2950 996 2994 ἐργαστη
1022 2952 1090 2983 ίων
1110 2963 1167 2983 οηι.
1182 2952 1212 2983 L
1234 2949 1245 2993 ΙΙ

168 3000 205 3030 11
233 2993 375 3029 τούτων
399 2996 431 3028 L
460 2996 472 3038 ss
505 2997 546 3029 13
571 2998 631 3027 καὶ
655 3008 713 3028 om.
740 3006 758 3030 ς
785 2994 797 3037 ΙΙ
826 3005 884 3036 per
908 2995 1005 3035 singu
1022 3006 1077 3027 um
1101 3006 1244 3028 mensem

167 3041 404 3082 quadragintos
428 3037 554 3073 solidos
578 3040 616 3080 (s.
635 3054 663 3073 v.
686 3035 755 3072 ἀνὰ
776 3041 930 3072 ἕκαστον
952 3040 1049 3082 μῆνα
1073 3037 1243 3084 τεσσαρά-

167 3097 279 3118 κοντα
299 3086 518 3127 νομίσματα)
543 3084 759 3129 μεριζόμενα
779 3086 852 3117 τοῖς
875 3097 915 3117 τε
935 3081 1095 3118 δεκανοῖς
1116 3086 1162 3118 M
1179 3086 1244 3118 ἕνα

166 3131 320 3163 ἕκαστον
343 3130 440 3171 μῆνα
460 3132 532 3162 τοῖς
550 3141 590 3162 τε
610 3126 770 3162 δεκανοῖς
786 3130 818 3162 L
834 3129 846 3173 ΙΙ
869 3132 908 3163 15
927 3126 1162 3163 ἇκουλούθοις
1176 3131 1222 3163 Μ
1235 3131 1245 3173 [j

172 3178 210 3209 16
235 3176 438 3207 κανονικαῖς
463 3172 564 3215 κατὰ]
596 3185 792 3207 κανονικως
820 3176 879 3206 καὶ
904 3172 995 3206 κατὰ
1020 3176 1050 3207 L
1077 3174 1090 3219 ΙΙ
1122 3178 1161 3208 17
1186 3186 1245 3218 per

168 3220 339 3262 singulum
359 3229 502 3252 mensem
524 3221 661 3260 (mensm
675 3221 719 3259 L)
745 3221 878 3252 centum
896 3220 1065 3261 octaginta
1085 3220 1168 3253 duos
1192 3231 1244 3253 so-

168 3265 253 3298 lidos
278 3265 445 3305 (nomdoss
464 3265 520 3305 L),
557 3277 581 3297 s.
596 3278 624 3297 υ.
650 3261 718 3296 ἀνὰ
741 3265 895 3297 ἕκαστον
920 3262 1062 3305 (ἑκατὸν
1083 3266 1125 3300 L)
1149 3266 1246 3308 μῆνα

168 3307 298 3343 ἑκατὸν
329 3305 551 3354 ὀγδοήκοντα
581 3305 643 3341 δύο
675 3312 763 3354 (ρπβ
770 3308 778 3319 ’
804 3310 847 3342 Μ
850 3312 861 3350 )
893 3312 1098 3353 νομίσματα
1123 3310 1169 3344 M
1169 3311 1200 3344 L
1235 3310 1247 3355 Η

171 3358 211 3390 19
225 3356 409 3396 nonaginta
426 3365 531 3386 unum
551 3354 674 3386 solidos
692 3357 722 3394 ς]
748 3352 962 3396 ἐνενήκοντα
976 3358 1182 3399 νομίσματα
1195 3357 1245 3397 M

169 3414 227 3434 om.
246 3401 276 3433 L
299 3400 312 3443 ΙΙ
341 3400 469 3434 19—21
493 3406 641 3442 expectas
661 3402 721 3432 καὶ
743 3401 820 3432 ταῖς
844 3402 1047 3432 κανονικαῖς
1063 3401 1246 3443 nonaginta

168 3456 273 3478 unum
290 3445 412 3478 solidos
432 3446 491 3477 καὶ
507 3446 578 3477 τοῖς
595 3441 808 3477 ἀκολούθοις
823 3444 964 3486 triginta
981 3455 1035 3477 sex
1053 3446 1175 3479 solidos
1188 3447 1243 3488 (ef.

170 3502 241 3533 cap.
251 3492 283 3531 5)
292 3489 304 3535 ss
316 3489 501 3531 nonaginta
513 3500 616 3523 unum
630 3489 750 3522 solidos
760 3490 842 3530 ML,
852 3502 877 3522 s.
888 3503 916 3525 v.
927 3486 1142 3532 ἐνενήκοντα
1156 3493 1195 3524 ἓν
1208 3493 1247 3524 ἓν

168 3548 246 3578 νομ.
260 3537 302 3576 L,
327 3531 541 3577 ἐνενήκοντα
557 3547 637 3578 νομ.
652 3535 697 3568 Μ
710 3533 722 3578 ΙΙ
740 3536 781 3568 20
795 3535 912 3576 trigita
925 3536 956 3568 L
976 3534 987 3579 l}
1005 3537 1045 3569 21
1056 3549 1102 3579 sq.
1120 3533 1245 3582 ἀθροι-

171 3581 336 3622 ζομένους
373 3588 401 3614 et
437 3578 769 3623 καταβαλλομένους
802 3580 871 3621 Le]
909 3576 1186 3625 ἀθροιζομένων
1219 3589 1248 3615 et

169 3623 498 3669 καταβαλλομένων
517 3626 564 3658 M
572 3626 584 3669 ΙΙ
611 3622 709 3669 παρὰ
732 3624 811 3658 τῶν
831 3623 954 3658 αὐτῶν
968 3624 1012 3658 Μ
1016 3627 1045 3666 ς]
1073 3624 1164 3671 παρ’
1189 3623 1248 3660 αὖ·

168 3669 246 3702 τῶν
258 3670 334 3703 τῶν
347 3671 379 3704 L
398 3671 410 3713 [Ι
427 3671 469 3704 22
487 3671 547 3704 ἐπὶ
564 3671 619 3711 Μ]
641 3667 730 3703 κατὰ
745 3671 775 3703 L
794 3669 807 3715 ss
824 3671 865 3704 23
880 3669 972 3703 κατὰ
984 3681 1038 3703 sex
1052 3682 1176 3705 menses
1190 3673 1246 3712 M]

168 3713 206 3753 ἒξ
228 3714 341 3758 μῆνας
363 3715 405 3749 Μ
415 3729 440 3749 s.
455 3729 495 3758 v.‚
510 3717 540 3749 L
559 3715 571 3759 ΙΙ
590 3717 632 3750 28
655 3715 814 3760 σαμψῶν
832 3715 909 3748 τῶν
925 3715 986 3758 τῆς
998 3717 1038 3749 L.
1065 3717 1116 3760 Cf.
1129 3717 1247 3750 Proco-

1313 2905 1355 2937 32
1372 2902 1443 2937 ὑπὸ
1465 2917 1543 2937 των
1564 2903 1655 2938 κατὰ
1675 2904 1817 2950 καιροὺς
1838 2903 2040 2948 ξενοδόχων
2053 2908 2084 2941 L
2103 2907 2116 2952 ss
2133 2910 2173 2942 33
2197 2908 2322 2954 αἱροῦν
2335 2911 2378 2943 M
2386 2914 2391 2950 l

1312 2950 1435 2994 ἕτερον
1459 2950 1490 2982 L
1517 2949 1529 2993 ΙΙ
1551 2951 1594 2984 36
1618 2953 1669 2991 τε]
1696 2953 1772 2984 ταῖς
1796 2952 1826 2984 L

1359 3041 1377 3071 3
1404 3050 1442 3071 ex
1465 3047 1629 3082 utrumque
1654 3053 1710 3072 om.
1734 3054 1750 3072 r
1779 3040 1790 3082 ΙΙ
1820 3042 1841 3074 4
1866 3043 1898 3072 et
1921 3042 2080 3082 ascetriis]
2107 3053 2146 3074 ex
2170 3044 2332 3077 asciteriis
2367 3046 2397 3078 V

1313 3084 1485 3116 assisteriis
1505 3097 1522 3117 r
1537 3083 1549 3128 fl
1569 3087 1601 3117 et
1615 3084 1790 3126 acoluthis]
1811 3085 1941 3118 acolitis
1961 3088 1993 3117 et
2018 3100 2035 3119 r
2050 3087 2106 3130 Vll
2125 3090 2144 3122 5
2161 3088 2258 3129 sicut]
2280 3090 2327 3121 sic
2348 3103 2364 3122 r

1313 3129 1540 3162 ordinabimus
1566 3130 1661 3163 Beck
1685 3131 1766 3163 male
1795 3130 1807 3173 ΙΙ
1837 3130 1981 3163 eiusdem
2006 3144 2023 3163 r
2053 3131 2064 3175 ΙΙ
2095 3134 2115 3166 6
2140 3133 2289 3166 docentis
2321 3135 2354 3167 V
2380 3090 2393 3179 11

1316 3177 1353 3208 11
1381 3174 1519 3215 exequie.
1540 3175 1574 3208 V
1590 3175 1602 3218 ss
1631 3174 1796 3217 deinceps]
1822 3177 1854 3207 et
1878 3175 2032 3218 deinceps
2055 3178 2140 3218 vulq.
2166 3178 2178 3221 ΙΙ
2208 3178 2390 3222 singulum]

1314 3220 1467 3252 funerum
1488 3219 1522 3252 V
1539 3219 1551 3263 ΙΙ
1584 3221 1625 3254 12
1650 3220 1886 3261 quadrigentos
1911 3233 1928 3252 r
1945 3220 1956 3263 ΙΙ
1988 3222 2028 3254 13
2054 3214 2184 3255 acolitis
2208 3237 2225 3256 r
2242 3224 2276 3256 V
2293 3233 2322 3257 et
2345 3227 2392 3258 sic

1315 3267 1404 3308 infra
1425 3272 1606 3298 constanter
1623 3265 1635 3308 ΙΙ
1660 3265 1833 3297 asscistriis
1857 3278 1874 3297 r
1901 3265 2060 3298 asisteriis
2081 3267 2115 3300 V
2131 3267 2143 3309 ΙΙ
2178 3270 2217 3302 15
2242 3280 2301 3310 per
2322 3270 2390 3302 sin-

1314 3310 1393 3352 gulo
1417 3320 1527 3342 mense
1549 3311 1582 3343 V
1610 3320 1669 3352 per
1689 3310 1841 3351 singulos
1865 3321 1990 3343 menses
2013 3312 2098 3355 vuly.
2130 3311 2142 3356 ΙΙ
2172 3314 2212 3347 16
2237 3314 2304 3347 duo
2330 3329 2346 3348 r
2380 3317 2391 3356 Η

1315 3355 1471 3388 ascistriis
1496 3368 1512 3387 r
1548 3355 1708 3387 acisteriis
1737 3356 1771 3387 V
1794 3355 1805 3398 ΙΙ
1833 3357 1891 3388 aut
1915 3369 1931 3388 r
1958 3356 1971 3398 ΙΙ
2006 3356 2128 3389 solidos
2151 3377 2195 3382 -
2222 3361 2262 3393 17
2288 3370 2390 3393 unum

1315 3414 1374 3434 om.
1395 3399 1450 3444 VH
1471 3403 1509 3433 17
1533 3400 1675 3433 solidum
1696 3413 1713 3432 r
1731 3399 1743 3443 ΙΙ
1763 3402 1803 3434 19
1826 3401 2016 3433 moonomis
2035 3415 2052 3433 r
2070 3401 2081 3444 ΙΙ
2098 3404 2156 3434 aut
2178 3417 2194 3436 r
2210 3403 2222 3447 ΙΙ
2242 3405 2285 3438 24
2303 3416 2389 3438 oom-

1314 3447 1462 3488 petenter
1492 3446 1525 3478 V
1547 3444 1558 3488 ΙΙ
1597 3447 1638 3479 25
1664 3445 1836 3478 asscistriis
1861 3459 1877 3478 r
1912 3446 2087 3479 ascisteriis
2116 3447 2150 3480 V
2169 3447 2181 3492 Η
2214 3448 2291 3483 dare
2323 3452 2358 3483 V
2379 3452 2391 3493 ΙΙ

1316 3492 1355 3524 27
1375 3491 1584 3523 exenodocho
1605 3504 1622 3523 r
1639 3491 1692 3534 Vn
1712 3490 1884 3532 Sampson]
1906 3493 2071 3533 sumptum
2095 3493 2172 3526 libri
2184 3494 2196 3537 ss
2217 3495 2258 3528 28
2273 3506 2389 3529 exeno-

1315 3536 1430 3568 dochii
1454 3548 1472 3568 r
1487 3536 1521 3569 V
1536 3535 1547 3578 ΙΙ
1579 3536 1667 3576 quod
1691 3538 1721 3576 a]
1748 3537 1826 3577 quia
1851 3549 1868 3568 r
1895 3535 1907 3579 ΙΙ
1940 3537 1981 3569 29
2007 3537 2064 3578 qui
2089 3540 2164 3579 post
2187 3543 2273 3580 eum]
2298 3542 2391 3584 prius

1316 3592 1391 3613 cum
1412 3579 1468 3623 Vn
1485 3580 1588 3613 fuerit
1612 3594 1628 3613 r
1644 3581 1656 3624 ss
1685 3582 1727 3614 30
1749 3580 1964 3613 exenodochii
1989 3595 2006 3614 r
2021 3583 2032 3624 Η
2052 3583 2350 3619 exenodochiorum
2376 3601 2391 3619 r

1315 3625 1558 3658 xenodochium
1580 3626 1613 3659 V
1637 3624 1651 3670 n
1678 3627 1718 3660 31
1745 3626 1888 3658 assistrie
1914 3640 1930 3659 r
1953 3626 2100 3660 asisterie
2123 3629 2157 3661 V
2179 3629 2190 3669 Η
2217 3630 2298 3664 haee
2331 3633 2364 3665 V
2381 3631 2393 3675 ΙΙ

1281 3695 1283 3721 Ι
1315 3671 1529 3722 scenodochis
1547 3671 1792 3704 Vsenodoehiis
1805 3685 1820 3703 r
1833 3670 1844 3715 Η
1858 3672 1899 3704 32
1915 3674 2131 3705 memoratum
2149 3674 2200 3718 Vll
2213 3676 2253 3709 33
2269 3680 2391 3719 autem]

1281 3739 1284 3753 λ
1317 3727 1405 3748 enim
1430 3730 1446 3749 r
