2618 4010
142 151 438 186 consummo
468 153 588 192 QUAE
616 153 936 187 DIGNITATIBUS

142 249 290 300 ἀγαγεῖν
314 250 567 294 σπουδασάτω,
593 250 835 297 ἆποδεχε’σθ·ω
858 267 899 288 τε
913 254 982 299 τὴν
998 251 1103 299 ἡμῶν
1125 255 1214 302 πρό-

140 311 256 340 νοιαν,
292 294 352 334 ὅτι
379 301 439 333 καὶ
469 300 557 333 νέαν
588 295 702 345 ἀρχὴν
737 299 1012 345 προςεθήκαμεν
1046 304 1108 336 καὶ
1138 303 1216 336 τῶν

140 339 327 390 ἡμετέρων
348 339 523 386 ὑπηκόων
546 341 607 378 διὰ
624 344 780 380 πάντων
801 343 1001 391 κηδόμεθα.
1063 347 1147 383 Dat.
1161 358 1213 383 vl.

140 388 186 424 id.
209 390 316 425 Mart.
339 389 408 425 ΟΡ.
432 389 514 434 imp.
541 388 599 425 dn.
621 389 810 426 Iustiniani
832 401 892 437 pp.
916 392 1004 436 Aug.
1028 402 1121 429 anno
1133 392 1215 428 XII.

139 434 278 479 Apione
300 445 332 470 v.
358 444 389 470 ο.
416 444 515 470 cons.

137 670 196 722 H
227 669 566 724 ΔΙΑΤΑΞΙΣ
593 605 804 727 ΗΠῒΔΙΑ
834 674 983 727 ΤΩΝ
1010 675 1211 729 ΑΞΙῼ·

136 737 401 791 ΜΑΤῼΝ
435 739 566 791 ΚΑΙ
596 740 741 793 ΤΗΣ
772 742 1211 795 ΕΠΙΣΚΟΠΗΣ

136 805 673 860 ΕΛΕΥΘΕΡΟΥΣΑ
710 809 895 862 ΤΟῩΣ
932 810 1210 863 ΠΑΙΔΑΣ

242 874 389 927 ΤΗΣ
418 874 1098 931 ΥΠΕΞΟῩΣΙΟΤΗΤΟΣ.

135 950 384 1001 Αὐτοκράτωρ
414 952 666 990 ’Ῑουστινιανὸς
696 953 907 1002 Αὔγουστος
941 958 986 1004 τῇ
1020 956 1096 1002 ἶερᾷ
1130 968 1211 1003 συγ-

382 1000 501 1044 κλήτῳ
526 1003 589 1045 τῆς
611 999 796 1046 βασιλίδος
819 999 966 1036 πόλεως.

180 1068 479 1113 (Προοίμιον.)
525 1069 579 1102 Εἴ
599 1082 633 1102 τι
663 1068 751 1114 πρὸς
783 1065 960 1113 ὠφέλειαν
989 1073 1049 1103 καὶ
1073 1069 1211 1113 κόσμον

135 1110 205 1166 ὁρᾷ
227 1114 296 1167 τῆς)
313 1113 385 1147 ὑπὸ
409 1115 474 1147 τοῦ
499 1114 590 1148 θεοῦ
614 1111 995 1169 παραδοθείσηςκὴμῖν
1019 1114 1210 1157 πολιτείας,

1213 141 1300 188 397

1184 441 1231 481 [a.
1246 440 1324 480 539]

1946 148 1987 192 N
1988 162 2053 194 ov.
2084 148 2268 194 LXXXI
2296 164 2358 208 pr.

1283 257 1479 302 perducere
1494 257 1640 293 festinet
1652 258 1898 304 approbetque
1912 265 2071 297 nostram
2086 263 2360 307 providentiam,

1285 304 1367 346 quia
1385 307 1421 338 et
1440 314 1569 339 novum
1589 302 1768 347 cingulum
1788 305 1982 342 adiecimus
1999 310 2034 342 et
2051 312 2254 344 nostrorum
2274 309 2359 344 sub-

2124 353 2208 389 Dat.
2233 364 2284 389 VI.
2310 353 2358 389 id.

1283 347 1457 400 iectprum
1487 359 1551 402 per
1576 350 1692 384 omnia
1724 360 1846 403 curam
1869 351 2051 389 habemus.

1287 393 1369 428 Mai.
1404 394 1471 429 ΟΡ.
1503 405 1585 439 imp.
1619 394 1677 430 dn.
1711 394 1900 431 Iustlmani
1931 408 1992 442 pp.
2026 398 2118 443 Aug.
2150 409 2246 435 anno
2276 398 2358 435 XII.

1395 440 1558 484 Appione
1580 439 1654 475 viro
1679 440 1875 477 clarissimo
1901 443 2057 480 consule.

1558 608 1724 645 LXXXI.
1772 610 1881 645 Auth.
1896 610 2080 661 LXXXII.
2107 612 2254 647 0011.V1
2272 613 2357 648 tite

1427 677 1481 726 R
1518 677 1982 729 CONSTITUTIO
2018 680 2205 739 QUAE

1282 744 1777 795 DIGNITATIBUS
1809 747 1902 795 ET
1930 747 2356 798 EPISCOPATU

1387 812 1683 862 LIBERAT
1723 812 1965 864 FILIUM
1999 816 2250 866 PATRIA

1571 879 1978 931 POTESTATE
2009 884 2060 933 R

1331 956 1429 992 Idem
1452 958 1544 1002 Aug.
1571 968 1674 993 sacro
1700 960 1840 994 senatui
1864 960 1970 995 huius
1995 961 2113 1005 regiae
2138 961 2304 998 civitatis.

1323 1070 1612 1116 (Praefatio.)
1655 1072 1831 1117 Quicquid
1856 1073 1901 1107 ad
1921 1073 2112 1108 utilitatem
2137 1076 2174 1109 et
2190 1078 2357 1110 ornatum

1279 1115 1425 1160 respicit
1456 1126 1478 1150 a
1503 1117 1568 1152 deo
1592 1118 1745 1152 traditae
1775 1119 1878 1154 nobis
1903 1119 2137 1164 reipublicae,
2171 1120 2240 1155 hoc
2265 1131 2355 1156 sem-

134 1171 243 1192 τουτο
275 1161 331 1191 αεὶ
355 1157 606 1203 βουλευόμενοι
638 1170 728 1213 προς
750 1161 856 1206 ἔργον
879 1173 986 1213 Ιαγειν
1011 1158 1210 1202 σπουδάζο-
1226 1165 1266 1196 15
1279 1170 1343 1204 per
1380 1160 1576 1205 cogitantes
1619 1164 1665 1198 ad
1704 1162 1868 1198 effectum
1913 1164 2089 1199 deducere
2132 1165 2354 1201 festinamus.

133 1217 209 1247 μεν.
257 1205 450 1250 τοιγαροῦν
479 1208 540 1238 καὶ
570 1202 638 1247 ἤδη
664 1217 778 1248 νομον
802 1207 1011 1251 ἐγραψαμεν
1043 1207 1103 1240 ἐπὶ
1133 1207 1211 1240 τῶν

134 1247 385 1288 ἐνδοξοτάτων
409 1246 512 1293 ἡμῶν
535 1254 738 1295 πατρικίων
761 1250 828 1284 τὸν
850 1249 1056 1296 ἐλευθέρους
1082 1248 1210 1285 αὐτοὺς

133 1295 177 1340 τῇ
206 1295 269 1337 τῆς
300 1290 403 1334 ἀξίας
433 1293 532 1329 δόσει
563 1296 625 1339 τῆς
657 1291 955 1339 ὑπεξουσιότητος
988 1298 1065 1330 τῶν
1101 1300 1209 1331 πατέ-

133 1352 209 1394 ρων
233 1336 498 1393 ἀποφαίνοντα.
553 1337 594 1374 οὗ
616 1340 685 1387 γὰρ
702 1344 842 1386 πρέπον
866 1343 1083 1395 ἐνομίσαμεν
1105 1341 1208 1381 εἶναι,

1280 1205 1392 1249 Igitur
1415 1206 1522 1241 etiam
1552 1207 1684 1242 dudum
1716 1208 1827 1251 legem
1857 1209 2062 1254 scripsimus
2095 1221 2202 1255 super
2226 1212 2354 1256 glorio-

1280 1251 1429 1286 sissimis
1454 1253 1586 1288 nostris
1611 1253 1791 1297 patriciis,
1817 1264 1907 1298 quae
1930 1255 2061 1290 liberos
2087 1266 2148 1291 eos
2173 1256 2355 1301 dignitatis

1281 1297 1471 1332 collatione
1494 1303 1645 1342 paterna
1669 1302 1848 1343 potestate
1872 1299 2103 1335 demonstrat.
2155 1301 2238 1337 Non
2263 1302 2356 1337 enim

1281 1342 1409 1377 decens
1426 1345 1640 1388 putavimus,
1665 1349 1705 1378 ut
1723 1345 1787 1380 hos
1813 1355 1902 1390 quos
1927 1356 1993 1380 nos
2013 1346 2049 1381 in
2068 1346 2187 1381 officio
2212 1351 2355 1391 patrum

132 1396 279 1419 τουτους
311 1383 372 1419 οὓς
397 1382 495 1438 ἡμεῖς
527 1387 566 1420 ἐν
590 1385 690 1425 τάξει
722 1389 892 1432 πατέρων
925 1400 1060 1434 αγομεν
1086 1384 1209 1442 ἦμετίζ
1224 1391 1265 1423 20
1281 1387 1505 1431 provehimus
1531 1393 1745 1431 nostrorum,
1771 1390 1808 1424 hi
1833 1391 1899 1426 sub
1923 1391 2040 1426 aliena
2067 1392 2139 1427 sint
2162 1395 2354 1437 potestate.

133 1443 220 1475 ρων,
245 1429 414 1473 [τούτους]
439 1428 505 1477 υφ)
533 1431 652 1476 ἑτέρου
676 1430 792 1465 τελεῖν
817 1432 991 1473 ἐξουσίαν.
1041 1434 1071 1466 εἰ
1093 1446 1163 1479 γαρ
1186 1447 1208 1476 η

132 1477 194 1518 τῆς
218 1475 517 1520 emancipationes
547 1476 676 1522 πρᾶξις
706 1475 820 1511 πάλαι
850 1479 919 1522 μὲν
950 1474 1022 1513 ὑπὸ
1052 1478 1117 1512 τὰς
1148 1492 1209 1512 κα-

132 1520 304 1563 λουμένας
335 1521 421 1566 legis
454 1521 615 1557 actionus
645 1525 815 1568 γινομένη
846 1519 939 1567 μεθ’
974 1520 1118 1569 ὕβρεων
1149 1527 1209 1557 καὶ

133 1566 376 1611 ῥαπισμάτων
409 1564 618 1610 ἇπήλαττεν
650 1564 778 1601 αὐτοὺς
812 1569 890 1602 τῶν
921 1568 1100 1603 τοιούτων
1131 1567 1209 1603 δεσ-

1279 1432 1371 1468 Nam
1396 1434 1426 1468 si
1451 1435 1745 1479 emancipationis
1781 1436 1875 1471 actio
1907 1436 2038 1471 dudum
2071 1437 2212 1481 quidem
2232 1440 2269 1473 et
2291 1448 2356 1483 per

1279 1488 1339 1514 eas
1364 1489 1456 1523 quae
1480 1483 1735 1525 nuncupantur
1762 1481 1849 1524 legis
1874 1482 2034 1516 actiones
2065 1482 2164 1517 facta
2195 1493 2275 1518 cum
2298 1483 2354 1518 in-

1278 1523 1378 1559 iuriis
1414 1527 1450 1559 et
1485 1526 1598 1570 alapis
1634 1526 1811 1561 liberabat
1851 1537 1912 1561 eos
1949 1527 2153 1563 huiusmodi
2192 1528 2355 1570 vinculis,

1279 1571 1456 1614 quomodo
1481 1571 1595 1606 futuri
1619 1575 1739 1607 essent
1763 1572 1916 1607 codicilli
1941 1573 2097 1607 omnium
2117 1573 2355 1609 honestissimi

131 1625 223 1655 μων,
248 1623 326 1646 πως
341 1609 405 1645 οὐκ
426 1610 547 1655 ἔμελλε
570 1612 616 1646 τὰ
633 1612 797 1657 σύμβολα
820 1612 866 1646 τὰ
883 1613 1039 1648 πάντων
1061 1611 1208 1660 ἀνθ-ρώ-
1224 1617 1265 1650 25
1279 1615 1352 1650 dati
1376 1627 1398 1650 a
1420 1617 1644 1660 praesidente
1668 1617 1843 1653 universis
1860 1618 2007 1662 imperio
2033 1628 2104 1653 non
2123 1628 2183 1654 eos
2204 1622 2357 1663 paterna

133 1669 216 1691 πων
248 1656 454 1701 σεμνότατα
485 1655 658 1701 διδόμενα
689 1658 788 1703 παρὰ
820 1659 883 1702 τῆς
906 1659 1110 1705 ἐφεστώσης
1137 1663 1210 1694 τοῖς

132 1698 228 1736 ὅλοις
257 1701 440 1746 βασιλείας
471 1703 520 1747 μὴ
551 1703 613 1746 τῆς
638 1700 936 1748 ὑπεξουσιότητος
966 1702 1094 1740 αὐτοὺς
1117 1704 1208 1739 ἐλευ-

132 1748 283 1793 θεροῦν;
312 1748 381 1782 νῦν
405 1745 445 1781 δὲ
468 1747 825 1795 φιλανθρωπότερόν
848 1762 884 1783 τι
908 1753 967 1784 καὶ
991 1749 1209 1797 σεμνότερον

131 1794 174 1848 τῇ
198 1792 364 1848 πολιτείᾳ
396 1791 646 1838 διανοούμενοι
680 1797 740 1827 καὶ
769 1796 829 1829 ἐπὶ
857 1796 936 1829 τῶν
959 1794 1212 1836 ἐνδοξοτάτων

132 1851 296 1882 υπατων,
320 1839 423 1885 οἵπερ
445 1839 489 1873 τὸ
514 1840 644 1873 οἰκεῖον
668 1838 785 1885 ὄνομα
807 1841 860 1883 τῷ
881 1840 1002 1886 χρόνῳ
1024 1840 1116 1887 μετὰ
1141 1842 1210 1886 τὴν
1223 1844 1266 1877 30

1280 1664 1457 1705 potestate
1474 1662 1650 1697 liberare?
1687 1663 1791 1698 Nunc
1808 1667 1926 1698 autem
1944 1663 2152 1699 clementius
2170 1670 2231 1698 aut
2248 1665 2356 1699 etiam

1279 1707 1463 1741 honestius
1488 1708 1525 1742 in
1549 1708 1733 1752 republica
1756 1710 1952 1753 cogitantes
1986 1715 2021 1744 et
2045 1719 2154 1754 super
2176 1710 2354 1753 glor10sis-

1278 1751 1374 1787 simis
1399 1753 1616 1795 consulibus,
1649 1754 1710 1799 qui
1732 1755 1918 1799 proprium
1945 1765 2073 1790 nomen
2096 1756 2250 1800 tempori
2273 1760 2356 1801 post

186 1908 269 1942 Νου.
284 1908 451 1941 LXXXI
470 1908 633 1950 (Anthent.
647 1909 843 1942 LXXXII
861 1926 906 1939 =
929 1910 1009 1944 Gott.
1031 1911 1084 1944 VI
1104 1912 1148 1944 tit.
1164 1912 1202 1945 9:
1228 1913 1339 1955 yloss.)
1367 1912 1493 1946 Graece
1518 1920 1606 1947 extat
1628 1914 1661 1946 in
1688 1913 1759 1948 ML
1784 1914 1823 1955 (c.
1847 1915 1862 1948 1
1885 1921 1915 1947 et
1935 1914 1955 1947 3
1973 1915 2045 1958 suit
2069 1914 2104 1947 B
2129 1915 2184 1957 31,
2204 1916 2288 1957 5,1).
2311 1935 2356 1941 —

133 1954 222 1997 Epit.
244 1954 363 1986 Theod.
387 1955 426 1987 81
460 1955 546 1994 (inde
571 1955 727 1987 nonnulla
752 1964 903 1999 eaeeerpta
928 1957 960 1988 in
985 1955 1144 1989 Prochiro
1165 1958 1218 1999 34,
1241 1966 1270 1991 15
1294 1974 1337 1986 =
1362 1958 1568 2002 Epanaqoqe
1593 1960 1695 2000 37‚10
1722 1967 1751 1993 et
1777 1959 1890 1992 Proch.
1913 1960 1966 2001 26,
1983 1968 1999 1994 8
2024 1976 2069 1988 =
2095 1961 2206 2004 Epan.
2230 1963 2291 2002 31,
2314 1963 2355 2004 8),

133 2000 253 2032 Athon.
269 2000 322 2041 18,
336 2006 362 2032 3.
410 1999 532 2032 Iulian.
559 2007 656 2032 const.
682 2000 840 2035 LXXV.

134 2077 312 2113 adducere
335 2076 496 2118 studeat,
525 2081 756 2128 nostramque
772 2078 1049 2129 'providentiam
1074 2081 1267 2126 approbet,
1300 2081 1473 2126 quoniam
1498 2085 1533 2117 et
1555 2092 1686 2117 novum
1714 2082 1967 2128 maqistratum
1991 2082 2186 2119 adiecimus
2215 2089 2252 2120 et
2273 2085 2355 2122 sub-

134 2122 235 2158 iectis
259 2122 395 2157 nostris
411 2133 484 2168 per
508 2133 629 2156 omnia
647 2133 900 2168 prospicimus.

1157 2290 1328 2328 LXXXI.

141 2354 591 2409 CONSTJTIJTJO
629 2356 813 2418 QUAE
843 2357 980 2408 PER
1015 2357 1447 2410 DIGNJTATES
1477 2357 1572 2409 ΕΤ
1599 2359 2086 2414 EPISCOPATIJM
2113 2363 2275 2414 FILI
2276 2365 2358 2416 OS

683 2425 728 2475 A
764 2424 1025 2476 PATRIA
1059 2425 1455 2477 POTESTATE
1484 2426 1563 2477 LI
1567 2426 1814 2480 BERAT.

630 2501 723 2549 Imp.
757 2501 984 2539 lastinianus
1014 2506 1201 2551 Auqustus
1227 2516 1335 2540 sacro
1367 2505 1509 2541 senatui
1539 2506 1663 2552 reqiae
1693 2507 1858 2543 civitati&

272 2569 532 2616 Praefatio.

581 2569 764 2616 Quidquid
786 2570 835 2605 ad
858 2572 1047 2606 utilitatem
1071 2575 1105 2607 et
1128 2576 1296 2608 ornatum
1319 2573 1538 2620 reipublicae
1561 2586 1584 2609 a
1607 2573 1674 2609 deo
1694 2573 1796 2610 nobis
1813 2575 1969 2612 traditae
1979 2581 2133 2629 spectat,
2157 2576 2198 2613 id
2212 2589 2354 2632 semper

137 2616 406 2653 considerantes
434 2616 483 2651 ad
504 2616 670 2661 effectum
697 2615 876 2651 adducere
906 2617 1097 2652 studemus.
1150 2616 1239 2653 Ideo
1269 2617 1375 2653 etiam
1404 2618 1517 2665 leqem
1546 2619 1618 2654 iam
1642 2620 1788 2665 pridem
1820 2620 1864 2655 de
1886 2621 2157 2667 qlomoszssimis
2180 2627 2353 2670 patriciis

136 2662 272 2697 nostris
295 2662 516 2707 scripsimus,
540 2671 633 2707 quae
656 2671 718 2696 eos
734 2671 808 2707 per
826 2661 1038 2707 diqnitatem
1062 2662 1229 2698 collatam
1253 2674 1276 2697 a
1294 2663 1419 2709 patria
1439 2668 1618 2710 potestate
1642 2664 1773 2701 liberos
1796 2666 1925 2701 reddit.
1962 2667 2088 2714 Neque
2110 2669 2204 2704 enim
2227 2668 2354 2704 decere

136 2707 429 2749 existimavimus,
453 2711 493 2741 ut
516 2717 608 2758 quos
631 2717 699 2741 nos
722 2707 758 2741 in
782 2705 943 2742 ordinem
963 2713 1112 2753 patrum
1136 2714 1341 2742 nostrorum
1362 2709 1592 2754 provehimus
1615 2709 1642 2744 ii
1664 2710 1728 2745 sub
1754 2710 1905 2746 alterius
1927 2712 2001 2748 sint
2020 2717 2209 2759 potestate.
2258 2714 2353 2750 Nam

134 2753 169 2787 si
189 2756 292 2787 actus
313 2751 623 2797 emancipationis,
655 2752 721 2797 qui
739 2751 823 2786 olim
849 2756 1008 2798 tempore
1031 2753 1122 2804 lepis
1145 2753 1326 2787 actionum
1356 2765 1450 2799 quae
1473 2759 1649 2790 vocantur
1678 2766 1756 2790 cum
1780 2756 1925 2791 iniuriis
1948 2762 1985 2793 et
2006 2758 2126 2805 alapis
2146 2759 2274 2803 fiebat,
2307 2759 2351 2795 ab

136 2796 311 2833 eiusmodi
326 2797 477 2832 vinculis
493 2807 555 2832 eos
571 2796 758 2839 liberabat,
782 2796 846 2843 qui
861 2808 934 2832 non
955 2797 1111 2832 codicilli
1128 2798 1223 2834 inter
1239 2809 1360 2833 omnes
1381 2798 1540 2834 homines
1556 2799 1795 2836 honestissimi
1820 2802 1864 2837 ab
1882 2802 2034 2849 imperio
2059 2803 2158 2850 quod
2177 2805 2353 2840 universis

129 2846 278 2889 praeest
309 2841 385 2877 dati
416 2853 478 2877 eos
503 2853 526 2877 a
547 2843 672 2888 patria
698 2846 883 2888 potestate
906 2842 1096 2877 liberaturi
1119 2843 1259 2878 essent?
1295 2842 1402 2878 Nunc
1425 2854 1509 2879 vero
1530 2844 1722 2880 humanius
1745 2846 1886 2892 aliquid
1906 2849 2030 2894 reique
2049 2849 2218 2896 publicae
2242 2849 2353 2885 hone-

134 2888 226 2922 stius
248 2887 460 2923 meditantes
489 2887 596 2922 etiam
628 2886 672 2922 de
694 2887 965 2933 qloriosissimis
989 2887 1210 2929 consulibus,
1243 2889 1306 2933 qui
1328 2899 1431 2923 suum
1454 2900 1584 2924 nomen
1609 2891 1762 2937 tempori
1778 2897 1869 2938 post
1888 2893 2144 2940 imperatorem
2161 2895 2352 2941 praebent,

328 2940 2350 2954 Ἣ

182 2969 201 3001 3
226 2970 347 3000 subscr.
372 2980 428 3000 om.
447 2966 510 3000 Iul.
537 2966 549 3009 ΙΙ
573 2977 620 2998 vx.
641 2966 685 2999 id.
707 2967 805 2999 Mart.
827 2968 881 3009 (cf.
900 2967 1026 3000 Biener
1038 2981 1072 3011 p.
1089 2970 1154 3002 519
1180 2976 1209 3002 et
1278 2964 1591 3011 αὐτεξουσιότητος
1606 2969 1617 3014 ΙΙ
1636 2966 1657 3012 ἡ
1673 2983 1733 3003 om.
1751 2973 1792 3004 M
1805 2972 1817 3015 ΙΙ
1836 2974 1878 3006 22
1892 2974 2171 3016 emancipationos
2186 2975 2243 3016 M]
2268 2970 2351 3008 αὗτ-

137 3013 348 3054 Zachariam
373 3023 422 3044 VI.
442 3012 487 3044 id.
512 3012 591 3044 Mai.
617 3023 636 3047 ς
667 3023 728 3043 vn.
751 3012 796 3044 id.
821 3012 896 3043 mai.
923 3013 970 3045 M
993 3015 1079 3055 μηνὶ
1105 3016 1208 3058 Μαρ-

136 3059 203 3098 τίῳ
227 3057 303 3090 Ath.
330 3058 450 3090 Theod.
479 3056 491 3100 ΙΙ
518 3058 539 3089 4
565 3057 629 3089 GP.
652 3052 731 3100 imp'.
756 3056 810 3089 dn.
836 3056 1026 3090 Iustiniano
1051 3069 1107 3101 pp.
1131 3069 1206 3100 aug.

137 3112 214 3134 ann.
228 3100 299 3133 XII
321 3102 450 3144 Apione
473 3112 525 3134 uc.
549 3112 654 3134 conss.
674 3103 718 3134 M
721 3103 775 3143 (ς),
799 3100 981 3144 βασιλείας
1002 3098 1207 3136 Ἰουστινια-

137 3146 202 3180 νοῦ
226 3145 268 3180 τὸ
295 3145 347 3188 ιβ’
366 3165 411 3171 -
426 3141 599 3180 ὑπατείας
619 3142 793 3180 Ἀπίωνος
810 3147 883 3180 Ath.
913 3143 1070 3189 ὑπατείᾳ
1090 3143 1208 3181 Ἀπίο-

136 3202 196 3225 νος
218 3194 278 3224 καὶ
298 3189 480 3235 βασιλείας
501 3190 551 3235 ιβ’
568 3192 639 3225 ἔτει
655 3192 686 3225 Τ
684 3193 774 3225 head.
799 3191 811 3236 ΙΙ
835 3194 854 3225 5
877 3201 951 3234 post
973 3195 1094 3226 subscr.
1120 3195 1208 3227 deest

137 3239 251 3271 notitia
276 3239 315 3269 de
338 3249 403 3280 qua
428 3239 538 3280 aqitur
561 3238 638 3278 395,
653 3245 667 3270 7
695 3237 707 3280 ΙΙ
731 3239 749 3270 7
764 3240 850 3270 rubr.
872 3239 961 3282 Περὶ
986 3234 1117 3271 λύσεως
1141 3234 1208 3272 ὑπ-

137 3280 382 3324 εξουσιότητος
407 3283 528 3316 Theod.
565 3277 600 3324 (ἦ
626 3279 693 3315 πα’
715 3279 827 3325 νεαρὰ
859 3277 880 3323 ἡ
912 3279 1208 3325 διαλαμβάνουσα

138 3325 197 3360 διὰ
220 3330 338 3361 ποίων
361 3324 579 3371 ἀξιωμάτων
605 3324 855 3370 βουλευτηρίου
878 3337 932 3360 τις
955 3325 1208 3375 ἐλευθεροῦται

137 3375 197 3406 καὶ
219 3368 514 3414 ὑπεξουσιότητος
536 3374 587 3405 cit.
614 3372 745 3405 Nomoc.
772 3372 872 3405 XIV
892 3374 937 3406 tit.
966 3375 1002 3414 1,
1027 3379 1076 3415 36)
1105 3373 1117 3418 ΙΙ
1149 3371 1207 3406 διὰ

139 3430 195 3451 om.
211 3418 303 3459 M(et
316 3419 347 3451 L
361 3419 393 3451 in
407 3419 524 3459 indice)
542 3416 554 3460 ΙΙ
578 3418 597 3451 8
621 3417 682 3459 τῆς
698 3424 727 3450 et
742 3419 761 3451 9
777 3414 857 3450 τοὺς
873 3413 1004 3451 παῖδας
1029 3431 1086 3451 om.
1101 3419 1176 3452 Ath.
1197 3417 1209 3464 Η

142 3465 178 3497 11
205 3465 300 3496 inser.
324 3476 381 3496 om.
396 3464 471 3496 Ath.
489 3462 501 3507 ΙΙ
516 3470 591 3506 post
615 3463 851 3506 inscriptionem
876 3464 958 3507 περὶ
982 3459 1206 3503 αὐτεξουσιό-

138 3515 241 3549 τητος
264 3510 354 3542 initio
379 3521 481 3542 novae
501 3509 647 3551 payinae
665 3508 742 3540 add.
756 3507 802 3540 M
810 3505 822 3551 ΙΙ
843 3508 883 3541 15
908 3505 1120 3551 βουλόμενοι
1142 3510 1174 3543 L
1197 3508 1208 3554 ΙΙ

139 3547 162 3584 ἀ
186 3564 207 3585 α
231 3554 283 3586 εἴν
307 3554 338 3587 L
363 3553 375 3598 ΙΙ
404 3555 444 3588 16
467 3552 595 3596 νόμον]
625 3553 704 3586 C'od.
722 3553 774 3593 12,
788 3559 844 3594 3,5
862 3552 874 3596 ΙΙ
903 3554 943 3586 19
967 3548 1209 3599 ἀποφαίνοντι

141 3564 276 3642 Ly¹1s20
299 3601 481 3644 πατέρων]
505 3600 676 3642 πατέρων
700 3593 953 3642 ἀποφαίνοντα
970 3598 1036 3643 Mn
1065 3600 1103 3633 21
1130 3597 1207 3633 τού-

140 3640 220 3675 τους
235 3644 286 3680 Le
308 3646 403 3685 (unde
427 3655 456 3677 υ.
472 3646 514 3678 20
539 3642 685 3677 τούτους
708 3644 769 3677 det.
793 3644 1010 3684 Halonnder),
1045 3644 1208 3678 τουτέστι

139 3686 259 3729 τῆςΜ
284 3701 365 3732 quae
389 3697 527 3733 apparet
543 3691 705 3732 pertinere
729 3690 775 3722 ad
796 3690 954 3732 qlossema
978 3691 1011 3723 in
1037 3691 1208 3734 archetypo

140 3744 210 3766 voc.
225 3732 287 3776 τῆς
302 3735 580 3778 emancipationos
596 3747 624 3768 υ.
637 3735 681 3768 22
701 3735 951 3778 superscriptum
967 3735 1130 3768 τουτέστι
1148 3736 1210 3778 τῆς

1277 3011 1521 3056 εξουσιότητος
1537 3015 1568 3047 L
1586 3013 1599 3059 ss
1625 3013 1770 3061 πράξεις
1782 3018 1814 3050 L
1833 3018 1844 3059 ΙΙ
1859 3019 1937 3060 μὲν]
1962 3019 2096 3060 quidem
2113 3022 2145 3052 et
2161 3031 2180 3056 ς
2197 3020 2209 3064 ΙΙ
2228 3022 2268 3054 23
2286 3021 2351 3062 legi

1275 3059 1438 3091 sactionas
1456 3059 1499 3092 M
1516 3059 1588 3101 lege
1612 3055 1779 3100 ἆστίονας
1792 3057 1969 3104 (ἆστίονος
1982 3064 2042 3106 L1)
2069 3065 2100 3098 L
2126 3064 2138 3108 ΙΙ
2160 3062 2268 3107 μεθ’]
2291 3068 2352 3099 καὶ

1274 3100 1366 3146 μεθ)
1394 3105 1425 3137 L
1453 3103 1464 3148 fl
1491 3105 1532 3138 25
1556 3101 1772 3149 ἀνθρώπων
1796 3121 1853 3140 om.
1870 3119 1889 3144 ς
1912 3107 1924 3152 ΙΙ
1952 3110 1992 3142 27
2019 3105 2133 3143 αὐτὸν
2151 3110 2197 3143 M
2212 3110 2225 3154 ΙΙ
2249 3112 2290 3144 28
2315 3123 2351 3144 τι

1275 3151 1346 3190 καὶ]
1371 3161 1410 3182 τε
1434 3151 1494 3182 καὶ
1508 3151 1572 3182 Ma
1594 3153 1653 3182 aut
1672 3152 1771 3184 etiam
1798 3164 1817 3188 ς

1321 3240 1341 3272 2
1366 3241 1398 3271 et
1416 3241 1618 3280 nostrorum]
1644 3242 1676 3271 et
1700 3253 1758 3272 om.
1775 3241 1808 3273 R
1824 3240 1836 3284 ΙΙ
1855 3241 1874 3274 3
1896 3243 2160 3285 subscriptionem
2180 3252 2351 3287 praestant

1276 3283 1394 3317 Bamb.
1408 3284 1432 3316 I
1445 3291 1474 3317 et
1489 3285 1716 3318 Ambrae-ensis
1732 3286 1743 3327 ΙΙ
1763 3287 1784 3318 4
1800 3285 1879 3318 dnn.
1896 3286 1980 3319 lust.
1998 3287 2119 3322 Bamb.
2140 3289 2248 3322 dfinus
2265 3290 2349 3323 lust.

1275 3329 1384 3362 Ambr.
1416 3328 1427 3372 ΙΙ
1462 3340 1549 3361 anno
1573 3328 1626 3362 XI
1657 3329 1778 3363 Bamb.
1810 3332 1822 3374 ΙΙ
1855 3333 1875 3364 5
1904 3332 1957 3364 ff.
1983 3332 2168 3367 clarissimo
2191 3335 2303 3368 Ambr.
2338 3334 2350 3380 ΙΙ

1276 3374 1420 3415 consule]
1442 3378 1474 3406 §s
1500 3375 1618 3407 Bamb.
1636 3374 1648 3417 ΙΙ
1674 3377 1692 3407 7
1718 3385 1802 3417 quae
1825 3375 1864 3409 de
1888 3376 2109 3419 dignitatibus
2122 3379 2155 3412 R
2173 3379 2221 3423 119
2243 3380 2350 3414 filium

1276 3419 1381 3452 om.R
1403 3420 1414 3461 ῃ
1444 3420 1552 3461 patria
1581 3419 1657 3460 ΒΤ]
1680 3430 1699 3452 a
1722 3421 1830 3463 patria
1861 3422 1987 3466 Vvulq.
2013 3423 2024 3466 ΙΙ
2052 3426 2091 3458 11
2118 3427 2235 3458 senatu
2257 3425 2341 3472 VT!

1278 3465 1318 3498 13
1342 3464 1384 3496 ad
1408 3477 1465 3496 om.
1481 3464 1530 3497 R¹
1546 3464 1557 3509 ΙΙ
1578 3467 1610 3496 et
1633 3465 1673 3497 ad
1697 3469 1848 3499 ornatum
1864 3466 1913 3499 132
1931 3466 1943 3511 ΙΙ
1964 3469 2003 3501 14
2021 3468 2118 3501 nobis
2142 3470 2283 3504 traditae
2297 3471 2343 3515 ΤΙ

1276 3510 1317 3543 19
1341 3509 1531 3551 putabimus
1546 3509 1578 3542 R
1595 3509 1607 3553 ss
1625 3510 1684 3542 hos
1709 3512 1771 3545 del.
1793 3511 1843 3545 V²
1855 3511 1905 3545 Τ2
1921 3512 1934 3556 ΙΙ
1952 3514 1993 3547 20
2019 3514 2069 3546 hii
2084 3514 2154 3548 ΒΤ
2167 3514 2181 3559 ΙΙ
2197 3516 2239 3550 22
2263 3526 2348 3550 nun-

1275 3556 1439 3597 cfipantur
1471 3554 1521 3587 V¹
1557 3559 1771 3598 nuncupatur
1798 3557 1828 3589 T
1854 3556 1866 3600 ΙΙ
1895 3558 2036 3591 actionis
2059 3559 2109 3593 R²
2147 3561 2237 3594 aetio
2262 3562 2295 3595 T
2303 3562 2314 3582 ¹
2336 3562 2349 3605 ΙΙ

1276 3601 1318 3633 23
1343 3599 1427 3642 lapis
1453 3600 1484 3632 T
1494 3599 1504 3619 ¹
1520 3598 1532 3643 ss
1552 3600 1593 3634 24
1619 3611 1685 3633 esse
1707 3602 1754 3634 [ιη
1772 3602 1783 3645 Η
1802 3604 1843 3635 25
1868 3603 2071 3644 praesidenti
2088 3605 2140 3638 Τι
2157 3604 2169 3649 ΙΙ
2186 3617 2254 3639 non
2279 3609 2348 3649 eos]

1276 3655 1343 3677 non
1367 3655 1422 3677 eos
1444 3655 1536 3687 posse
1562 3645 1595 3678 T
1619 3656 1687 3678 non
1711 3657 1805 3689 posse
1829 3657 1883 3680 eos
1904 3648 1955 3681 V³
1981 3648 1993 3693 ΙΙ
2017 3651 2059 3684 26
2084 3651 2183 3683 etiam
2207 3664 2265 3686 om.
2288 3653 2322 3686 V
2338 3652 2350 3696 ΙΙ

1277 3691 1318 3724 27
1331 3689 1544 3769 ,οῗξιίῒαηῐεῐη
1568 3690 1669 3725 R²V¹
1698 3692 1710 3736 ΙΙ
1743 3694 1787 3733 et]
1820 3693 1876 3726 sed
1900 3693 2047 3728 RV¹T¹
2077 3694 2090 3740 ΙΙ
2121 3696 2163 3731 28
2196 3698 2348 3740 tempori]

1277 3746 1341 3779 ipsi
