<?xml version="1.0" encoding="UTF-8"?>
<!DOCTYPE html PUBLIC "-//W3C//DTD XHTML 1.0 Transitional//EN"
    "http://www.w3.org/TR/xhtml1/DTD/xhtml1-transitional.dtd">
<html xmlns="http://www.w3.org/1999/xhtml" xml:lang="en" lang="en">
 <head>
  <title>
</title>
<meta http-equiv="Content-Type" content="text/html;charset=utf-8" />
  <meta name='ocr-system' content='tesseract 3.04.00' />
  <meta name='ocr-capabilities' content='ocr_page ocr_carea ocr_par ocr_line ocrx_word'/>
</head>
<body>
  <div class='ocr_page' id='page_1' title='image "./corpusiuriscivil03krueuoft_0125.png"; bbox 0 0 2618 4010; ppageno 0'>
   <div class='ocr_carea' id='block_1_1' title="bbox 158 109 971 143">
    <p class='ocr_par' dir='ltr' id='par_1_1' title="bbox 158 109 971 143">
     <span class='ocr_line' id='line_1_1' title="bbox 158 109 971 143; baseline -0.005 0"><span class='ocrx_word' id='word_1_1' title='bbox 158 111 217 143; x_wconf 86' lang='lat' dir='ltr'><strong>DE</strong></span> <span class='ocrx_word' id='word_1_2' title='bbox 247 110 443 143; x_wconf 77' lang='lat' dir='ltr'>INCESTIS</span> <span class='ocrx_word' id='word_1_3' title='bbox 474 110 530 140; x_wconf 86' lang='lat' dir='ltr'><strong>ET</strong></span> <span class='ocrx_word' id='word_1_4' title='bbox 560 109 764 141; x_wconf 81' lang='lat' dir='ltr'><strong>NEFARIIS</strong></span> <span class='ocrx_word' id='word_1_5' title='bbox 795 109 971 140; x_wconf 82' lang='lat' dir='ltr'><strong>NUP&#39;rns</strong></span> 
     </span>
    </p>
   </div>
   <div class='ocr_carea' id='block_1_2' title="bbox 675 235 719 278">
    <p class='ocr_par' dir='ltr' id='par_1_2' title="bbox 675 235 719 278">
     <span class='ocr_line' id='line_1_2' title="bbox 675 235 719 278; baseline 0 -1"><span class='ocrx_word' id='word_1_6' title='bbox 675 235 719 278; x_wconf 62' lang='lat' dir='ltr'><strong>ff}</strong></span> 
     </span>
    </p>
   </div>
   <div class='ocr_carea' id='block_1_3' title="bbox 265 310 1122 365">
    <p class='ocr_par' dir='ltr' id='par_1_3' title="bbox 265 310 1122 365">
     <span class='ocr_line' id='line_1_3' title="bbox 265 310 1122 365; baseline -0.001 0"><span class='ocrx_word' id='word_1_7' title='bbox 265 310 445 365; x_wconf 87' lang='grc' dir='ltr'><strong>ΠΕΡΙ</strong></span> <span class='ocrx_word' id='word_1_8' title='bbox 470 311 1122 365; x_wconf 79' lang='grc' dir='ltr'><strong>ΑΘΕΜΙΤΟΓΑΜΙῼΝ.</strong></span> 
     </span>
    </p>
   </div>
   <div class='ocr_carea' id='block_1_4' title="bbox 152 455 1233 511">
    <p class='ocr_par' dir='ltr' id='par_1_4' title="bbox 152 455 1233 511">
     <span class='ocr_line' id='line_1_4' title="bbox 152 455 1233 511; baseline 0.001 -18"><span class='ocrx_word' id='word_1_9' title='bbox 152 456 400 506; x_wconf 71' lang='grc' dir='ltr'><em>Αὐτοκράτωρ</em></span> <span class='ocrx_word' id='word_1_10' title='bbox 420 455 670 511; x_wconf 60' lang='grc' dir='ltr'><em>’Ῑουστινιανὸς</em></span> <span class='ocrx_word' id='word_1_11' title='bbox 694 458 901 506; x_wconf 73' lang='grc' dir='ltr'><em>Αὔγουστος</em></span> <span class='ocrx_word' id='word_1_12' title='bbox 925 459 1066 506; x_wconf 82' lang='grc' dir='ltr'><em>Φλώρῳ</em></span> <span class='ocrx_word' id='word_1_13' title='bbox 1099 460 1152 503; x_wconf 81' lang='grc' dir='ltr'><strong>τῷ</strong></span> <span class='ocrx_word' id='word_1_14' title='bbox 1179 461 1233 494; x_wconf 83' lang='grc' dir='ltr'><strong>ἐν·</strong></span> 
     </span>
    </p>
   </div>
   <div class='ocr_carea' id='block_1_5' title="bbox 152 500 1236 552">
    <p class='ocr_par' dir='ltr' id='par_1_5' title="bbox 152 500 1236 552">
     <span class='ocr_line' id='line_1_5' title="bbox 152 500 1236 552; baseline 0.001 -14"><span class='ocrx_word' id='word_1_15' title='bbox 152 503 336 548; x_wconf 76' lang='grc' dir='ltr'><em>ὃοξοτάτῳ</em></span> <span class='ocrx_word' id='word_1_16' title='bbox 367 502 496 549; x_wconf 83' lang='grc' dir='ltr'><em>κόμητι</em></span> <span class='ocrx_word' id='word_1_17' title='bbox 528 517 607 537; x_wconf 89' lang='grc' dir='ltr'><strong>των</strong></span> <span class='ocrx_word' id='word_1_18' title='bbox 637 500 848 547; x_wconf 79' lang='grc' dir='ltr'><em>ἁπανταχοῦ</em></span> <span class='ocrx_word' id='word_1_19' title='bbox 882 505 1000 540; x_wconf 80' lang='grc' dir='ltr'><em>θἐίων</em></span> <span class='ocrx_word' id='word_1_20' title='bbox 1033 505 1236 552; x_wconf 82' lang='grc' dir='ltr'><em>πριβάτων.</em></span> 
     </span>
    </p>
   </div>
   <div class='ocr_carea' id='block_1_6' title="bbox 1250 93 2386 163">
    <p class='ocr_par' dir='ltr' id='par_1_6' title="bbox 1250 93 2386 163">
     <span class='ocr_line' id='line_1_6' title="bbox 1250 93 2386 163; baseline -0.001 -23"><span class='ocrx_word' id='word_1_21' title='bbox 1250 93 1303 157; x_wconf 81' lang='grc'><strong>95</strong></span> <span class='ocrx_word' id='word_1_22' title='bbox 1694 159 1698 163; x_wconf 5' lang='lat' dir='ltr'><strong>p</strong></span> <span class='ocrx_word' id='word_1_23' title='bbox 2021 97 2129 142; x_wconf 86' lang='lat' dir='ltr'><strong>Nov.</strong></span> <span class='ocrx_word' id='word_1_24' title='bbox 2161 97 2243 140; x_wconf 91' lang='lat' dir='ltr'><strong>XII</strong></span> <span class='ocrx_word' id='word_1_25' title='bbox 2275 112 2333 152; x_wconf 88' lang='lat' dir='ltr'><strong>pr.</strong></span> <span class='ocrx_word' id='word_1_26' title='bbox 2370 103 2386 139; x_wconf 90' lang='lat'>1</span> 
     </span>
    </p>
   </div>
   <div class='ocr_carea' id='block_1_7' title="bbox 1276 155 1472 160">
    <p class='ocr_par' dir='ltr' id='par_1_7' title="bbox 1276 155 1472 160">
     <span class='ocr_line' id='line_1_7' title="bbox 1276 155 1472 160; baseline 0 0"><span class='ocrx_word' id='word_1_27' title='bbox 1276 155 1472 160; x_wconf 95' lang='lat' dir='ltr'><strong> </strong></span> 
     </span>
    </p>
   </div>
   <div class='ocr_carea' id='block_1_8' title="bbox 1808 243 2389 279">
    <p class='ocr_par' dir='ltr' id='par_1_8' title="bbox 1808 243 2389 279">
     <span class='ocr_line' id='line_1_8' title="bbox 1808 243 2389 279; baseline -0.003 0"><span class='ocrx_word' id='word_1_28' title='bbox 1808 243 1877 279; x_wconf 93' lang='lat' dir='ltr'><strong>XII</strong></span> <span class='ocrx_word' id='word_1_29' title='bbox 2117 244 2203 279; x_wconf 86' lang='lat' dir='ltr'><strong>Coll.</strong></span> <span class='ocrx_word' id='word_1_30' title='bbox 2230 243 2264 278; x_wconf 92' lang='grc' dir='ltr'><strong>ΙῙ</strong></span> <span class='ocrx_word' id='word_1_31' title='bbox 2290 243 2343 278; x_wconf 82' lang='lat' dir='ltr'><strong>tit.</strong></span> <span class='ocrx_word' id='word_1_32' title='bbox 2369 247 2389 277; x_wconf 74' lang='grc'>6</span> 
     </span>
    </p>
   </div>
   <div class='ocr_carea' id='block_1_9' title="bbox 1349 311 2317 431">
    <p class='ocr_par' dir='ltr' id='par_1_9' title="bbox 1349 311 2317 431">
     <span class='ocr_line' id='line_1_9' title="bbox 1371 311 2317 364; baseline 0.001 -2"><span class='ocrx_word' id='word_1_33' title='bbox 1371 314 1462 362; x_wconf 88' lang='lat' dir='ltr'><strong>DE</strong></span> <span class='ocrx_word' id='word_1_34' title='bbox 1508 311 1821 364; x_wconf 79' lang='lat' dir='ltr'>INCESTIS</span> <span class='ocrx_word' id='word_1_35' title='bbox 1868 315 1959 362; x_wconf 84' lang='lat' dir='ltr'><strong>ET</strong></span> <span class='ocrx_word' id='word_1_36' title='bbox 1999 313 2317 364; x_wconf 87' lang='lat' dir='ltr'>NEFARIIS</span> 
     </span>
     <span class='ocr_line' id='line_1_10' title="bbox 1349 380 1996 431; baseline 0.003 -3"><span class='ocrx_word' id='word_1_37' title='bbox 1349 398 1352 399; x_wconf 44' lang='lat'><em>⁷</em></span> <span class='ocrx_word' id='word_1_38' title='bbox 1704 380 1996 431; x_wconf 82' lang='lat' dir='ltr'><strong>NUPTIIS.</strong></span> 
     </span>
    </p>
   </div>
   <div class='ocr_carea' id='block_1_10' title="bbox 1304 457 2386 504">
    <p class='ocr_par' dir='ltr' id='par_1_10' title="bbox 1304 457 2386 504">
     <span class='ocr_line' id='line_1_11' title="bbox 1304 457 2386 504; baseline 0.003 -11"><span class='ocrx_word' id='word_1_39' title='bbox 1304 458 1390 503; x_wconf 88' lang='lat' dir='ltr'><strong>Imp.</strong></span> <span class='ocrx_word' id='word_1_40' title='bbox 1407 458 1627 494; x_wconf 83' lang='lat' dir='ltr'><strong>Iustinianus</strong></span> <span class='ocrx_word' id='word_1_41' title='bbox 1646 460 1689 494; x_wconf 91' lang='lat' dir='ltr'><strong>A.</strong></span> <span class='ocrx_word' id='word_1_42' title='bbox 1710 458 1819 494; x_wconf 91' lang='lat' dir='ltr'><strong>Floro</strong></span> <span class='ocrx_word' id='word_1_43' title='bbox 1841 458 1959 493; x_wconf 88' lang='lat' dir='ltr'><strong>comiti</strong></span> <span class='ocrx_word' id='word_1_44' title='bbox 1979 457 2118 493; x_wconf 84' lang='lat' dir='ltr'><strong>divinae</strong></span> <span class='ocrx_word' id='word_1_45' title='bbox 2142 459 2193 494; x_wconf 86' lang='lat' dir='ltr'><strong>rei</strong></span> <span class='ocrx_word' id='word_1_46' title='bbox 2217 459 2386 504; x_wconf 86' lang='lat' dir='ltr'><strong>privatae.</strong></span> 
     </span>
    </p>
   </div>
   <div class='ocr_carea' id='block_1_11' title="bbox 197 569 2384 627">
    <p class='ocr_par' dir='ltr' id='par_1_11' title="bbox 197 569 2384 627">
     <span class='ocr_line' id='line_1_12' title="bbox 197 569 2384 627; baseline 0.002 -22"><span class='ocrx_word' id='word_1_47' title='bbox 197 573 498 619; x_wconf 78' lang='grc' dir='ltr'><em>(Προοίμιον.)</em></span> <span class='ocrx_word' id='word_1_48' title='bbox 550 570 634 605; x_wconf 71' lang='grc' dir='ltr'><em>Τοὺς</em></span> <span class='ocrx_word' id='word_1_49' title='bbox 664 569 754 619; x_wconf 72' lang='grc' dir='ltr'><strong>ὑπὲρ</strong></span> <span class='ocrx_word' id='word_1_50' title='bbox 778 574 855 606; x_wconf 82' lang='grc' dir='ltr'><strong>τῶν</strong></span> <span class='ocrx_word' id='word_1_51' title='bbox 879 570 1071 617; x_wconf 71' lang='grc' dir='ltr'><em>ἀθεμίτων</em></span> <span class='ocrx_word' id='word_1_52' title='bbox 1104 575 1233 627; x_wconf 52' lang='lat' dir='ltr'><strong>={sappo-</strong></span> <span class='ocrx_word' id='word_1_53' title='bbox 1272 576 1290 607; x_wconf 90' lang='grc'>5</span> <span class='ocrx_word' id='word_1_54' title='bbox 1349 571 1638 617; x_wconf 86' lang='lat' dir='ltr'><strong>&lt;Praefatio.&gt;</strong></span> <span class='ocrx_word' id='word_1_55' title='bbox 1696 571 1766 606; x_wconf 89' lang='lat' dir='ltr'><strong>Pro</strong></span> <span class='ocrx_word' id='word_1_56' title='bbox 1798 571 1943 606; x_wconf 82' lang='lat' dir='ltr'>incestis</span> <span class='ocrx_word' id='word_1_57' title='bbox 1980 570 2112 606; x_wconf 84' lang='lat' dir='ltr'><strong>dudum</strong></span> <span class='ocrx_word' id='word_1_58' title='bbox 2149 573 2302 616; x_wconf 83' lang='lat' dir='ltr'><strong>scriptas</strong></span> <span class='ocrx_word' id='word_1_59' title='bbox 2339 576 2384 609; x_wconf 84' lang='lat' dir='ltr'><strong>ab</strong></span> 
     </span>
    </p>
   </div>
   <div class='ocr_carea' id='block_1_12' title="bbox 153 614 1236 673">
    <p class='ocr_par' dir='ltr' id='par_1_12' title="bbox 153 614 1236 673">
     <span class='ocr_line' id='line_1_13' title="bbox 153 614 1236 664; baseline 0.001 -13"><span class='ocrx_word' id='word_1_60' title='bbox 153 617 248 651; x_wconf 72' lang='grc' dir='ltr'><em>σθεν</em></span> <span class='ocrx_word' id='word_1_61' title='bbox 279 620 541 664; x_wconf 72' lang='grc' dir='ltr'><em>γεγραμμένους</em></span> <span class='ocrx_word' id='word_1_62' title='bbox 564 614 634 652; x_wconf 73' lang='grc' dir='ltr'><strong>ὑπὸ</strong></span> <span class='ocrx_word' id='word_1_63' title='bbox 659 619 737 651; x_wconf 80' lang='grc' dir='ltr'><strong>τῶν</strong></span> <span class='ocrx_word' id='word_1_64' title='bbox 768 616 1084 662; x_wconf 81' lang='grc' dir='ltr'><em>βεβασιλευκότων</em></span> <span class='ocrx_word' id='word_1_65' title='bbox 1108 630 1236 663; x_wconf 78' lang='grc' dir='ltr'><em>νομους</em></span> 
     </span>
     <span class='ocr_line' id='line_1_14' title="bbox 182 659 811 673; baseline 0 0"><span class='ocrx_word' id='word_1_66' title='bbox 182 660 189 673; x_wconf 80' lang='grc'>)</span> <span class='ocrx_word' id='word_1_67' title='bbox 548 659 556 670; x_wconf 59' lang='lat' dir='ltr'>c</span> <span class='ocrx_word' id='word_1_68' title='bbox 805 664 811 673; x_wconf 93' lang='grc' dir='ltr'><strong><em>Ι</em></strong></span> 
     </span>
    </p>
   </div>
   <div class='ocr_carea' id='block_1_13' title="bbox 118 661 1235 807">
    <p class='ocr_par' dir='ltr' id='par_1_13' title="bbox 118 661 1235 807">
     <span class='ocr_line' id='line_1_15' title="bbox 152 661 1233 709; baseline 0.001 -13"><span class='ocrx_word' id='word_1_69' title='bbox 152 676 214 696; x_wconf 87' lang='grc' dir='ltr'><strong>ουκ</strong></span> <span class='ocrx_word' id='word_1_70' title='bbox 239 662 391 697; x_wconf 75' lang='grc' dir='ltr'><strong><em>ἐντελῶς</em></strong></span> <span class='ocrx_word' id='word_1_71' title='bbox 413 665 506 705; x_wconf 76' lang='grc' dir='ltr'><em>ἔχειν</em></span> <span class='ocrx_word' id='word_1_72' title='bbox 538 661 740 708; x_wconf 69' lang='grc' dir='ltr'><em>ηγούμεθα,</em></span> <span class='ocrx_word' id='word_1_73' title='bbox 774 665 876 709; x_wconf 80' lang='grc' dir='ltr'><em>οἱπερ</em></span> <span class='ocrx_word' id='word_1_74' title='bbox 900 663 982 697; x_wconf 74' lang='grc' dir='ltr'><strong>τούς</strong></span> <span class='ocrx_word' id='word_1_75' title='bbox 1013 666 1079 708; x_wconf 76' lang='grc' dir='ltr'><strong>μὲν</strong></span> <span class='ocrx_word' id='word_1_76' title='bbox 1106 662 1233 708; x_wconf 68' lang='grc' dir='ltr'><em>ἀθεμί-</em></span> 
     </span>
     <span class='ocr_line' id='line_1_16' title="bbox 151 706 1235 755; baseline -0.001 -13"><span class='ocrx_word' id='word_1_77' title='bbox 151 719 225 742; x_wconf 81' lang='grc' dir='ltr'><em>τοις</em></span> <span class='ocrx_word' id='word_1_78' title='bbox 253 707 502 752; x_wconf 75' lang='grc' dir='ltr'><strong><em>συμβαλόντας</em></strong></span> <span class='ocrx_word' id='word_1_79' title='bbox 530 707 654 754; x_wconf 61' lang='grc' dir='ltr'><strong>γάμοιςΙ</strong></span> <span class='ocrx_word' id='word_1_80' title='bbox 686 706 927 753; x_wconf 77' lang='grc' dir='ltr'><em>ἀτιμωρήτους</em></span> <span class='ocrx_word' id='word_1_81' title='bbox 959 710 1065 749; x_wconf 77' lang='grc' dir='ltr'><em>ἐῶσι,</em></span> <span class='ocrx_word' id='word_1_82' title='bbox 1098 708 1164 751; x_wconf 87' lang='grc' dir='ltr'><strong>τὴν</strong></span> <span class='ocrx_word' id='word_1_83' title='bbox 1196 708 1235 755; x_wconf 66' lang='grc' dir='ltr'><strong>(Σὲ</strong></span> 
     </span>
     <span class='ocr_line' id='line_1_17' title="bbox 118 751 1233 807; baseline 0.001 -22"><span class='ocrx_word' id='word_1_84' title='bbox 118 775 124 781; x_wconf 87' lang='grc'>-</span> <span class='ocrx_word' id='word_1_85' title='bbox 152 753 191 793; x_wconf 77' lang='grc' dir='ltr'><strong>ἐξ</strong></span> <span class='ocrx_word' id='word_1_86' title='bbox 216 751 338 807; x_wconf 52' lang='grc' dir='ltr'><em>αὐτῶν</em></span> <span class='ocrx_word' id='word_1_87' title='bbox 363 752 618 798; x_wconf 68' lang='grc' dir='ltr'><em>προελθοῦσαν</em></span> <span class='ocrx_word' id='word_1_88' title='bbox 634 752 755 800; x_wconf 80' lang='grc' dir='ltr'><em>γονήν,</em></span> <span class='ocrx_word' id='word_1_89' title='bbox 780 757 939 806; x_wconf 50' lang='grc' dir='ltr'><em>καίτοιγε</em></span> <span class='ocrx_word' id='word_1_90' title='bbox 959 751 1164 788; x_wconf 68' lang='grc' dir='ltr'><em>ἀνεύθυνον</em></span> <span class='ocrx_word' id='word_1_91' title='bbox 1180 756 1233 787; x_wconf 82' lang='grc' dir='ltr'><strong>οὐ-</strong></span> 
     </span>
    </p>
   </div>
   <div class='ocr_carea' id='block_1_14' title="bbox 1303 616 2388 799">
    <p class='ocr_par' dir='ltr' id='par_1_14' title="bbox 1303 616 2388 799">
     <span class='ocr_line' id='line_1_18' title="bbox 1304 616 2387 662; baseline 0.001 -10"><span class='ocrx_word' id='word_1_92' title='bbox 1304 618 1577 662; x_wconf 78' lang='lat' dir='ltr'><strong>imperatoribus</strong></span> <span class='ocrx_word' id='word_1_93' title='bbox 1608 618 1701 661; x_wconf 87' lang='lat' dir='ltr'><strong>leges</strong></span> <span class='ocrx_word' id='word_1_94' title='bbox 1737 627 1809 651; x_wconf 91' lang='lat' dir='ltr'><strong>non</strong></span> <span class='ocrx_word' id='word_1_95' title='bbox 1833 616 1991 661; x_wconf 84' lang='lat' dir='ltr'><strong>perfecte</strong></span> <span class='ocrx_word' id='word_1_96' title='bbox 2020 617 2152 651; x_wconf 89' lang='lat' dir='ltr'><strong>habere</strong></span> <span class='ocrx_word' id='word_1_97' title='bbox 2178 618 2387 660; x_wconf 81' lang='lat' dir='ltr'><strong>iudicamus,</strong></span> 
     </span>
     <span class='ocr_line' id='line_1_19' title="bbox 1305 661 2388 707; baseline 0.002 -11"><span class='ocrx_word' id='word_1_98' title='bbox 1305 673 1395 707; x_wconf 89' lang='lat' dir='ltr'><strong>quae</strong></span> <span class='ocrx_word' id='word_1_99' title='bbox 1421 673 1481 698; x_wconf 87' lang='lat' dir='ltr'><strong>eos</strong></span> <span class='ocrx_word' id='word_1_100' title='bbox 1507 663 1646 707; x_wconf 87' lang='lat' dir='ltr'><strong>quidem</strong></span> <span class='ocrx_word' id='word_1_101' title='bbox 1672 662 1732 707; x_wconf 90' lang='lat' dir='ltr'><strong>qui</strong></span> <span class='ocrx_word' id='word_1_102' title='bbox 1756 662 1902 697; x_wconf 84' lang='lat' dir='ltr'><strong>incestis</strong></span> <span class='ocrx_word' id='word_1_103' title='bbox 1927 661 2142 706; x_wconf 80' lang='lat' dir='ltr'>copulantur</span> <span class='ocrx_word' id='word_1_104' title='bbox 2167 665 2300 707; x_wconf 87' lang='lat' dir='ltr'><strong>nuptiis</strong></span> <span class='ocrx_word' id='word_1_105' title='bbox 2326 665 2388 698; x_wconf 88' lang='lat' dir='ltr'><strong>im-</strong></span> 
     </span>
     <span class='ocr_line' id='line_1_20' title="bbox 1304 707 2387 752; baseline 0.001 -10"><span class='ocrx_word' id='word_1_106' title='bbox 1304 708 1449 752; x_wconf 89' lang='lat' dir='ltr'><strong>punitos</strong></span> <span class='ocrx_word' id='word_1_107' title='bbox 1482 709 1621 751; x_wconf 87' lang='lat' dir='ltr'><strong>sinunt,</strong></span> <span class='ocrx_word' id='word_1_108' title='bbox 1652 719 1695 743; x_wconf 85' lang='lat' dir='ltr'><strong>ex</strong></span> <span class='ocrx_word' id='word_1_109' title='bbox 1726 708 1777 743; x_wconf 89' lang='lat' dir='ltr'><strong>eis</strong></span> <span class='ocrx_word' id='word_1_110' title='bbox 1811 711 1930 742; x_wconf 89' lang='lat' dir='ltr'><strong>autem</strong></span> <span class='ocrx_word' id='word_1_111' title='bbox 1955 707 2203 752; x_wconf 82' lang='lat' dir='ltr'><strong>procedentem</strong></span> <span class='ocrx_word' id='word_1_112' title='bbox 2233 710 2387 744; x_wconf 89' lang='lat' dir='ltr'><strong>sobolem</strong></span> 
     </span>
     <span class='ocr_line' id='line_1_21' title="bbox 1303 752 2386 799; baseline 0.001 -11"><span class='ocrx_word' id='word_1_113' title='bbox 1303 754 1427 798; x_wconf 89' lang='lat' dir='ltr'><strong>utique</strong></span> <span class='ocrx_word' id='word_1_114' title='bbox 1451 754 1702 799; x_wconf 87' lang='lat' dir='ltr'><strong>inculpabilem</strong></span> <span class='ocrx_word' id='word_1_115' title='bbox 1728 754 1936 787; x_wconf 83' lang='lat' dir='ltr'><strong>existentem</strong></span> <span class='ocrx_word' id='word_1_116' title='bbox 1961 752 2104 797; x_wconf 86' lang='lat' dir='ltr'><strong>privant</strong></span> <span class='ocrx_word' id='word_1_117' title='bbox 2126 754 2232 788; x_wconf 85' lang='lat' dir='ltr'><strong>rebus</strong></span> <span class='ocrx_word' id='word_1_118' title='bbox 2257 756 2386 798; x_wconf 79' lang='lat' dir='ltr'><strong>patris:</strong></span> 
     </span>
    </p>
   </div>
   <div class='ocr_carea' id='block_1_15' title="bbox 153 796 2386 853">
    <p class='ocr_par' dir='ltr' id='par_1_15' title="bbox 153 796 2386 853">
     <span class='ocr_line' id='line_1_22' title="bbox 153 796 2386 853; baseline 0.001 -22"><span class='ocrx_word' id='word_1_119' title='bbox 153 811 231 839; x_wconf 84' lang='grc' dir='ltr'><em>σαν,</em></span> <span class='ocrx_word' id='word_1_120' title='bbox 266 800 505 853; x_wconf 69' lang='grc' dir='ltr'><em>αφαιροῦνται</em></span> <span class='ocrx_word' id='word_1_121' title='bbox 529 800 606 832; x_wconf 78' lang='grc' dir='ltr'><strong>τῶν</strong></span> <span class='ocrx_word' id='word_1_122' title='bbox 625 812 688 832; x_wconf 87' lang='grc' dir='ltr'><strong>του</strong></span> <span class='ocrx_word' id='word_1_123' title='bbox 713 797 864 844; x_wconf 87' lang='grc' dir='ltr'><em>πατρός·</em></span> <span class='ocrx_word' id='word_1_124' title='bbox 899 810 945 832; x_wconf 83' lang='grc' dir='ltr'><strong>ως</strong></span> <span class='ocrx_word' id='word_1_125' title='bbox 970 797 1166 846; x_wconf 81' lang='grc' dir='ltr'><em>ἀναγκαῖον</em></span> <span class='ocrx_word' id='word_1_126' title='bbox 1189 796 1233 832; x_wconf 74' lang='grc' dir='ltr'><strong>ὃν</strong></span> <span class='ocrx_word' id='word_1_127' title='bbox 1251 802 1288 833; x_wconf 85' lang='grc'><strong>10</strong></span> <span class='ocrx_word' id='word_1_128' title='bbox 1302 801 1342 833; x_wconf 75' lang='lat' dir='ltr'><strong>ut</strong></span> <span class='ocrx_word' id='word_1_129' title='bbox 1367 799 1560 834; x_wconf 82' lang='lat' dir='ltr'><strong>necessitas</strong></span> <span class='ocrx_word' id='word_1_130' title='bbox 1586 799 1632 834; x_wconf 85' lang='lat' dir='ltr'><strong>sit</strong></span> <span class='ocrx_word' id='word_1_131' title='bbox 1656 809 1716 834; x_wconf 83' lang='lat' dir='ltr'><strong>eOS</strong></span> <span class='ocrx_word' id='word_1_132' title='bbox 1751 799 1891 843; x_wconf 78' lang='lat' dir='ltr'><strong>quidem</strong></span> <span class='ocrx_word' id='word_1_133' title='bbox 1916 798 1976 843; x_wconf 83' lang='lat' dir='ltr'><strong>qui</strong></span> <span class='ocrx_word' id='word_1_134' title='bbox 2009 802 2162 842; x_wconf 78' lang='lat' dir='ltr'><strong>peccant</strong></span> <span class='ocrx_word' id='word_1_135' title='bbox 2187 799 2262 833; x_wconf 82' lang='lat' dir='ltr'><strong>Sine</strong></span> <span class='ocrx_word' id='word_1_136' title='bbox 2287 805 2386 834; x_wconf 83' lang='lat' dir='ltr'><strong>reatu</strong></span> 
     </span>
    </p>
   </div>
   <div class='ocr_carea' id='block_1_16' title="bbox 151 841 1234 936">
    <p class='ocr_par' dir='ltr' id='par_1_16' title="bbox 151 841 1234 936">
     <span class='ocr_line' id='line_1_23' title="bbox 151 841 1234 889; baseline 0.001 -12"><span class='ocrx_word' id='word_1_137' title='bbox 151 842 232 877; x_wconf 71' lang='grc' dir='ltr'><em>τοὺς</em></span> <span class='ocrx_word' id='word_1_138' title='bbox 265 846 332 888; x_wconf 81' lang='grc' dir='ltr'><strong>μὲν</strong></span> <span class='ocrx_word' id='word_1_139' title='bbox 368 843 641 889; x_wconf 77' lang='grc' dir='ltr'><em>αμαρτάνοντας</em></span> <span class='ocrx_word' id='word_1_140' title='bbox 676 841 897 878; x_wconf 73' lang='grc' dir='ltr'><em>ἀνευθύνους</em></span> <span class='ocrx_word' id='word_1_141' title='bbox 933 844 1044 886; x_wconf 81' lang='grc' dir='ltr'><em>εἶναι,</em></span> <span class='ocrx_word' id='word_1_142' title='bbox 1078 843 1159 878; x_wconf 81' lang='grc' dir='ltr'><strong>τούς</strong></span> <span class='ocrx_word' id='word_1_143' title='bbox 1194 842 1234 878; x_wconf 83' lang='grc' dir='ltr'><strong>δὲ</strong></span> 
     </span>
     <span class='ocr_line' id='line_1_24' title="bbox 151 886 990 936; baseline 0.004 -15"><span class='ocrx_word' id='word_1_144' title='bbox 151 886 371 923; x_wconf 67' lang='grc' dir='ltr'><em>ἀνευθύνους</em></span> <span class='ocrx_word' id='word_1_145' title='bbox 395 886 442 923; x_wconf 59' lang='lat' dir='ltr'><strong>uis</strong></span> <span class='ocrx_word' id='word_1_146' title='bbox 464 887 737 936; x_wconf 81' lang='grc' dir='ltr'><em>ἁμαρτάνοντας</em></span> <span class='ocrx_word' id='word_1_147' title='bbox 760 887 990 930; x_wconf 73' lang='grc' dir='ltr'><em>κολάζεσθαι.</em></span> 
     </span>
    </p>
   </div>
   <div class='ocr_carea' id='block_1_17' title="bbox 1302 843 2388 934">
    <p class='ocr_par' dir='ltr' id='par_1_17' title="bbox 1302 843 2388 934">
     <span class='ocr_line' id='line_1_25' title="bbox 1302 843 2388 897; baseline 0.002 -19"><span class='ocrx_word' id='word_1_148' title='bbox 1302 854 1391 896; x_wconf 73' lang='lat' dir='ltr'><strong>esse3</strong></span> <span class='ocrx_word' id='word_1_149' title='bbox 1415 854 1478 897; x_wconf 73' lang='lat' dir='ltr'><strong>eos</strong></span> <span class='ocrx_word' id='word_1_150' title='bbox 1503 847 1624 880; x_wconf 89' lang='lat' dir='ltr'><strong>autem</strong></span> <span class='ocrx_word' id='word_1_151' title='bbox 1645 844 1705 889; x_wconf 87' lang='lat' dir='ltr'><strong>qui</strong></span> <span class='ocrx_word' id='word_1_152' title='bbox 1729 843 1862 880; x_wconf 87' lang='lat' dir='ltr'><strong>innoxii</strong></span> <span class='ocrx_word' id='word_1_153' title='bbox 1888 848 1972 879; x_wconf 90' lang='lat' dir='ltr'><strong>sunt</strong></span> <span class='ocrx_word' id='word_1_154' title='bbox 1996 846 2177 888; x_wconf 85' lang='lat' dir='ltr'><strong>tamquam</strong></span> <span class='ocrx_word' id='word_1_155' title='bbox 2197 848 2388 889; x_wconf 72' lang='lat' dir='ltr'><strong>peccantes</strong></span> 
     </span>
     <span class='ocr_line' id='line_1_26' title="bbox 1304 900 1435 934; baseline -0.008 -10"><span class='ocrx_word' id='word_1_156' title='bbox 1304 900 1435 934; x_wconf 86' lang='lat' dir='ltr'><strong>pun1r1.</strong></span> 
     </span>
    </p>
   </div>
   <div class='ocr_carea' id='block_1_18' title="bbox 1164 978 1371 1015">
    <p class='ocr_par' dir='ltr' id='par_1_18' title="bbox 1164 978 1371 1015">
     <span class='ocr_line' id='line_1_27' title="bbox 1164 978 1371 1015; baseline -0.005 -1"><span class='ocrx_word' id='word_1_157' title='bbox 1164 978 1318 1015; x_wconf 88' lang='lat' dir='ltr'>CAPUT</span> <span class='ocrx_word' id='word_1_158' title='bbox 1343 979 1371 1014; x_wconf 92' lang='grc' dir='ltr'><strong>Ι.</strong></span> 
     </span>
    </p>
   </div>
   <div class='ocr_carea' id='block_1_19' title="bbox 154 1044 1236 1140">
    <p class='ocr_par' dir='ltr' id='par_1_19' title="bbox 154 1044 1236 1140">
     <span class='ocr_line' id='line_1_28' title="bbox 201 1044 1236 1093; baseline -0.002 -10"><span class='ocrx_word' id='word_1_159' title='bbox 201 1053 226 1083; x_wconf 89' lang='grc' dir='ltr'>Β</span> <span class='ocrx_word' id='word_1_160' title='bbox 270 1051 493 1093; x_wconf 81' lang='grc' dir='ltr'><em>Θεσπίζομεν</em></span> <span class='ocrx_word' id='word_1_161' title='bbox 516 1051 649 1089; x_wconf 78' lang='grc' dir='ltr'><em>τοίνυν,</em></span> <span class='ocrx_word' id='word_1_162' title='bbox 673 1048 736 1081; x_wconf 74' lang='grc' dir='ltr'><strong>τοῦ</strong></span> <span class='ocrx_word' id='word_1_163' title='bbox 761 1045 898 1089; x_wconf 81' lang='grc' dir='ltr'><em>λοιποῦ,</em></span> <span class='ocrx_word' id='word_1_164' title='bbox 925 1048 961 1081; x_wconf 80' lang='grc' dir='ltr'><strong>εἴ</strong></span> <span class='ocrx_word' id='word_1_165' title='bbox 978 1059 1032 1081; x_wconf 87' lang='grc' dir='ltr'><strong>τις</strong></span> <span class='ocrx_word' id='word_1_166' title='bbox 1055 1044 1236 1092; x_wconf 74' lang='grc' dir='ltr'><em>ἀθέμιτον</em></span> 
     </span>
     <span class='ocr_line' id='line_1_29' title="bbox 154 1089 1236 1140; baseline 0 -14"><span class='ocrx_word' id='word_1_167' title='bbox 154 1098 212 1128; x_wconf 89' lang='grc' dir='ltr'><strong>καὶ</strong></span> <span class='ocrx_word' id='word_1_168' title='bbox 238 1097 405 1129; x_wconf 78' lang='grc' dir='ltr'><em>ἐναντίον</em></span> <span class='ocrx_word' id='word_1_169' title='bbox 435 1094 479 1140; x_wconf 82' lang='grc' dir='ltr'><strong>τῇ</strong></span> <span class='ocrx_word' id='word_1_170' title='bbox 511 1091 616 1138; x_wconf 80' lang='grc' dir='ltr'><em>φύσει</em></span> <span class='ocrx_word' id='word_1_171' title='bbox 649 1089 705 1135; x_wconf 71' lang='grc' dir='ltr'><strong>(ὃν</strong></span> <span class='ocrx_word' id='word_1_172' title='bbox 728 1090 747 1126; x_wconf 84' lang='grc' dir='ltr'>ὁ</span> <span class='ocrx_word' id='word_1_173' title='bbox 780 1091 886 1137; x_wconf 78' lang='grc' dir='ltr'><em>νόμος</em></span> <span class='ocrx_word' id='word_1_174' title='bbox 917 1091 1075 1128; x_wconf 70' lang='lat' dir='ltr'><strong>incestbv</strong></span> <span class='ocrx_word' id='word_1_175' title='bbox 1108 1106 1148 1127; x_wconf 89' lang='grc' dir='ltr'><strong>τε</strong></span> <span class='ocrx_word' id='word_1_176' title='bbox 1177 1096 1236 1126; x_wconf 82' lang='grc' dir='ltr'><strong>καὶ</strong></span> 
     </span>
    </p>
   </div>
   <div class='ocr_carea' id='block_1_20' title="bbox 1307 1047 2390 1138">
    <p class='ocr_par' dir='ltr' id='par_1_20' title="bbox 1307 1047 2390 1138">
     <span class='ocr_line' id='line_1_30' title="bbox 1352 1047 2389 1094; baseline 0.003 -13"><span class='ocrx_word' id='word_1_177' title='bbox 1352 1047 1538 1083; x_wconf 88' lang='lat' dir='ltr'><strong>Sancimus</strong></span> <span class='ocrx_word' id='word_1_178' title='bbox 1563 1048 1681 1092; x_wconf 86' lang='lat' dir='ltr'><strong>igitur,</strong></span> <span class='ocrx_word' id='word_1_179' title='bbox 1708 1049 1750 1084; x_wconf 90' lang='lat' dir='ltr'><strong>de</strong></span> <span class='ocrx_word' id='word_1_180' title='bbox 1769 1052 1899 1091; x_wconf 85' lang='lat' dir='ltr'><strong>cetero,</strong></span> <span class='ocrx_word' id='word_1_181' title='bbox 1925 1049 1955 1084; x_wconf 92' lang='lat' dir='ltr'><strong>si</strong></span> <span class='ocrx_word' id='word_1_182' title='bbox 1975 1049 2051 1094; x_wconf 89' lang='lat' dir='ltr'><strong>quis</strong></span> <span class='ocrx_word' id='word_1_183' title='bbox 2075 1048 2217 1084; x_wconf 87' lang='lat' dir='ltr'><strong>illicitas</strong></span> <span class='ocrx_word' id='word_1_184' title='bbox 2244 1051 2280 1084; x_wconf 83' lang='lat' dir='ltr'><strong>et</strong></span> <span class='ocrx_word' id='word_1_185' title='bbox 2305 1059 2389 1084; x_wconf 87' lang='lat' dir='ltr'><strong>con-</strong></span> 
     </span>
     <span class='ocr_line' id='line_1_31' title="bbox 1307 1092 2390 1138; baseline 0.003 -11"><span class='ocrx_word' id='word_1_186' title='bbox 1307 1092 1434 1127; x_wconf 88' lang='lat' dir='ltr'><strong>trarias</strong></span> <span class='ocrx_word' id='word_1_187' title='bbox 1467 1095 1637 1136; x_wconf 92' lang='lat' dir='ltr'><strong>naturae,</strong></span> <span class='ocrx_word' id='word_1_188' title='bbox 1675 1105 1763 1138; x_wconf 89' lang='lat' dir='ltr'><strong>quas</strong></span> <span class='ocrx_word' id='word_1_189' title='bbox 1793 1095 1849 1128; x_wconf 87' lang='lat' dir='ltr'><strong>lex</strong></span> <span class='ocrx_word' id='word_1_190' title='bbox 1880 1095 2037 1129; x_wconf 83' lang='lat' dir='ltr'><strong>incestas</strong></span> <span class='ocrx_word' id='word_1_191' title='bbox 2074 1096 2110 1129; x_wconf 89' lang='lat' dir='ltr'><strong>et</strong></span> <span class='ocrx_word' id='word_1_192' title='bbox 2145 1094 2319 1130; x_wconf 85' lang='lat' dir='ltr'><strong>nefandas</strong></span> <span class='ocrx_word' id='word_1_193' title='bbox 2356 1099 2390 1130; x_wconf 84' lang='lat' dir='ltr'><strong>et</strong></span> 
     </span>
    </p>
   </div>
   <div class='ocr_carea' id='block_1_21' title="bbox 153 1136 2387 1193">
    <p class='ocr_par' dir='ltr' id='par_1_21' title="bbox 153 1136 2387 1193">
     <span class='ocr_line' id='line_1_32' title="bbox 153 1136 2387 1193; baseline 0 -20"><span class='ocrx_word' id='word_1_194' title='bbox 153 1140 309 1175; x_wconf 74' lang='lat' dir='ltr'><strong>nefariov</strong></span> <span class='ocrx_word' id='word_1_195' title='bbox 329 1142 388 1173; x_wconf 85' lang='grc' dir='ltr'><strong>καὶ</strong></span> <span class='ocrx_word' id='word_1_196' title='bbox 406 1139 594 1174; x_wconf 79' lang='lat' dir='ltr'><strong>damnatov</strong></span> <span class='ocrx_word' id='word_1_197' title='bbox 611 1136 723 1176; x_wconf 83' lang='grc' dir='ltr'><em>καλεῖ)</em></span> <span class='ocrx_word' id='word_1_198' title='bbox 747 1137 975 1179; x_wconf 78' lang='grc' dir='ltr'><em>συναλλάξειε</em></span> <span class='ocrx_word' id='word_1_199' title='bbox 993 1136 1119 1185; x_wconf 82' lang='grc' dir='ltr'><em>γάμον,</em></span> <span class='ocrx_word' id='word_1_200' title='bbox 1137 1138 1236 1193; x_wconf 65' lang='grc' dir='ltr'><em>εἴπερ</em></span> <span class='ocrx_word' id='word_1_201' title='bbox 1254 1142 1290 1173; x_wconf 91' lang='grc'><strong>15</strong></span> <span class='ocrx_word' id='word_1_202' title='bbox 1306 1138 1491 1173; x_wconf 82' lang='lat' dir='ltr'><strong>damnatas</strong></span> <span class='ocrx_word' id='word_1_203' title='bbox 1515 1142 1639 1181; x_wconf 82' lang='lat' dir='ltr'><strong>vocat,</strong></span> <span class='ocrx_word' id='word_1_204' title='bbox 1667 1140 1886 1179; x_wconf 81' lang='lat' dir='ltr'><strong>contraxerit</strong></span> <span class='ocrx_word' id='word_1_205' title='bbox 1911 1140 2072 1184; x_wconf 83' lang='lat' dir='ltr'><strong>nuptias,</strong></span> <span class='ocrx_word' id='word_1_206' title='bbox 2098 1140 2129 1174; x_wconf 89' lang='lat' dir='ltr'><strong>si</strong></span> <span class='ocrx_word' id='word_1_207' title='bbox 2154 1140 2293 1184; x_wconf 86' lang='lat' dir='ltr'><strong>quidem</strong></span> <span class='ocrx_word' id='word_1_208' title='bbox 2318 1151 2387 1174; x_wconf 88' lang='lat' dir='ltr'><strong>non</strong></span> 
     </span>
    </p>
   </div>
   <div class='ocr_carea' id='block_1_22' title="bbox 153 1182 1234 1238">
    <p class='ocr_par' dir='ltr' id='par_1_22' title="bbox 153 1182 1234 1238">
     <span class='ocr_line' id='line_1_33' title="bbox 153 1182 1234 1238; baseline -0.001 -21"><span class='ocrx_word' id='word_1_209' title='bbox 153 1184 218 1219; x_wconf 77' lang='grc' dir='ltr'><strong>οὐκ</strong></span> <span class='ocrx_word' id='word_1_210' title='bbox 241 1188 314 1228; x_wconf 80' lang='grc' dir='ltr'><em>ἔχοι</em></span> <span class='ocrx_word' id='word_1_211' title='bbox 337 1182 469 1219; x_wconf 75' lang='grc' dir='ltr'><em>παῖδας</em></span> <span class='ocrx_word' id='word_1_212' title='bbox 493 1185 531 1217; x_wconf 83' lang='grc' dir='ltr'><strong>ἐκ</strong></span> <span class='ocrx_word' id='word_1_213' title='bbox 555 1187 744 1238; x_wconf 74' lang='grc' dir='ltr'><em>προτέρων</em></span> <span class='ocrx_word' id='word_1_214' title='bbox 772 1188 935 1230; x_wconf 84' lang='grc' dir='ltr'><em>γνησίων</em></span> <span class='ocrx_word' id='word_1_215' title='bbox 965 1197 1005 1218; x_wconf 87' lang='grc' dir='ltr'><strong>τε</strong></span> <span class='ocrx_word' id='word_1_216' title='bbox 1036 1186 1095 1217; x_wconf 86' lang='grc' dir='ltr'><strong>καὶ</strong></span> <span class='ocrx_word' id='word_1_217' title='bbox 1127 1187 1234 1236; x_wconf 53' lang='grc' dir='ltr'><em>αμεζιι-</em></span> 
     </span>
    </p>
   </div>
   <div class='ocr_carea' id='block_1_23' title="bbox 152 1225 1236 1330">
    <p class='ocr_par' dir='ltr' id='par_1_23' title="bbox 152 1225 1236 1330">
     <span class='ocr_line' id='line_1_34' title="bbox 154 1225 1236 1275; baseline -0.003 -10"><span class='ocrx_word' id='word_1_218' title='bbox 154 1244 259 1265; x_wconf 86' lang='grc' dir='ltr'><em>πτων</em></span> <span class='ocrx_word' id='word_1_219' title='bbox 291 1227 389 1272; x_wconf 77' lang='grc' dir='ltr'><em>αὗτῳ</em></span> <span class='ocrx_word' id='word_1_220' title='bbox 414 1231 623 1275; x_wconf 81' lang='grc' dir='ltr'><em>γενομένους</em></span> <span class='ocrx_word' id='word_1_221' title='bbox 645 1242 784 1275; x_wconf 81' lang='grc' dir='ltr'><em>γαμων,</em></span> <span class='ocrx_word' id='word_1_222' title='bbox 816 1226 925 1263; x_wconf 65' lang='grc' dir='ltr'><em>εὐθὺς</em></span> <span class='ocrx_word' id='word_1_223' title='bbox 947 1231 1015 1273; x_wconf 77' lang='grc' dir='ltr'><strong>μὲν</strong></span> <span class='ocrx_word' id='word_1_224' title='bbox 1045 1225 1143 1272; x_wconf 76' lang='grc' dir='ltr'><em>αὗτῳ</em></span> <span class='ocrx_word' id='word_1_225' title='bbox 1170 1243 1236 1272; x_wconf 80' lang='grc' dir='ltr'><strong>την</strong></span> 
     </span>
     <span class='ocr_line' id='line_1_35' title="bbox 152 1271 1236 1330; baseline -0.002 -21"><span class='ocrx_word' id='word_1_226' title='bbox 152 1277 230 1309; x_wconf 81' lang='grc' dir='ltr'><strong>τῶν</strong></span> <span class='ocrx_word' id='word_1_227' title='bbox 254 1271 652 1330; x_wconf 46' lang='grc' dir='ltr'><em>οἰκει’ων’πραγμάτων</em></span> <span class='ocrx_word' id='word_1_228' title='bbox 684 1276 870 1326; x_wconf 59' lang='grc' dir='ltr'><em>ἔκπτωσιν</em></span> <span class='ocrx_word' id='word_1_229' title='bbox 903 1276 1129 1315; x_wconf 65' lang='grc' dir='ltr'><em>ἐπικεῖσθαι,</em></span> <span class='ocrx_word' id='word_1_230' title='bbox 1164 1272 1236 1319; x_wconf 76' lang='grc' dir='ltr'><strong>ἅμα</strong></span> 
     </span>
    </p>
   </div>
   <div class='ocr_carea' id='block_1_24' title="bbox 153 1318 1233 1366">
    <p class='ocr_par' dir='ltr' id='par_1_24' title="bbox 153 1318 1233 1366">
     <span class='ocr_line' id='line_1_36' title="bbox 153 1318 1233 1366; baseline 0 -13"><span class='ocrx_word' id='word_1_231' title='bbox 153 1318 192 1353; x_wconf 81' lang='grc' dir='ltr'><strong>δὲ</strong></span> <span class='ocrx_word' id='word_1_232' title='bbox 215 1323 273 1354; x_wconf 86' lang='grc' dir='ltr'><strong>καὶ</strong></span> <span class='ocrx_word' id='word_1_233' title='bbox 295 1321 373 1354; x_wconf 85' lang='grc' dir='ltr'><strong>τῶν</strong></span> <span class='ocrx_word' id='word_1_234' title='bbox 397 1333 548 1364; x_wconf 89' lang='grc' dir='ltr'><em>ονοματι</em></span> <span class='ocrx_word' id='word_1_235' title='bbox 571 1331 716 1366; x_wconf 83' lang='grc' dir='ltr'><em>προικος</em></span> <span class='ocrx_word' id='word_1_236' title='bbox 747 1318 1015 1364; x_wconf 78' lang='grc' dir='ltr'><em>ἐπιδεὸομένων</em></span> <span class='ocrx_word' id='word_1_237' title='bbox 1048 1318 1146 1363; x_wconf 78' lang='grc' dir='ltr'><em>αὐτῷ</em></span> <span class='ocrx_word' id='word_1_238' title='bbox 1170 1334 1233 1364; x_wconf 85' lang='grc' dir='ltr'><strong>μη-</strong></span> 
     </span>
    </p>
   </div>
   <div class='ocr_carea' id='block_1_25' title="bbox 1305 1183 2390 1364">
    <p class='ocr_par' dir='ltr' id='par_1_25' title="bbox 1305 1183 2390 1364">
     <span class='ocr_line' id='line_1_37' title="bbox 1305 1183 2387 1229; baseline 0.003 -12"><span class='ocrx_word' id='word_1_239' title='bbox 1305 1183 1471 1219; x_wconf 88' lang='lat' dir='ltr'><strong>habuerit</strong></span> <span class='ocrx_word' id='word_1_240' title='bbox 1497 1183 1590 1219; x_wconf 89' lang='lat' dir='ltr'><strong>filios</strong></span> <span class='ocrx_word' id='word_1_241' title='bbox 1623 1194 1666 1218; x_wconf 87' lang='lat' dir='ltr'><strong>ex</strong></span> <span class='ocrx_word' id='word_1_242' title='bbox 1700 1185 1879 1229; x_wconf 88' lang='lat' dir='ltr'><strong>prioribus</strong></span> <span class='ocrx_word' id='word_1_243' title='bbox 1904 1185 2068 1229; x_wconf 84' lang='lat' dir='ltr'><strong>legitimis</strong></span> <span class='ocrx_word' id='word_1_244' title='bbox 2101 1189 2136 1220; x_wconf 86' lang='lat' dir='ltr'><strong>et</strong></span> <span class='ocrx_word' id='word_1_245' title='bbox 2164 1186 2387 1229; x_wconf 84' lang='lat' dir='ltr'><strong>inculpabili-</strong></span> 
     </span>
     <span class='ocr_line' id='line_1_38' title="bbox 1305 1229 2388 1274; baseline 0.001 -10"><span class='ocrx_word' id='word_1_246' title='bbox 1305 1229 1373 1264; x_wconf 90' lang='lat' dir='ltr'><strong>bus</strong></span> <span class='ocrx_word' id='word_1_247' title='bbox 1398 1229 1467 1265; x_wconf 87' lang='lat' dir='ltr'><strong>sibi</strong></span> <span class='ocrx_word' id='word_1_248' title='bbox 1500 1229 1695 1264; x_wconf 83' lang='lat' dir='ltr'><strong>contractis</strong></span> <span class='ocrx_word' id='word_1_249' title='bbox 1730 1230 1881 1274; x_wconf 87' lang='lat' dir='ltr'><strong>nuptiis,</strong></span> <span class='ocrx_word' id='word_1_250' title='bbox 1914 1241 1997 1265; x_wconf 89' lang='lat' dir='ltr'><strong>mox</strong></span> <span class='ocrx_word' id='word_1_251' title='bbox 2030 1231 2062 1265; x_wconf 89' lang='lat' dir='ltr'><strong>ei</strong></span> <span class='ocrx_word' id='word_1_252' title='bbox 2092 1241 2237 1266; x_wconf 88' lang='lat' dir='ltr'><strong>suarum</strong></span> <span class='ocrx_word' id='word_1_253' title='bbox 2271 1242 2388 1266; x_wconf 88' lang='lat' dir='ltr'><strong>rerum</strong></span> 
     </span>
     <span class='ocr_line' id='line_1_39' title="bbox 1307 1274 2390 1320; baseline 0.002 -11"><span class='ocrx_word' id='word_1_254' title='bbox 1307 1285 1429 1309; x_wconf 88' lang='lat' dir='ltr'><strong>casum</strong></span> <span class='ocrx_word' id='word_1_255' title='bbox 1459 1274 1657 1318; x_wconf 85' lang='lat' dir='ltr'><strong>imminere,</strong></span> <span class='ocrx_word' id='word_1_256' title='bbox 1690 1276 1792 1309; x_wconf 91' lang='lat' dir='ltr'><strong>simul</strong></span> <span class='ocrx_word' id='word_1_257' title='bbox 1818 1279 1934 1309; x_wconf 86' lang='lat' dir='ltr'><strong>autem</strong></span> <span class='ocrx_word' id='word_1_258' title='bbox 1967 1279 2002 1310; x_wconf 93' lang='lat' dir='ltr'><strong>et</strong></span> <span class='ocrx_word' id='word_1_259' title='bbox 2033 1286 2091 1317; x_wconf 85' lang='lat' dir='ltr'><strong>ea,</strong></span> <span class='ocrx_word' id='word_1_260' title='bbox 2125 1286 2216 1320; x_wconf 89' lang='lat' dir='ltr'><strong>quae</strong></span> <span class='ocrx_word' id='word_1_261' title='bbox 2250 1277 2390 1311; x_wconf 83' lang='lat' dir='ltr'><strong>nomine</strong></span> 
     </span>
     <span class='ocr_line' id='line_1_40' title="bbox 1305 1320 2388 1364; baseline 0.002 -10"><span class='ocrx_word' id='word_1_262' title='bbox 1305 1320 1397 1355; x_wconf 88' lang='lat' dir='ltr'><strong>dotis</strong></span> <span class='ocrx_word' id='word_1_263' title='bbox 1423 1320 1507 1355; x_wconf 90' lang='lat' dir='ltr'><strong>data</strong></span> <span class='ocrx_word' id='word_1_264' title='bbox 1532 1324 1615 1355; x_wconf 89' lang='lat' dir='ltr'><strong>sunt</strong></span> <span class='ocrx_word' id='word_1_265' title='bbox 1640 1322 1683 1363; x_wconf 82' lang='lat' dir='ltr'><strong>ei,</strong></span> <span class='ocrx_word' id='word_1_266' title='bbox 1706 1320 1743 1355; x_wconf 90' lang='lat' dir='ltr'><strong>in</strong></span> <span class='ocrx_word' id='word_1_267' title='bbox 1768 1321 1864 1355; x_wconf 91' lang='lat' dir='ltr'><strong>nullo</strong></span> <span class='ocrx_word' id='word_1_268' title='bbox 1887 1321 2003 1364; x_wconf 79' lang='lat' dir='ltr'><strong>potiri,</strong></span> <span class='ocrx_word' id='word_1_269' title='bbox 2030 1321 2092 1355; x_wconf 88' lang='lat' dir='ltr'><strong>sed</strong></span> <span class='ocrx_word' id='word_1_270' title='bbox 2110 1322 2227 1356; x_wconf 88' lang='lat' dir='ltr'><strong>omnia</strong></span> <span class='ocrx_word' id='word_1_271' title='bbox 2251 1323 2388 1356; x_wconf 85' lang='lat' dir='ltr'><strong>aerario</strong></span> 
     </span>
    </p>
   </div>
   <div class='ocr_carea' id='block_1_26' title="bbox 154 1362 2388 1412">
    <p class='ocr_par' dir='ltr' id='par_1_26' title="bbox 154 1362 2388 1412">
     <span class='ocr_line' id='line_1_41' title="bbox 154 1362 2388 1412; baseline 0 -13"><span class='ocrx_word' id='word_1_272' title='bbox 154 1364 253 1400; x_wconf 79' lang='grc' dir='ltr'><em>δενὸς</em></span> <span class='ocrx_word' id='word_1_273' title='bbox 276 1362 481 1406; x_wconf 74' lang='grc' dir='ltr'><em>ἀπολαύειν,</em></span> <span class='ocrx_word' id='word_1_274' title='bbox 513 1362 601 1399; x_wconf 78' lang='grc' dir='ltr'><em>ἀλλὰ</em></span> <span class='ocrx_word' id='word_1_275' title='bbox 634 1363 755 1399; x_wconf 81' lang='grc' dir='ltr'><em>πάντα</em></span> <span class='ocrx_word' id='word_1_276' title='bbox 778 1366 833 1408; x_wconf 74' lang='grc' dir='ltr'><strong>τῷ</strong></span> <span class='ocrx_word' id='word_1_277' title='bbox 861 1370 997 1409; x_wconf 80' lang='grc' dir='ltr'><em>ταμείῳ</em></span> <span class='ocrx_word' id='word_1_278' title='bbox 1024 1368 1233 1412; x_wconf 69' lang='grc' dir='ltr'><em>προςκυροῦ-</em></span> <span class='ocrx_word' id='word_1_279' title='bbox 1248 1369 1290 1401; x_wconf 83' lang='lat'><strong>20</strong></span> <span class='ocrx_word' id='word_1_280' title='bbox 1305 1366 1491 1409; x_wconf 83' lang='lat' dir='ltr'><strong>assignari,</strong></span> <span class='ocrx_word' id='word_1_281' title='bbox 1517 1376 1558 1401; x_wconf 88' lang='lat' dir='ltr'><strong>eo</strong></span> <span class='ocrx_word' id='word_1_282' title='bbox 1584 1366 1696 1410; x_wconf 83' lang='lat' dir='ltr'><strong>quod,</strong></span> <span class='ocrx_word' id='word_1_283' title='bbox 1722 1366 1805 1400; x_wconf 85' lang='lat' dir='ltr'><strong>dum</strong></span> <span class='ocrx_word' id='word_1_284' title='bbox 1830 1366 1971 1401; x_wconf 87' lang='lat' dir='ltr'><strong>licuerit</strong></span> <span class='ocrx_word' id='word_1_285' title='bbox 1994 1367 2138 1410; x_wconf 87' lang='lat' dir='ltr'><strong>nuptias</strong></span> <span class='ocrx_word' id='word_1_286' title='bbox 2162 1367 2281 1401; x_wconf 84' lang='lat' dir='ltr'><strong>facere</strong></span> <span class='ocrx_word' id='word_1_287' title='bbox 2304 1368 2388 1411; x_wconf 85' lang='lat' dir='ltr'><strong>legi-</strong></span> 
     </span>
    </p>
   </div>
   <div class='ocr_carea' id='block_1_27' title="bbox 152 1407 1233 1600">
    <p class='ocr_par' dir='ltr' id='par_1_27' title="bbox 152 1407 1233 1600">
     <span class='ocr_line' id='line_1_42' title="bbox 153 1407 1232 1459; baseline -0.002 -14"><span class='ocrx_word' id='word_1_288' title='bbox 153 1412 256 1445; x_wconf 70' lang='grc' dir='ltr'><em>σθαι.</em></span> <span class='ocrx_word' id='word_1_289' title='bbox 291 1408 382 1444; x_wconf 70' lang='grc' dir='ltr'><em>ἀνθ’</em></span> <span class='ocrx_word' id='word_1_290' title='bbox 407 1407 491 1444; x_wconf 77' lang='grc' dir='ltr'><em>ὅτου</em></span> <span class='ocrx_word' id='word_1_291' title='bbox 512 1410 578 1457; x_wconf 88' lang='grc' dir='ltr'><strong>γὰρ</strong></span> <span class='ocrx_word' id='word_1_292' title='bbox 604 1409 685 1451; x_wconf 79' lang='grc' dir='ltr'><em>ἐξὸν</em></span> <span class='ocrx_word' id='word_1_293' title='bbox 708 1414 836 1457; x_wconf 87' lang='grc' dir='ltr'><em>γαμεῖν</em></span> <span class='ocrx_word' id='word_1_294' title='bbox 856 1414 1095 1454; x_wconf 81' lang='grc' dir='ltr'><em>νενομισμένα</em></span> <span class='ocrx_word' id='word_1_295' title='bbox 1119 1424 1232 1459; x_wconf 90' lang='grc' dir='ltr'><em>παρα-</em></span> 
     </span>
     <span class='ocr_line' id='line_1_43' title="bbox 152 1454 1233 1503; baseline 0 -13"><span class='ocrx_word' id='word_1_296' title='bbox 152 1456 276 1501; x_wconf 77' lang='grc' dir='ltr'><em>νόμων</em></span> <span class='ocrx_word' id='word_1_297' title='bbox 301 1457 375 1501; x_wconf 78' lang='grc' dir='ltr'><em>ἐρᾷ,</em></span> <span class='ocrx_word' id='word_1_298' title='bbox 400 1459 459 1489; x_wconf 87' lang='grc' dir='ltr'><strong>καὶ</strong></span> <span class='ocrx_word' id='word_1_299' title='bbox 486 1459 606 1502; x_wconf 88' lang='grc' dir='ltr'><em>συγχεῖ</em></span> <span class='ocrx_word' id='word_1_300' title='bbox 626 1458 694 1500; x_wconf 82' lang='grc' dir='ltr'><strong>μὲν</strong></span> <span class='ocrx_word' id='word_1_301' title='bbox 717 1454 837 1503; x_wconf 84' lang='grc' dir='ltr'><em>γονάς,</em></span> <span class='ocrx_word' id='word_1_302' title='bbox 868 1454 983 1490; x_wconf 79' lang='grc' dir='ltr'><em>ἀδικεῖ</em></span> <span class='ocrx_word' id='word_1_303' title='bbox 1007 1454 1047 1490; x_wconf 84' lang='grc' dir='ltr'><strong>δὲ</strong></span> <span class='ocrx_word' id='word_1_304' title='bbox 1069 1455 1115 1490; x_wconf 79' lang='grc' dir='ltr'><strong>τὰ</strong></span> <span class='ocrx_word' id='word_1_305' title='bbox 1137 1460 1233 1502; x_wconf 82' lang='grc' dir='ltr'><em>γένη,</em></span> 
     </span>
     <span class='ocr_line' id='line_1_44' title="bbox 153 1498 1233 1549; baseline -0.001 -13"><span class='ocrx_word' id='word_1_306' title='bbox 153 1500 303 1548; x_wconf 80' lang='grc' dir='ltr'><em>πράττει</em></span> <span class='ocrx_word' id='word_1_307' title='bbox 328 1499 368 1535; x_wconf 80' lang='grc' dir='ltr'><strong>δὲ</strong></span> <span class='ocrx_word' id='word_1_308' title='bbox 390 1498 502 1545; x_wconf 80' lang='grc' dir='ltr'><em>ἀσεβῆ</em></span> <span class='ocrx_word' id='word_1_309' title='bbox 525 1514 565 1535; x_wconf 90' lang='grc' dir='ltr'><strong>τε</strong></span> <span class='ocrx_word' id='word_1_310' title='bbox 588 1504 647 1534; x_wconf 81' lang='grc' dir='ltr'><strong>καὶ</strong></span> <span class='ocrx_word' id='word_1_311' title='bbox 672 1499 812 1543; x_wconf 82' lang='grc' dir='ltr'><em>ἀνόσια,</em></span> <span class='ocrx_word' id='word_1_312' title='bbox 837 1505 897 1535; x_wconf 86' lang='grc' dir='ltr'><strong>καὶ</strong></span> <span class='ocrx_word' id='word_1_313' title='bbox 921 1500 1071 1536; x_wconf 75' lang='grc' dir='ltr'><em>τοιαῦτά</em></span> <span class='ocrx_word' id='word_1_314' title='bbox 1095 1515 1135 1549; x_wconf 92' lang='grc' dir='ltr'><strong>γε</strong></span> <span class='ocrx_word' id='word_1_315' title='bbox 1159 1503 1233 1536; x_wconf 80' lang='grc' dir='ltr'><em>ἐπι·</em></span> 
     </span>
     <span class='ocr_line' id='line_1_45' title="bbox 154 1543 1233 1600; baseline 0.001 -20"><span class='ocrx_word' id='word_1_316' title='bbox 154 1549 272 1592; x_wconf 79' lang='grc' dir='ltr'><em>θὐμεῖ,</em></span> <span class='ocrx_word' id='word_1_317' title='bbox 297 1543 405 1600; x_wconf 66' lang='grc' dir='ltr'><em>ὁποῖοι</em></span> <span class='ocrx_word' id='word_1_318' title='bbox 426 1545 539 1581; x_wconf 86' lang='grc' dir='ltr'><em>πολλὰ</em></span> <span class='ocrx_word' id='word_1_319' title='bbox 563 1550 622 1580; x_wconf 85' lang='grc' dir='ltr'><strong>καὶ</strong></span> <span class='ocrx_word' id='word_1_320' title='bbox 638 1548 715 1581; x_wconf 82' lang='grc' dir='ltr'><strong>τῶν</strong></span> <span class='ocrx_word' id='word_1_321' title='bbox 731 1545 874 1594; x_wconf 81' lang='grc' dir='ltr'><em>ἀλόγων</em></span> <span class='ocrx_word' id='word_1_322' title='bbox 889 1545 1098 1582; x_wconf 81' lang='grc' dir='ltr'><em>ἀποσείεται</em></span> <span class='ocrx_word' id='word_1_323' title='bbox 1115 1545 1233 1591; x_wconf 78' lang='grc' dir='ltr'><em>ζῴων,</em></span> 
     </span>
    </p>
   </div>
   <div class='ocr_carea' id='block_1_28' title="bbox 1303 1411 2390 1593">
    <p class='ocr_par' dir='ltr' id='par_1_28' title="bbox 1303 1411 2390 1593">
     <span class='ocr_line' id='line_1_46' title="bbox 1303 1411 2390 1456; baseline 0.001 -11"><span class='ocrx_word' id='word_1_324' title='bbox 1303 1411 1427 1453; x_wconf 83' lang='lat' dir='ltr'><strong>timas,</strong></span> <span class='ocrx_word' id='word_1_325' title='bbox 1462 1414 1586 1446; x_wconf 89' lang='lat' dir='ltr'><strong>contra</strong></span> <span class='ocrx_word' id='word_1_326' title='bbox 1610 1411 1704 1455; x_wconf 87' lang='lat' dir='ltr'><strong>leges</strong></span> <span class='ocrx_word' id='word_1_327' title='bbox 1729 1411 1916 1454; x_wconf 82' lang='lat' dir='ltr'><strong>amaverit,</strong></span> <span class='ocrx_word' id='word_1_328' title='bbox 1950 1416 1985 1446; x_wconf 93' lang='lat' dir='ltr'><strong>et</strong></span> <span class='ocrx_word' id='word_1_329' title='bbox 2018 1411 2220 1446; x_wconf 84' lang='lat' dir='ltr'><strong>confuderit</strong></span> <span class='ocrx_word' id='word_1_330' title='bbox 2252 1413 2390 1456; x_wconf 89' lang='lat' dir='ltr'><strong>quidem</strong></span> 
     </span>
     <span class='ocr_line' id='line_1_47' title="bbox 1304 1456 2390 1502; baseline 0.001 -11"><span class='ocrx_word' id='word_1_331' title='bbox 1304 1457 1473 1500; x_wconf 84' lang='lat' dir='ltr'><strong>sobolem,</strong></span> <span class='ocrx_word' id='word_1_332' title='bbox 1499 1456 1662 1491; x_wconf 88' lang='lat' dir='ltr'><strong>nocuerit</strong></span> <span class='ocrx_word' id='word_1_333' title='bbox 1687 1459 1805 1492; x_wconf 89' lang='lat' dir='ltr'><strong>autem</strong></span> <span class='ocrx_word' id='word_1_334' title='bbox 1827 1459 1862 1491; x_wconf 89' lang='lat' dir='ltr'><strong>et</strong></span> <span class='ocrx_word' id='word_1_335' title='bbox 1886 1457 2023 1501; x_wconf 84' lang='lat' dir='ltr'><strong>generi,</strong></span> <span class='ocrx_word' id='word_1_336' title='bbox 2055 1458 2169 1501; x_wconf 84' lang='lat' dir='ltr'><strong>egerit</strong></span> <span class='ocrx_word' id='word_1_337' title='bbox 2193 1468 2274 1492; x_wconf 88' lang='lat' dir='ltr'><strong>vero</strong></span> <span class='ocrx_word' id='word_1_338' title='bbox 2301 1468 2390 1502; x_wconf 82' lang='lat' dir='ltr'><strong>quac</strong></span> 
     </span>
     <span class='ocr_line' id='line_1_48' title="bbox 1303 1502 2390 1547; baseline 0 -11"><span class='ocrx_word' id='word_1_339' title='bbox 1303 1502 1411 1547; x_wconf 89' lang='lat' dir='ltr'><strong>impia</strong></span> <span class='ocrx_word' id='word_1_340' title='bbox 1442 1505 1526 1537; x_wconf 89' lang='lat' dir='ltr'><strong>sunt</strong></span> <span class='ocrx_word' id='word_1_341' title='bbox 1559 1506 1593 1537; x_wconf 90' lang='lat' dir='ltr'><strong>et</strong></span> <span class='ocrx_word' id='word_1_342' title='bbox 1629 1503 1796 1545; x_wconf 83' lang='lat' dir='ltr'><strong>scelesta,</strong></span> <span class='ocrx_word' id='word_1_343' title='bbox 1834 1507 1869 1537; x_wconf 85' lang='lat' dir='ltr'><strong>et</strong></span> <span class='ocrx_word' id='word_1_344' title='bbox 1901 1503 1987 1537; x_wconf 82' lang='lat' dir='ltr'><strong>talia</strong></span> <span class='ocrx_word' id='word_1_345' title='bbox 2019 1503 2240 1547; x_wconf 87' lang='lat' dir='ltr'><strong>concupierit</strong></span> <span class='ocrx_word' id='word_1_346' title='bbox 2271 1504 2390 1547; x_wconf 83' lang='lat' dir='ltr'><strong>qualia</strong></span> 
     </span>
     <span class='ocr_line' id='line_1_49' title="bbox 1303 1548 2388 1593; baseline 0.002 -12"><span class='ocrx_word' id='word_1_347' title='bbox 1303 1548 1456 1593; x_wconf 87' lang='lat' dir='ltr'><strong>plurima</strong></span> <span class='ocrx_word' id='word_1_348' title='bbox 1480 1548 1584 1582; x_wconf 86' lang='lat' dir='ltr'><strong>etiam</strong></span> <span class='ocrx_word' id='word_1_349' title='bbox 1617 1548 1875 1582; x_wconf 85' lang='lat' dir='ltr'><strong>irrationabilia</strong></span> <span class='ocrx_word' id='word_1_350' title='bbox 1909 1552 2074 1583; x_wconf 84' lang='lat' dir='ltr'><strong>amovent</strong></span> <span class='ocrx_word' id='word_1_351' title='bbox 2106 1549 2289 1583; x_wconf 87' lang='lat' dir='ltr'><strong>animalia:</strong></span> <span class='ocrx_word' id='word_1_352' title='bbox 2327 1549 2388 1583; x_wconf 88' lang='lat' dir='ltr'><strong>sit-</strong></span> 
     </span>
    </p>
   </div>
   <div class='ocr_carea' id='block_1_29' title="bbox 152 1590 2388 1646">
    <p class='ocr_par' dir='ltr' id='par_1_29' title="bbox 152 1590 2388 1646">
     <span class='ocr_line' id='line_1_50' title="bbox 152 1590 2388 1646; baseline 0.001 -20"><span class='ocrx_word' id='word_1_353' title='bbox 152 1595 248 1626; x_wconf 79' lang='grc' dir='ltr'><em>ἔστω</em></span> <span class='ocrx_word' id='word_1_354' title='bbox 280 1605 319 1646; x_wconf 66' lang='grc' dir='ltr'><strong>γε</strong></span> <span class='ocrx_word' id='word_1_355' title='bbox 351 1593 450 1635; x_wconf 81' lang='grc' dir='ltr'><em>αυτῷ</em></span> <span class='ocrx_word' id='word_1_356' title='bbox 483 1591 592 1635; x_wconf 81' lang='grc' dir='ltr'><em>ποινὴ</em></span> <span class='ocrx_word' id='word_1_357' title='bbox 621 1591 669 1636; x_wconf 84' lang='grc' dir='ltr'><strong>μὴ</strong></span> <span class='ocrx_word' id='word_1_358' title='bbox 699 1590 861 1636; x_wconf 80' lang='grc' dir='ltr'><em>δήμευσις</em></span> <span class='ocrx_word' id='word_1_359' title='bbox 890 1591 1021 1636; x_wconf 85' lang='grc' dir='ltr'><em>μόνον,</em></span> <span class='ocrx_word' id='word_1_360' title='bbox 1054 1591 1143 1626; x_wconf 79' lang='grc' dir='ltr'><em>ἀλλὰ</em></span> <span class='ocrx_word' id='word_1_361' title='bbox 1175 1596 1233 1626; x_wconf 82' lang='grc' dir='ltr'><strong>καὶ</strong></span> <span class='ocrx_word' id='word_1_362' title='bbox 1248 1595 1289 1628; x_wconf 84' lang='grc'><strong>25</strong></span> <span class='ocrx_word' id='word_1_363' title='bbox 1305 1603 1372 1637; x_wconf 85' lang='lat' dir='ltr'><strong>que</strong></span> <span class='ocrx_word' id='word_1_364' title='bbox 1397 1593 1429 1628; x_wconf 90' lang='lat' dir='ltr'><strong>ei</strong></span> <span class='ocrx_word' id='word_1_365' title='bbox 1453 1603 1570 1637; x_wconf 87' lang='lat' dir='ltr'><strong>poena</strong></span> <span class='ocrx_word' id='word_1_366' title='bbox 1594 1604 1665 1628; x_wconf 91' lang='lat' dir='ltr'><strong>non</strong></span> <span class='ocrx_word' id='word_1_367' title='bbox 1692 1593 1898 1628; x_wconf 81' lang='lat' dir='ltr'><strong>confiscatio</strong></span> <span class='ocrx_word' id='word_1_368' title='bbox 1924 1594 2056 1636; x_wconf 88' lang='lat' dir='ltr'><strong>solum,</strong></span> <span class='ocrx_word' id='word_1_369' title='bbox 2090 1594 2154 1629; x_wconf 84' lang='lat' dir='ltr'><strong>sed</strong></span> <span class='ocrx_word' id='word_1_370' title='bbox 2185 1595 2291 1628; x_wconf 86' lang='lat' dir='ltr'><strong>etiam</strong></span> <span class='ocrx_word' id='word_1_371' title='bbox 2318 1595 2388 1628; x_wconf 88' lang='lat' dir='ltr'><strong>cin-</strong></span> 
     </span>
    </p>
   </div>
   <div class='ocr_carea' id='block_1_30' title="bbox 154 1636 1233 1685">
    <p class='ocr_par' dir='ltr' id='par_1_30' title="bbox 154 1636 1233 1685">
     <span class='ocr_line' id='line_1_51' title="bbox 154 1636 1233 1685; baseline 0.001 -14"><span class='ocrx_word' id='word_1_372' title='bbox 154 1636 268 1682; x_wconf 78' lang='grc' dir='ltr'><em>ζώνης</em></span> <span class='ocrx_word' id='word_1_373' title='bbox 297 1641 483 1684; x_wconf 82' lang='grc' dir='ltr'><em>αφαίρεσις</em></span> <span class='ocrx_word' id='word_1_374' title='bbox 511 1641 571 1671; x_wconf 84' lang='grc' dir='ltr'><strong>καὶ</strong></span> <span class='ocrx_word' id='word_1_375' title='bbox 602 1638 738 1685; x_wconf 82' lang='grc' dir='ltr'><em>ἐξορία,</em></span> <span class='ocrx_word' id='word_1_376' title='bbox 771 1642 831 1671; x_wconf 84' lang='grc' dir='ltr'><strong>καὶ</strong></span> <span class='ocrx_word' id='word_1_377' title='bbox 863 1639 898 1672; x_wconf 85' lang='grc' dir='ltr'><strong>εἴ</strong></span> <span class='ocrx_word' id='word_1_378' title='bbox 923 1652 964 1685; x_wconf 89' lang='grc' dir='ltr'><strong>γε</strong></span> <span class='ocrx_word' id='word_1_379' title='bbox 998 1637 1138 1682; x_wconf 77' lang='grc' dir='ltr'><em>εὐτελὴς</em></span> <span class='ocrx_word' id='word_1_380' title='bbox 1170 1639 1233 1680; x_wconf 81' lang='grc' dir='ltr'><em>εἴη,</em></span> 
     </span>
    </p>
   </div>
   <div class='ocr_carea' id='block_1_31' title="bbox 1303 1639 2389 1683">
    <p class='ocr_par' dir='ltr' id='par_1_31' title="bbox 1303 1639 2389 1683">
     <span class='ocr_line' id='line_1_52' title="bbox 1303 1639 2389 1683; baseline 0.001 -10"><span class='ocrx_word' id='word_1_381' title='bbox 1303 1639 1375 1683; x_wconf 82' lang='lat' dir='ltr'><strong>guli</strong></span> <span class='ocrx_word' id='word_1_382' title='bbox 1399 1639 1550 1683; x_wconf 87' lang='lat' dir='ltr'><strong>privatio</strong></span> <span class='ocrx_word' id='word_1_383' title='bbox 1577 1640 1612 1674; x_wconf 89' lang='lat' dir='ltr'><strong>et</strong></span> <span class='ocrx_word' id='word_1_384' title='bbox 1636 1639 1790 1681; x_wconf 85' lang='lat' dir='ltr'><strong>exilium,</strong></span> <span class='ocrx_word' id='word_1_385' title='bbox 1816 1642 1853 1674; x_wconf 86' lang='lat' dir='ltr'><strong>et</strong></span> <span class='ocrx_word' id='word_1_386' title='bbox 1877 1639 1906 1673; x_wconf 91' lang='lat' dir='ltr'><strong>si</strong></span> <span class='ocrx_word' id='word_1_387' title='bbox 1930 1640 2008 1674; x_wconf 88' lang='lat' dir='ltr'><strong>vilis</strong></span> <span class='ocrx_word' id='word_1_388' title='bbox 2032 1639 2151 1681; x_wconf 86' lang='lat' dir='ltr'><strong>fuerit,</strong></span> <span class='ocrx_word' id='word_1_389' title='bbox 2181 1641 2288 1674; x_wconf 86' lang='lat' dir='ltr'><strong>etiam</strong></span> <span class='ocrx_word' id='word_1_390' title='bbox 2312 1651 2389 1674; x_wconf 89' lang='lat' dir='ltr'><strong>cor-</strong></span> 
     </span>
    </p>
   </div>
   <div class='ocr_carea' id='block_1_32' title="bbox 152 1704 2390 1889">
    <p class='ocr_par' dir='ltr' id='par_1_32' title="bbox 152 1704 2390 1889">
     <span class='ocr_line' id='line_1_53' title="bbox 199 1704 2388 1753; baseline 0.001 -13"><span class='ocrx_word' id='word_1_391' title='bbox 199 1708 282 1741; x_wconf 86' lang='lat' dir='ltr'><strong>Nov.</strong></span> <span class='ocrx_word' id='word_1_392' title='bbox 305 1707 388 1740; x_wconf 91' lang='lat' dir='ltr'><strong>XII</strong></span> <span class='ocrx_word' id='word_1_393' title='bbox 410 1708 467 1747; x_wconf 88' lang='lat'><strong>(=</strong></span> <span class='ocrx_word' id='word_1_394' title='bbox 497 1707 576 1740; x_wconf 84' lang='lat' dir='ltr'><strong>Coll.</strong></span> <span class='ocrx_word' id='word_1_395' title='bbox 596 1707 641 1739; x_wconf 92' lang='lat' dir='ltr'><strong>II</strong></span> <span class='ocrx_word' id='word_1_396' title='bbox 662 1708 708 1741; x_wconf 88' lang='lat' dir='ltr'><strong>tit.</strong></span> <span class='ocrx_word' id='word_1_397' title='bbox 731 1709 768 1741; x_wconf 88' lang='lat'><strong>6:</strong></span> <span class='ocrx_word' id='word_1_398' title='bbox 801 1708 914 1751; x_wconf 77' lang='lat' dir='ltr'><strong>yloss.)</strong></span> <span class='ocrx_word' id='word_1_399' title='bbox 946 1707 1071 1741; x_wconf 82' lang='lat' dir='ltr'><strong>Graece</strong></span> <span class='ocrx_word' id='word_1_400' title='bbox 1096 1715 1182 1741; x_wconf 76' lang='lat' dir='ltr'><strong>extat</strong></span> <span class='ocrx_word' id='word_1_401' title='bbox 1203 1709 1234 1741; x_wconf 83' lang='lat' dir='ltr'><strong>in</strong></span> <span class='ocrx_word' id='word_1_402' title='bbox 1256 1709 1359 1741; x_wconf 84' lang='lat' dir='ltr'><strong>MLA</strong></span> <span class='ocrx_word' id='word_1_403' title='bbox 1384 1709 1430 1747; x_wconf 85' lang='lat' dir='ltr'><strong>(in</strong></span> <span class='ocrx_word' id='word_1_404' title='bbox 1454 1709 1512 1741; x_wconf 79' lang='lat' dir='ltr'><strong>hoc</strong></span> <span class='ocrx_word' id='word_1_405' title='bbox 1536 1715 1582 1741; x_wconf 82' lang='lat' dir='ltr'><strong>est</strong></span> <span class='ocrx_word' id='word_1_406' title='bbox 1606 1705 1723 1740; x_wconf 80' lang='grc' dir='ltr'><em>τίτλος</em></span> <span class='ocrx_word' id='word_1_407' title='bbox 1747 1704 1902 1753; x_wconf 78' lang='grc' dir='ltr'><em>ὄγδοος),</em></span> <span class='ocrx_word' id='word_1_408' title='bbox 1937 1710 2132 1751; x_wconf 84' lang='lat' dir='ltr'><strong>prooemium</strong></span> <span class='ocrx_word' id='word_1_409' title='bbox 2157 1716 2186 1742; x_wconf 85' lang='lat' dir='ltr'><strong>et</strong></span> <span class='ocrx_word' id='word_1_410' title='bbox 2210 1722 2281 1752; x_wconf 82' lang='lat' dir='ltr'><strong>cap.</strong></span> <span class='ocrx_word' id='word_1_411' title='bbox 2306 1712 2388 1743; x_wconf 79' lang='grc'><strong>1-3</strong></span> 
     </span>
     <span class='ocr_line' id='line_1_54' title="bbox 155 1751 2388 1796; baseline 0.001 -11"><span class='ocrx_word' id='word_1_412' title='bbox 155 1754 186 1785; x_wconf 84' lang='lat' dir='ltr'><strong>in</strong></span> <span class='ocrx_word' id='word_1_413' title='bbox 209 1753 244 1785; x_wconf 86' lang='lat' dir='ltr'><em>B</em></span> <span class='ocrx_word' id='word_1_414' title='bbox 265 1754 319 1793; x_wconf 83' lang='lat'><strong>28,</strong></span> <span class='ocrx_word' id='word_1_415' title='bbox 345 1760 360 1785; x_wconf 86' lang='grc'><strong>6</strong></span> <span class='ocrx_word' id='word_1_416' title='bbox 383 1754 426 1793; x_wconf 90' lang='grc' dir='ltr'><strong>(Ι.</strong></span> <span class='ocrx_word' id='word_1_417' title='bbox 449 1754 468 1785; x_wconf 85' lang='grc'>2</span> <span class='ocrx_word' id='word_1_418' title='bbox 490 1752 539 1784; x_wconf 56' lang='grc' dir='ltr'><strong>Β*</strong></span> <span class='ocrx_word' id='word_1_419' title='bbox 558 1765 593 1795; x_wconf 83' lang='lat' dir='ltr'><strong>p.</strong></span> <span class='ocrx_word' id='word_1_420' title='bbox 611 1754 673 1787; x_wconf 87' lang='lat'><strong>150</strong></span> <span class='ocrx_word' id='word_1_421' title='bbox 696 1753 824 1793; x_wconf 81' lang='lat' dir='ltr'><strong>Zach.).</strong></span> <span class='ocrx_word' id='word_1_422' title='bbox 850 1772 894 1777; x_wconf 86' lang='lat'>—</span> <span class='ocrx_word' id='word_1_423' title='bbox 919 1754 1009 1796; x_wconf 83' lang='lat' dir='ltr'><strong>Epit.</strong></span> <span class='ocrx_word' id='word_1_424' title='bbox 1040 1754 1157 1786; x_wconf 78' lang='lat' dir='ltr'><strong>Theod.</strong></span> <span class='ocrx_word' id='word_1_425' title='bbox 1185 1755 1223 1786; x_wconf 81' lang='lat'><strong>12</strong></span> <span class='ocrx_word' id='word_1_426' title='bbox 1247 1756 1333 1791; x_wconf 81' lang='lat' dir='ltr'><strong>(inde</strong></span> <span class='ocrx_word' id='word_1_427' title='bbox 1356 1751 1441 1795; x_wconf 78' lang='grc' dir='ltr'><strong>ΒΣ),</strong></span> <span class='ocrx_word' id='word_1_428' title='bbox 1466 1754 1627 1787; x_wconf 76' lang='lat' dir='ltr'><strong>Athanas.</strong></span> <span class='ocrx_word' id='word_1_429' title='bbox 1646 1756 1697 1795; x_wconf 85' lang='lat' dir='ltr'><strong>ll,</strong></span> <span class='ocrx_word' id='word_1_430' title='bbox 1722 1761 1734 1787; x_wconf 85' lang='grc'><strong>1</strong></span> <span class='ocrx_word' id='word_1_431' title='bbox 1760 1755 1848 1794; x_wconf 81' lang='lat' dir='ltr'><strong>(inde</strong></span> <span class='ocrx_word' id='word_1_432' title='bbox 1871 1755 1938 1786; x_wconf 82' lang='lat' dir='ltr'><strong>cod.</strong></span> <span class='ocrx_word' id='word_1_433' title='bbox 1962 1754 2138 1787; x_wconf 79' lang='lat' dir='ltr'><strong>Vaticanus</strong></span> <span class='ocrx_word' id='word_1_434' title='bbox 2162 1756 2246 1788; x_wconf 78' lang='lat'>1981</span> <span class='ocrx_word' id='word_1_435' title='bbox 2269 1755 2388 1788; x_wconf 79' lang='lat' dir='ltr'><strong>Nomo-</strong></span> 
     </span>
     <span class='ocr_line' id='line_1_55' title="bbox 154 1794 2390 1843; baseline 0.002 -14"><span class='ocrx_word' id='word_1_436' title='bbox 154 1799 286 1831; x_wconf 76' lang='lat' dir='ltr'><strong>eanonis</strong></span> <span class='ocrx_word' id='word_1_437' title='bbox 311 1798 412 1830; x_wconf 88' lang='lat' dir='ltr'><strong>XIV</strong></span> <span class='ocrx_word' id='word_1_438' title='bbox 426 1799 472 1830; x_wconf 78' lang='lat' dir='ltr'><strong>tit.</strong></span> <span class='ocrx_word' id='word_1_439' title='bbox 495 1798 540 1829; x_wconf 79' lang='lat' dir='ltr'><strong>ad</strong></span> <span class='ocrx_word' id='word_1_440' title='bbox 566 1799 613 1838; x_wconf 90' lang='grc'><strong>13,</strong></span> <span class='ocrx_word' id='word_1_441' title='bbox 637 1806 652 1831; x_wconf 87' lang='grc'><strong>5</strong></span> <span class='ocrx_word' id='word_1_442' title='bbox 678 1806 756 1831; x_wconf 74' lang='lat' dir='ltr'><strong>extr.</strong></span> <span class='ocrx_word' id='word_1_443' title='bbox 782 1794 873 1832; x_wconf 67' lang='lat' dir='ltr'><strong>‘nino</strong></span> <span class='ocrx_word' id='word_1_444' title='bbox 897 1799 958 1841; x_wconf 77' lang='grc' dir='ltr'><strong>τῆς</strong></span> <span class='ocrx_word' id='word_1_445' title='bbox 982 1795 1021 1831; x_wconf 87' lang='grc' dir='ltr'><strong>ιε’</strong></span> <span class='ocrx_word' id='word_1_446' title='bbox 1047 1795 1209 1842; x_wconf 75' lang='grc' dir='ltr'><em>νεαρᾶς’;</em></span> <span class='ocrx_word' id='word_1_447' title='bbox 1245 1800 1314 1832; x_wconf 84' lang='lat' dir='ltr'><strong>cod.</strong></span> <span class='ocrx_word' id='word_1_448' title='bbox 1342 1799 1549 1832; x_wconf 80' lang='lat' dir='ltr'><strong>Bodleianus</strong></span> <span class='ocrx_word' id='word_1_449' title='bbox 1575 1800 1662 1832; x_wconf 82' lang='lat'><strong>3399</strong></span> <span class='ocrx_word' id='word_1_450' title='bbox 1689 1801 1733 1833; x_wconf 81' lang='lat' dir='ltr'><strong>tit.</strong></span> <span class='ocrx_word' id='word_1_451' title='bbox 1756 1802 1773 1832; x_wconf 84' lang='lat'>7</span> <span class='ocrx_word' id='word_1_452' title='bbox 1800 1795 1891 1832; x_wconf 61' lang='grc' dir='ltr'><strong>εάπὸ</strong></span> <span class='ocrx_word' id='word_1_453' title='bbox 1912 1798 1973 1841; x_wconf 82' lang='grc' dir='ltr'><strong>τῆς</strong></span> <span class='ocrx_word' id='word_1_454' title='bbox 1996 1795 2045 1832; x_wconf 71' lang='grc' dir='ltr'><strong>νε’</strong></span> <span class='ocrx_word' id='word_1_455' title='bbox 2067 1799 2194 1843; x_wconf 81' lang='grc' dir='ltr'><em>νεαρᾶς</em></span> <span class='ocrx_word' id='word_1_456' title='bbox 2218 1795 2292 1842; x_wconf 78' lang='grc' dir='ltr'><em>ἥτις</em></span> <span class='ocrx_word' id='word_1_457' title='bbox 2316 1801 2390 1834; x_wconf 79' lang='grc' dir='ltr'><em>ἐπι-</em></span> 
     </span>
     <span class='ocr_line' id='line_1_56' title="bbox 152 1839 1338 1889; baseline 0.003 -14"><span class='ocrx_word' id='word_1_458' title='bbox 152 1844 352 1889; x_wconf 80' lang='grc' dir='ltr'><em>γέγραπται</em></span> <span class='ocrx_word' id='word_1_459' title='bbox 376 1845 457 1888; x_wconf 89' lang='grc' dir='ltr'><em>περὶ</em></span> <span class='ocrx_word' id='word_1_460' title='bbox 482 1840 673 1886; x_wconf 74' lang='grc' dir='ltr'><em>ἀθεμίτων</em></span> <span class='ocrx_word' id='word_1_461' title='bbox 695 1839 863 1889; x_wconf 73' lang='grc' dir='ltr'><em>γάμων’)·</em></span> <span class='ocrx_word' id='word_1_462' title='bbox 899 1844 1025 1878; x_wconf 85' lang='lat' dir='ltr'><strong>Iulian.</strong></span> <span class='ocrx_word' id='word_1_463' title='bbox 1046 1852 1144 1877; x_wconf 87' lang='lat' dir='ltr'><strong>const.</strong></span> <span class='ocrx_word' id='word_1_464' title='bbox 1170 1845 1338 1879; x_wconf 90' lang='lat' dir='ltr'><em>XXXII.</em></span> 
     </span>
    </p>
   </div>
   <div class='ocr_carea' id='block_1_33' title="bbox 878 1932 1668 2054">
    <p class='ocr_par' dir='ltr' id='par_1_33' title="bbox 878 1932 1668 2054">
     <span class='ocr_line' id='line_1_57' title="bbox 878 1932 1668 2054; baseline 0.003 -2"><span class='ocrx_word' id='word_1_465' title='bbox 878 2001 982 2052; x_wconf 76' lang='lat' dir='ltr'><strong>DE</strong></span> <span class='ocrx_word' id='word_1_466' title='bbox 1011 1932 1339 2053; x_wconf 53' lang='lat' dir='ltr'><strong>JNOESJXJS</strong></span> <span class='ocrx_word' id='word_1_467' title='bbox 1370 2001 1668 2054; x_wconf 72' lang='lat' dir='ltr'><strong>NUPTJJS.</strong></span> 
     </span>
    </p>
   </div>
   <div class='ocr_carea' id='block_1_34' title="bbox 264 2090 2281 2140">
    <p class='ocr_par' dir='ltr' id='par_1_34' title="bbox 264 2090 2281 2140">
     <span class='ocr_line' id='line_1_58' title="bbox 264 2090 2281 2140; baseline 0.002 -14"><span class='ocrx_word' id='word_1_468' title='bbox 264 2090 354 2138; x_wconf 82' lang='lat' dir='ltr'><strong>Imp.</strong></span> <span class='ocrx_word' id='word_1_469' title='bbox 378 2090 605 2127; x_wconf 70' lang='lat' dir='ltr'><strong>lastinianus</strong></span> <span class='ocrx_word' id='word_1_470' title='bbox 628 2091 669 2127; x_wconf 88' lang='lat' dir='ltr'><strong>A.</strong></span> <span class='ocrx_word' id='word_1_471' title='bbox 717 2091 832 2127; x_wconf 84' lang='lat' dir='ltr'><strong>Floro</strong></span> <span class='ocrx_word' id='word_1_472' title='bbox 865 2092 1127 2138; x_wconf 71' lang='lat' dir='ltr'><strong>qloriosissimo</strong></span> <span class='ocrx_word' id='word_1_473' title='bbox 1153 2093 1276 2129; x_wconf 83' lang='lat' dir='ltr'><strong>comiti</strong></span> <span class='ocrx_word' id='word_1_474' title='bbox 1297 2093 1499 2128; x_wconf 82' lang='lat' dir='ltr'><strong>divinarum</strong></span> <span class='ocrx_word' id='word_1_475' title='bbox 1524 2104 1617 2139; x_wconf 88' lang='lat' dir='ltr'><strong>quae</strong></span> <span class='ocrx_word' id='word_1_476' title='bbox 1641 2093 1772 2139; x_wconf 83' lang='lat' dir='ltr'><strong>ubique</strong></span> <span class='ocrx_word' id='word_1_477' title='bbox 1794 2098 1880 2129; x_wconf 85' lang='lat' dir='ltr'><strong>sunt</strong></span> <span class='ocrx_word' id='word_1_478' title='bbox 1902 2105 2022 2129; x_wconf 89' lang='lat' dir='ltr'><strong>rerum</strong></span> <span class='ocrx_word' id='word_1_479' title='bbox 2041 2094 2281 2140; x_wconf 84' lang='lat' dir='ltr'><strong>privatarum.</strong></span> 
     </span>
    </p>
   </div>
   <div class='ocr_carea' id='block_1_35' title="bbox 155 2158 2389 2522">
    <p class='ocr_par' dir='ltr' id='par_1_35' title="bbox 155 2158 2389 2340">
     <span class='ocr_line' id='line_1_59' title="bbox 291 2158 2386 2207; baseline 0.001 -12"><span class='ocrx_word' id='word_1_480' title='bbox 291 2160 546 2205; x_wconf 84' lang='lat' dir='ltr'><strong>Praefatio.</strong></span> <span class='ocrx_word' id='word_1_481' title='bbox 594 2158 711 2205; x_wconf 76' lang='lat' dir='ltr'><strong>Leqes</strong></span> <span class='ocrx_word' id='word_1_482' title='bbox 734 2159 777 2194; x_wconf 84' lang='lat' dir='ltr'><strong>de</strong></span> <span class='ocrx_word' id='word_1_483' title='bbox 799 2160 946 2195; x_wconf 78' lang='lat' dir='ltr'><strong>incestis</strong></span> <span class='ocrx_word' id='word_1_484' title='bbox 970 2165 1078 2196; x_wconf 87' lang='lat' dir='ltr'><strong>antea</strong></span> <span class='ocrx_word' id='word_1_485' title='bbox 1102 2161 1146 2196; x_wconf 86' lang='lat' dir='ltr'><strong>ab</strong></span> <span class='ocrx_word' id='word_1_486' title='bbox 1168 2161 1448 2207; x_wconf 84' lang='lat' dir='ltr'><strong>imperatoribus</strong></span> <span class='ocrx_word' id='word_1_487' title='bbox 1473 2161 1701 2207; x_wconf 84' lang='lat' dir='ltr'><strong>conscriptas</strong></span> <span class='ocrx_word' id='word_1_488' title='bbox 1725 2173 1798 2196; x_wconf 85' lang='lat' dir='ltr'><strong>non</strong></span> <span class='ocrx_word' id='word_1_489' title='bbox 1820 2162 2009 2207; x_wconf 81' lang='lat' dir='ltr'><strong>perfectas</strong></span> <span class='ocrx_word' id='word_1_490' title='bbox 2028 2173 2105 2197; x_wconf 85' lang='lat' dir='ltr'><strong>esse</strong></span> <span class='ocrx_word' id='word_1_491' title='bbox 2128 2163 2386 2204; x_wconf 77' lang='lat' dir='ltr'><strong>existimamus,</strong></span> 
     </span>
     <span class='ocr_line' id='line_1_60' title="bbox 155 2205 2389 2259; baseline 0 -18"><span class='ocrx_word' id='word_1_492' title='bbox 155 2217 248 2252; x_wconf 83' lang='lat' dir='ltr'><strong>quae</strong></span> <span class='ocrx_word' id='word_1_493' title='bbox 273 2205 414 2251; x_wconf 82' lang='lat' dir='ltr'><strong>quidem</strong></span> <span class='ocrx_word' id='word_1_494' title='bbox 439 2216 519 2247; x_wconf 86' lang='lat' dir='ltr'><strong>eos,</strong></span> <span class='ocrx_word' id='word_1_495' title='bbox 541 2205 604 2250; x_wconf 87' lang='lat' dir='ltr'><strong>qui</strong></span> <span class='ocrx_word' id='word_1_496' title='bbox 627 2205 784 2239; x_wconf 87' lang='lat' dir='ltr'><strong>incestas</strong></span> <span class='ocrx_word' id='word_1_497' title='bbox 808 2205 956 2250; x_wconf 76' lang='lat' dir='ltr'><strong>nuptias</strong></span> <span class='ocrx_word' id='word_1_498' title='bbox 979 2211 1263 2247; x_wconf 70' lang='lat' dir='ltr'><strong>contraxerant,</strong></span> <span class='ocrx_word' id='word_1_499' title='bbox 1288 2206 1485 2252; x_wconf 85' lang='lat' dir='ltr'><strong>impunitos</strong></span> <span class='ocrx_word' id='word_1_500' title='bbox 1509 2206 1727 2251; x_wconf 80' lang='lat' dir='ltr'><strong>relinquant,</strong></span> <span class='ocrx_word' id='word_1_501' title='bbox 1752 2207 1893 2252; x_wconf 83' lang='lat' dir='ltr'><strong>prolem</strong></span> <span class='ocrx_word' id='word_1_502' title='bbox 1913 2218 1997 2242; x_wconf 83' lang='lat' dir='ltr'><strong>vero</strong></span> <span class='ocrx_word' id='word_1_503' title='bbox 2022 2218 2071 2242; x_wconf 76' lang='lat' dir='ltr'><strong>ex</strong></span> <span class='ocrx_word' id='word_1_504' title='bbox 2091 2208 2137 2241; x_wconf 84' lang='lat' dir='ltr'><strong>iis</strong></span> <span class='ocrx_word' id='word_1_505' title='bbox 2158 2208 2389 2259; x_wconf 66' lang='lat' dir='ltr'><strong>proqenitam</strong></span> 
     </span>
     <span class='ocr_line' id='line_1_61' title="bbox 155 2249 2389 2297; baseline 0.001 -11"><span class='ocrx_word' id='word_1_506' title='bbox 155 2251 318 2297; x_wconf 85' lang='lat' dir='ltr'><strong>quamvis</strong></span> <span class='ocrx_word' id='word_1_507' title='bbox 349 2251 526 2285; x_wconf 79' lang='lat' dir='ltr'><strong>insontem</strong></span> <span class='ocrx_word' id='word_1_508' title='bbox 555 2250 721 2295; x_wconf 87' lang='lat' dir='ltr'><strong>paternis</strong></span> <span class='ocrx_word' id='word_1_509' title='bbox 752 2249 856 2284; x_wconf 84' lang='lat' dir='ltr'><strong>bonis</strong></span> <span class='ocrx_word' id='word_1_510' title='bbox 883 2251 1045 2295; x_wconf 81' lang='lat' dir='ltr'><strong>privent:</strong></span> <span class='ocrx_word' id='word_1_511' title='bbox 1078 2252 1183 2296; x_wconf 81' lang='lat' dir='ltr'><strong>quasi</strong></span> <span class='ocrx_word' id='word_1_512' title='bbox 1211 2260 1354 2286; x_wconf 83' lang='lat' dir='ltr'><strong>necesse</strong></span> <span class='ocrx_word' id='word_1_513' title='bbox 1386 2251 1433 2285; x_wconf 88' lang='lat' dir='ltr'><strong>sit</strong></span> <span class='ocrx_word' id='word_1_514' title='bbox 1463 2261 1526 2285; x_wconf 83' lang='lat' dir='ltr'><strong>eos</strong></span> <span class='ocrx_word' id='word_1_515' title='bbox 1559 2252 1622 2296; x_wconf 84' lang='lat' dir='ltr'><strong>qui</strong></span> <span class='ocrx_word' id='word_1_516' title='bbox 1651 2257 1849 2297; x_wconf 81' lang='lat' dir='ltr'><strong>peccarunt</strong></span> <span class='ocrx_word' id='word_1_517' title='bbox 1881 2252 2079 2297; x_wconf 85' lang='lat' dir='ltr'><strong>impunitos</strong></span> <span class='ocrx_word' id='word_1_518' title='bbox 2103 2264 2195 2294; x_wconf 83' lang='lat' dir='ltr'><strong>esse,</strong></span> <span class='ocrx_word' id='word_1_519' title='bbox 2228 2258 2389 2288; x_wconf 78' lang='lat' dir='ltr'><strong>insontes</strong></span> 
     </span>
     <span class='ocr_line' id='line_1_62' title="bbox 161 2294 859 2340; baseline -0.006 -9"><span class='ocrx_word' id='word_1_520' title='bbox 161 2300 279 2331; x_wconf 84' lang='lat' dir='ltr'><strong>autem</strong></span> <span class='ocrx_word' id='word_1_521' title='bbox 305 2301 393 2330; x_wconf 80' lang='lat' dir='ltr'><strong>tam(</strong></span> <span class='ocrx_word' id='word_1_522' title='bbox 405 2306 487 2329; x_wconf 89' lang='lat' dir='ltr'><strong>uam</strong></span> <span class='ocrx_word' id='word_1_523' title='bbox 507 2298 702 2340; x_wconf 79' lang='lat' dir='ltr'><strong>peccantes</strong></span> <span class='ocrx_word' id='word_1_524' title='bbox 718 2294 859 2339; x_wconf 86' lang='lat' dir='ltr'><strong>puniri.</strong></span> 
     </span>
    </p>

    <p class='ocr_par' dir='ltr' id='par_1_36' title="bbox 157 2338 2389 2522">
     <span class='ocr_line' id='line_1_63' title="bbox 290 2338 2386 2388; baseline 0.002 -14"><span class='ocrx_word' id='word_1_525' title='bbox 290 2340 318 2374; x_wconf 91' lang='grc' dir='ltr'><strong>Ι.</strong></span> <span class='ocrx_word' id='word_1_526' title='bbox 397 2339 558 2373; x_wconf 88' lang='lat' dir='ltr'><strong>ancimus</strong></span> <span class='ocrx_word' id='word_1_527' title='bbox 584 2339 709 2384; x_wconf 53' lang='lat' dir='ltr'><strong>iqituig</strong></span> <span class='ocrx_word' id='word_1_528' title='bbox 742 2342 782 2372; x_wconf 90' lang='lat' dir='ltr'><strong>ut</strong></span> <span class='ocrx_word' id='word_1_529' title='bbox 804 2338 842 2372; x_wconf 82' lang='lat' dir='ltr'><strong>in</strong></span> <span class='ocrx_word' id='word_1_530' title='bbox 861 2342 1066 2384; x_wconf 84' lang='lat' dir='ltr'><strong>posterum,</strong></span> <span class='ocrx_word' id='word_1_531' title='bbox 1091 2340 1124 2373; x_wconf 88' lang='lat' dir='ltr'><strong>si</strong></span> <span class='ocrx_word' id='word_1_532' title='bbox 1147 2340 1229 2384; x_wconf 85' lang='lat' dir='ltr'><strong>quis</strong></span> <span class='ocrx_word' id='word_1_533' title='bbox 1251 2339 1400 2385; x_wconf 84' lang='lat' dir='ltr'><strong>nuptias</strong></span> <span class='ocrx_word' id='word_1_534' title='bbox 1424 2340 1569 2375; x_wconf 81' lang='lat' dir='ltr'><strong>illicitas</strong></span> <span class='ocrx_word' id='word_1_535' title='bbox 1593 2343 1627 2374; x_wconf 89' lang='lat' dir='ltr'><strong>et</strong></span> <span class='ocrx_word' id='word_1_536' title='bbox 1649 2344 1804 2375; x_wconf 85' lang='lat' dir='ltr'><strong>naturae</strong></span> <span class='ocrx_word' id='word_1_537' title='bbox 1827 2342 2034 2376; x_wconf 82' lang='lat' dir='ltr'><strong>contrarias</strong></span> <span class='ocrx_word' id='word_1_538' title='bbox 2063 2345 2168 2388; x_wconf 84' lang='lat' dir='ltr'><strong>(quas</strong></span> <span class='ocrx_word' id='word_1_539' title='bbox 2193 2343 2254 2378; x_wconf 79' lang='lat' dir='ltr'><strong>lex</strong></span> <span class='ocrx_word' id='word_1_540' title='bbox 2275 2347 2310 2378; x_wconf 85' lang='lat' dir='ltr'><strong>et</strong></span> <span class='ocrx_word' id='word_1_541' title='bbox 2332 2344 2386 2378; x_wconf 91' lang='lat' dir='ltr'><strong>in-</strong></span> 
     </span>
     <span class='ocr_line' id='line_1_64' title="bbox 157 2383 2389 2441; baseline 0.001 -21"><span class='ocrx_word' id='word_1_542' title='bbox 157 2389 273 2421; x_wconf 85' lang='lat' dir='ltr'><strong>cestas</strong></span> <span class='ocrx_word' id='word_1_543' title='bbox 296 2388 331 2420; x_wconf 88' lang='lat' dir='ltr'><strong>et</strong></span> <span class='ocrx_word' id='word_1_544' title='bbox 354 2384 520 2429; x_wconf 86' lang='lat' dir='ltr'><strong>nefarias</strong></span> <span class='ocrx_word' id='word_1_545' title='bbox 539 2387 573 2417; x_wconf 90' lang='lat' dir='ltr'><strong>et</strong></span> <span class='ocrx_word' id='word_1_546' title='bbox 597 2383 788 2417; x_wconf 85' lang='lat' dir='ltr'><strong>damnatas</strong></span> <span class='ocrx_word' id='word_1_547' title='bbox 811 2386 930 2425; x_wconf 83' lang='lat' dir='ltr'><strong>vocat)</strong></span> <span class='ocrx_word' id='word_1_548' title='bbox 962 2385 1209 2425; x_wconf 73' lang='lat' dir='ltr'><strong>contraxerit,</strong></span> <span class='ocrx_word' id='word_1_549' title='bbox 1234 2384 1410 2435; x_wconf 79' lang='lat' dir='ltr'><strong>siquidem</strong></span> <span class='ocrx_word' id='word_1_550' title='bbox 1435 2385 1566 2420; x_wconf 83' lang='lat' dir='ltr'><strong>liberos</strong></span> <span class='ocrx_word' id='word_1_551' title='bbox 1586 2396 1635 2420; x_wconf 76' lang='lat' dir='ltr'><strong>ex</strong></span> <span class='ocrx_word' id='word_1_552' title='bbox 1653 2386 1845 2432; x_wconf 81' lang='lat' dir='ltr'><strong>prioribus</strong></span> <span class='ocrx_word' id='word_1_553' title='bbox 1869 2387 2006 2432; x_wconf 88' lang='lat' dir='ltr'><strong>nuptiis</strong></span> <span class='ocrx_word' id='word_1_554' title='bbox 2030 2387 2200 2432; x_wconf 71' lang='lat' dir='ltr'><strong>leqitimis</strong></span> <span class='ocrx_word' id='word_1_555' title='bbox 2223 2393 2259 2423; x_wconf 85' lang='lat' dir='ltr'><strong>et</strong></span> <span class='ocrx_word' id='word_1_556' title='bbox 2281 2389 2389 2441; x_wconf 84' lang='lat' dir='ltr'><strong>culpa</strong></span> 
     </span>
     <span class='ocr_line' id='line_1_65' title="bbox 157 2427 2389 2477; baseline 0.001 -12"><span class='ocrx_word' id='word_1_557' title='bbox 157 2430 280 2466; x_wconf 85' lang='lat' dir='ltr'><strong>vacuis</strong></span> <span class='ocrx_word' id='word_1_558' title='bbox 302 2433 409 2463; x_wconf 85' lang='lat' dir='ltr'><strong>natos</strong></span> <span class='ocrx_word' id='word_1_559' title='bbox 433 2439 505 2462; x_wconf 88' lang='lat' dir='ltr'><strong>non</strong></span> <span class='ocrx_word' id='word_1_560' title='bbox 530 2427 671 2469; x_wconf 73' lang='lat' dir='ltr'><strong>habeat,</strong></span> <span class='ocrx_word' id='word_1_561' title='bbox 696 2428 817 2462; x_wconf 82' lang='lat' dir='ltr'><strong>statim</strong></span> <span class='ocrx_word' id='word_1_562' title='bbox 841 2429 874 2463; x_wconf 88' lang='lat' dir='ltr'><strong>ei</strong></span> <span class='ocrx_word' id='word_1_563' title='bbox 893 2439 1040 2462; x_wconf 81' lang='lat' dir='ltr'><strong>suarum</strong></span> <span class='ocrx_word' id='word_1_564' title='bbox 1064 2440 1184 2463; x_wconf 79' lang='lat' dir='ltr'><strong>rerum</strong></span> <span class='ocrx_word' id='word_1_565' title='bbox 1213 2429 1357 2463; x_wconf 80' lang='lat' dir='ltr'><strong>amissio</strong></span> <span class='ocrx_word' id='word_1_566' title='bbox 1381 2429 1579 2475; x_wconf 70' lang='lat' dir='ltr'><strong>irroqetur,</strong></span> <span class='ocrx_word' id='word_1_567' title='bbox 1604 2430 1780 2475; x_wconf 82' lang='lat' dir='ltr'><strong>simulque</strong></span> <span class='ocrx_word' id='word_1_568' title='bbox 1804 2443 1849 2466; x_wconf 90' lang='lat' dir='ltr'><strong>ne</strong></span> <span class='ocrx_word' id='word_1_569' title='bbox 1865 2443 1989 2466; x_wconf 84' lang='lat' dir='ltr'><strong>earum</strong></span> <span class='ocrx_word' id='word_1_570' title='bbox 2009 2443 2103 2477; x_wconf 77' lang='lat' dir='ltr'><strong>qucce</strong></span> <span class='ocrx_word' id='word_1_571' title='bbox 2126 2433 2222 2468; x_wconf 78' lang='lat' dir='ltr'><strong>dotis</strong></span> <span class='ocrx_word' id='word_1_572' title='bbox 2246 2444 2389 2469; x_wconf 75' lang='lat' dir='ltr'><strong>nomine</strong></span> 
     </span>
     <span class='ocr_line' id='line_1_66' title="bbox 157 2472 2387 2522; baseline 0.001 -12"><span class='ocrx_word' id='word_1_573' title='bbox 157 2476 189 2510; x_wconf 89' lang='lat' dir='ltr'><strong>ei</strong></span> <span class='ocrx_word' id='word_1_574' title='bbox 209 2474 316 2510; x_wconf 81' lang='lat' dir='ltr'><strong>datae</strong></span> <span class='ocrx_word' id='word_1_575' title='bbox 339 2477 434 2515; x_wconf 85' lang='lat' dir='ltr'><strong>sunt,</strong></span> <span class='ocrx_word' id='word_1_576' title='bbox 459 2473 534 2507; x_wconf 86' lang='lat' dir='ltr'><strong>ulla</strong></span> <span class='ocrx_word' id='word_1_577' title='bbox 555 2474 720 2519; x_wconf 83' lang='lat' dir='ltr'><strong>fruatur,</strong></span> <span class='ocrx_word' id='word_1_578' title='bbox 742 2472 807 2507; x_wconf 83' lang='lat' dir='ltr'><strong>sed</strong></span> <span class='ocrx_word' id='word_1_579' title='bbox 829 2473 949 2508; x_wconf 87' lang='lat' dir='ltr'><strong>omnia</strong></span> <span class='ocrx_word' id='word_1_580' title='bbox 970 2474 1060 2517; x_wconf 79' lang='lat' dir='ltr'><strong>fisco</strong></span> <span class='ocrx_word' id='word_1_581' title='bbox 1086 2473 1312 2508; x_wconf 81' lang='lat' dir='ltr'><strong>addicantur.</strong></span> <span class='ocrx_word' id='word_1_582' title='bbox 1361 2473 1430 2516; x_wconf 76' lang='lat' dir='ltr'><strong>Qui</strong></span> <span class='ocrx_word' id='word_1_583' title='bbox 1450 2475 1638 2512; x_wconf 85' lang='lat' dir='ltr'><strong>enimcum</strong></span> <span class='ocrx_word' id='word_1_584' title='bbox 1663 2475 1842 2521; x_wconf 69' lang='lat' dir='ltr'><strong>leqitimas</strong></span> <span class='ocrx_word' id='word_1_585' title='bbox 1858 2477 2005 2522; x_wconf 84' lang='lat' dir='ltr'><strong>nuptias</strong></span> <span class='ocrx_word' id='word_1_586' title='bbox 2030 2478 2244 2513; x_wconf 67' lang='lat' dir='ltr'><strong>contrahere</strong></span> <span class='ocrx_word' id='word_1_587' title='bbox 2269 2478 2387 2520; x_wconf 83' lang='lat' dir='ltr'><strong>liceat,</strong></span> 
     </span>
    </p>
   </div>
   <div class='ocr_carea' id='block_1_36' title="bbox 156 2517 2387 2572">
    <p class='ocr_par' dir='ltr' id='par_1_37' title="bbox 156 2517 2387 2572">
     <span class='ocr_line' id='line_1_67' title="bbox 156 2517 2387 2572; baseline 0.002 -18"><span class='ocrx_word' id='word_1_588' title='bbox 156 2520 364 2571; x_wconf 67' lang='lat' dir='ltr'><strong>ilieqitimas</strong></span> <span class='ocrx_word' id='word_1_589' title='bbox 387 2518 528 2570; x_wconf 85' lang='lat' dir='ltr'><strong>appetit</strong></span> <span class='ocrx_word' id='word_1_590' title='bbox 543 2522 578 2552; x_wconf 90' lang='lat' dir='ltr'><strong>et</strong></span> <span class='ocrx_word' id='word_1_591' title='bbox 597 2517 755 2552; x_wconf 84' lang='lat' dir='ltr'><strong>subolem</strong></span> <span class='ocrx_word' id='word_1_592' title='bbox 780 2518 975 2563; x_wconf 83' lang='lat' dir='ltr'><strong>confundit</strong></span> <span class='ocrx_word' id='word_1_593' title='bbox 999 2523 1033 2553; x_wconf 91' lang='lat' dir='ltr'><strong>et</strong></span> <span class='ocrx_word' id='word_1_594' title='bbox 1049 2530 1163 2570; x_wconf 67' lang='lat' dir='ltr'><strong>qenus</strong></span> <span class='ocrx_word' id='word_1_595' title='bbox 1184 2519 1320 2553; x_wconf 86' lang='lat' dir='ltr'><strong>iniuria</strong></span> <span class='ocrx_word' id='word_1_596' title='bbox 1340 2519 1461 2565; x_wconf 79' lang='lat' dir='ltr'><strong>afficit</strong></span> <span class='ocrx_word' id='word_1_597' title='bbox 1484 2520 1690 2572; x_wconf 73' lang='lat' dir='ltr'><strong>aqitqueet</strong></span> <span class='ocrx_word' id='word_1_598' title='bbox 1713 2521 1824 2566; x_wconf 86' lang='lat' dir='ltr'><strong>impia</strong></span> <span class='ocrx_word' id='word_1_599' title='bbox 1850 2526 1884 2556; x_wconf 87' lang='lat' dir='ltr'><strong>et</strong></span> <span class='ocrx_word' id='word_1_600' title='bbox 1907 2522 2055 2567; x_wconf 82' lang='lat' dir='ltr'><strong>nefaria</strong></span> <span class='ocrx_word' id='word_1_601' title='bbox 2081 2533 2124 2557; x_wconf 89' lang='lat' dir='ltr'><strong>ac</strong></span> <span class='ocrx_word' id='word_1_602' title='bbox 2147 2523 2235 2557; x_wconf 84' lang='lat' dir='ltr'><strong>talia</strong></span> <span class='ocrx_word' id='word_1_603' title='bbox 2260 2534 2387 2559; x_wconf 83' lang='lat' dir='ltr'><strong>concu-</strong></span> 
     </span>
    </p>
   </div>
   <div class='ocr_carea' id='block_1_37' title="bbox 154 2563 1650 2612">
    <p class='ocr_par' dir='ltr' id='par_1_38' title="bbox 154 2563 1650 2612">
     <span class='ocr_line' id='line_1_68' title="bbox 154 2563 1650 2612; baseline -0.001 -12"><span class='ocrx_word' id='word_1_604' title='bbox 154 2569 283 2612; x_wconf 79' lang='lat' dir='ltr'><strong>piscit,</strong></span> <span class='ocrx_word' id='word_1_605' title='bbox 308 2575 331 2598; x_wconf 91' lang='lat' dir='ltr'><strong>a</strong></span> <span class='ocrx_word' id='word_1_606' title='bbox 354 2563 483 2609; x_wconf 79' lang='lat' dir='ltr'><strong>quibus</strong></span> <span class='ocrx_word' id='word_1_607' title='bbox 509 2563 622 2598; x_wconf 85' lang='lat' dir='ltr'><strong>multa</strong></span> <span class='ocrx_word' id='word_1_608' title='bbox 647 2563 754 2598; x_wconf 82' lang='lat' dir='ltr'><strong>etiam</strong></span> <span class='ocrx_word' id='word_1_609' title='bbox 778 2563 884 2598; x_wconf 86' lang='lat' dir='ltr'><strong>bruta</strong></span> <span class='ocrx_word' id='word_1_610' title='bbox 909 2563 1080 2598; x_wconf 77' lang='lat' dir='ltr'><strong>animalia</strong></span> <span class='ocrx_word' id='word_1_611' title='bbox 1105 2563 1316 2599; x_wconf 72' lang='lat' dir='ltr'><strong>abhorrent:</strong></span> <span class='ocrx_word' id='word_1_612' title='bbox 1351 2568 1427 2599; x_wconf 87' lang='lat' dir='ltr'><strong>esto</strong></span> <span class='ocrx_word' id='word_1_613' title='bbox 1453 2564 1594 2610; x_wconf 83' lang='lat' dir='ltr'><strong>quidem</strong></span> <span class='ocrx_word' id='word_1_614' title='bbox 1620 2577 1650 2600; x_wconf 83' lang='lat' dir='ltr'><strong>ei</strong></span> 
     </span>
    </p>
   </div>
   <div class='ocr_carea' id='block_1_38' title="bbox 1704 2567 2387 2614">
    <p class='ocr_par' dir='ltr' id='par_1_39' title="bbox 1704 2567 2387 2614">
     <span class='ocr_line' id='line_1_69' title="bbox 1704 2567 2387 2614; baseline 0.004 -14"><span class='ocrx_word' id='word_1_615' title='bbox 1704 2577 1795 2600; x_wconf 82' lang='lat' dir='ltr'><strong>cena</strong></span> <span class='ocrx_word' id='word_1_616' title='bbox 1819 2578 1892 2601; x_wconf 91' lang='lat' dir='ltr'><strong>non</strong></span> <span class='ocrx_word' id='word_1_617' title='bbox 1917 2567 2032 2602; x_wconf 83' lang='lat' dir='ltr'><strong>solum</strong></span> <span class='ocrx_word' id='word_1_618' title='bbox 2048 2568 2250 2614; x_wconf 81' lang='lat' dir='ltr'><strong>publicatio</strong></span> <span class='ocrx_word' id='word_1_619' title='bbox 2277 2569 2387 2604; x_wconf 82' lang='lat' dir='ltr'><strong>bono-</strong></span> 
     </span>
    </p>
   </div>
   <div class='ocr_carea' id='block_1_39' title="bbox 155 2608 2387 2659">
    <p class='ocr_par' dir='ltr' id='par_1_40' title="bbox 155 2608 2387 2659">
     <span class='ocr_line' id='line_1_70' title="bbox 155 2608 2387 2659; baseline 0.002 -15"><span class='ocrx_word' id='word_1_620' title='bbox 155 2621 252 2652; x_wconf 87' lang='lat' dir='ltr'><strong>rum,</strong></span> <span class='ocrx_word' id='word_1_621' title='bbox 284 2608 349 2643; x_wconf 84' lang='lat' dir='ltr'><strong>sed</strong></span> <span class='ocrx_word' id='word_1_622' title='bbox 373 2609 480 2643; x_wconf 89' lang='lat' dir='ltr'><strong>etiam</strong></span> <span class='ocrx_word' id='word_1_623' title='bbox 505 2608 641 2654; x_wconf 75' lang='lat' dir='ltr'><strong>cinquli</strong></span> <span class='ocrx_word' id='word_1_624' title='bbox 665 2608 847 2654; x_wconf 80' lang='lat' dir='ltr'><strong>ademptio</strong></span> <span class='ocrx_word' id='word_1_625' title='bbox 871 2612 980 2653; x_wconf 79' lang='lat' dir='ltr'><strong>atque</strong></span> <span class='ocrx_word' id='word_1_626' title='bbox 1004 2609 1172 2650; x_wconf 77' lang='lat' dir='ltr'><strong>exilium,</strong></span> <span class='ocrx_word' id='word_1_627' title='bbox 1207 2614 1242 2644; x_wconf 89' lang='lat' dir='ltr'><strong>et</strong></span> <span class='ocrx_word' id='word_1_628' title='bbox 1263 2609 1294 2644; x_wconf 86' lang='lat' dir='ltr'><strong>si</strong></span> <span class='ocrx_word' id='word_1_629' title='bbox 1318 2609 1460 2655; x_wconf 83' lang='lat' dir='ltr'><strong>quidem</strong></span> <span class='ocrx_word' id='word_1_630' title='bbox 1484 2611 1565 2645; x_wconf 79' lang='lat' dir='ltr'><strong>vilis</strong></span> <span class='ocrx_word' id='word_1_631' title='bbox 1589 2621 1656 2645; x_wconf 81' lang='lat' dir='ltr'><strong>con</strong></span> <span class='ocrx_word' id='word_1_632' title='bbox 1685 2611 1814 2645; x_wconf 85' lang='lat' dir='ltr'><strong>icionis</strong></span> <span class='ocrx_word' id='word_1_633' title='bbox 1853 2612 1917 2654; x_wconf 86' lang='lat' dir='ltr'><strong>sit,</strong></span> <span class='ocrx_word' id='word_1_634' title='bbox 1952 2612 2059 2647; x_wconf 86' lang='lat' dir='ltr'><strong>etiam</strong></span> <span class='ocrx_word' id='word_1_635' title='bbox 2089 2614 2257 2659; x_wconf 84' lang='lat' dir='ltr'><strong>corporis</strong></span> <span class='ocrx_word' id='word_1_636' title='bbox 2281 2615 2387 2650; x_wconf 86' lang='lat' dir='ltr'><strong>casti—</strong></span> 
     </span>
    </p>
   </div>
   <div class='ocr_carea' id='block_1_40' title="bbox 330 2677 438 2680">
    <p class='ocr_par' dir='ltr' id='par_1_41' title="bbox 330 2677 438 2680">
     <span class='ocr_line' id='line_1_71' title="bbox 330 2677 438 2680; baseline 0 0"><span class='ocrx_word' id='word_1_637' title='bbox 330 2677 438 2680; x_wconf 95' lang='lat' dir='ltr'><strong> </strong></span> 
     </span>
    </p>
   </div>
   <div class='ocr_carea' id='block_1_41' title="bbox 758 2675 1295 2679">
    <p class='ocr_par' dir='ltr' id='par_1_42' title="bbox 758 2675 1295 2679">
     <span class='ocr_line' id='line_1_72' title="bbox 758 2675 1295 2679; baseline 0 0"><span class='ocrx_word' id='word_1_638' title='bbox 758 2675 1295 2679; x_wconf 95' lang='lat' dir='ltr'><strong> </strong></span> 
     </span>
    </p>
   </div>
   <div class='ocr_carea' id='block_1_42' title="bbox 155 2678 328 2683">
    <p class='ocr_par' dir='ltr' id='par_1_43' title="bbox 155 2678 328 2683">
     <span class='ocr_line' id='line_1_73' title="bbox 155 2678 328 2683; baseline 0 0"><span class='ocrx_word' id='word_1_639' title='bbox 155 2678 328 2683; x_wconf 95' lang='lat' dir='ltr'><strong> </strong></span> 
     </span>
    </p>
   </div>
   <div class='ocr_carea' id='block_1_43' title="bbox 156 2697 1237 3740">
    <p class='ocr_par' dir='ltr' id='par_1_44' title="bbox 156 2697 1237 3740">
     <span class='ocr_line' id='line_1_74' title="bbox 201 2697 1236 2746; baseline -0.004 -11"><span class='ocrx_word' id='word_1_640' title='bbox 201 2704 221 2735; x_wconf 84' lang='lat'><strong>2</strong></span> <span class='ocrx_word' id='word_1_641' title='bbox 242 2703 324 2745; x_wconf 86' lang='grc' dir='ltr'><em>περὶ</em></span> <span class='ocrx_word' id='word_1_642' title='bbox 345 2697 645 2746; x_wconf 69' lang='grc' dir='ltr'><em>ἀθεμιτογαμιῶν</em></span> <span class='ocrx_word' id='word_1_643' title='bbox 670 2700 781 2734; x_wconf 86' lang='lat' dir='ltr'><strong>MLB</strong></span> <span class='ocrx_word' id='word_1_644' title='bbox 804 2701 936 2741; x_wconf 67' lang='lat' dir='ltr'><strong>Theod„</strong></span> <span class='ocrx_word' id='word_1_645' title='bbox 962 2702 1044 2746; x_wconf 86' lang='grc' dir='ltr'><em>περὶ</em></span> <span class='ocrx_word' id='word_1_646' title='bbox 1068 2697 1236 2743; x_wconf 68' lang='grc' dir='ltr'><em>ἀθεμιτο-</em></span> 
     </span>
     <span class='ocr_line' id='line_1_75' title="bbox 156 2741 1236 2793; baseline -0.003 -14"><span class='ocrx_word' id='word_1_647' title='bbox 156 2746 298 2793; x_wconf 84' lang='grc' dir='ltr'><em>γαμιῶν</em></span> <span class='ocrx_word' id='word_1_648' title='bbox 323 2748 382 2778; x_wconf 85' lang='grc' dir='ltr'><strong>καὶ</strong></span> <span class='ocrx_word' id='word_1_649' title='bbox 415 2746 492 2779; x_wconf 81' lang='grc' dir='ltr'><strong>τῶν</strong></span> <span class='ocrx_word' id='word_1_650' title='bbox 516 2746 554 2778; x_wconf 82' lang='grc' dir='ltr'><strong>ἐκ</strong></span> <span class='ocrx_word' id='word_1_651' title='bbox 578 2742 755 2778; x_wconf 81' lang='grc' dir='ltr'><em>τοιούτων</em></span> <span class='ocrx_word' id='word_1_652' title='bbox 780 2743 926 2779; x_wconf 80' lang='grc' dir='ltr'><em>παίδων</em></span> <span class='ocrx_word' id='word_1_653' title='bbox 950 2747 979 2778; x_wconf 87' lang='grc' dir='ltr'><strong><em>Α</em></strong></span> <span class='ocrx_word' id='word_1_654' title='bbox 1005 2747 1085 2791; x_wconf 83' lang='grc' dir='ltr'><em>περὶ</em></span> <span class='ocrx_word' id='word_1_655' title='bbox 1109 2741 1236 2788; x_wconf 70' lang='grc' dir='ltr'><em>ἀθεμί-</em></span> 
     </span>
     <span class='ocr_line' id='line_1_76' title="bbox 156 2786 1235 2837; baseline -0.003 -12"><span class='ocrx_word' id='word_1_656' title='bbox 156 2805 232 2825; x_wconf 88' lang='grc' dir='ltr'><strong>των</strong></span> <span class='ocrx_word' id='word_1_657' title='bbox 260 2789 387 2837; x_wconf 83' lang='grc' dir='ltr'><em>γάμων</em></span> <span class='ocrx_word' id='word_1_658' title='bbox 411 2792 485 2824; x_wconf 84' lang='lat' dir='ltr'><strong>Atlz.</strong></span> <span class='ocrx_word' id='word_1_659' title='bbox 517 2787 571 2823; x_wconf 81' lang='grc' dir='ltr'><strong>ΒΣ</strong></span> <span class='ocrx_word' id='word_1_660' title='bbox 597 2792 660 2823; x_wconf 90' lang='lat' dir='ltr'><strong>IV</strong></span> <span class='ocrx_word' id='word_1_661' title='bbox 683 2804 715 2833; x_wconf 87' lang='lat' dir='ltr'><strong>p.</strong></span> <span class='ocrx_word' id='word_1_662' title='bbox 743 2789 824 2824; x_wconf 80' lang='lat'><strong>273⁶</strong></span> <span class='ocrx_word' id='word_1_663' title='bbox 850 2793 948 2823; x_wconf 83' lang='lat' dir='ltr'><strong>Fabr.</strong></span> <span class='ocrx_word' id='word_1_664' title='bbox 973 2786 1013 2831; x_wconf 68' lang='grc' dir='ltr'><strong>ςἡ</strong></span> <span class='ocrx_word' id='word_1_665' title='bbox 1037 2793 1118 2836; x_wconf 83' lang='grc' dir='ltr'><em>περὶ</em></span> <span class='ocrx_word' id='word_1_666' title='bbox 1149 2786 1235 2823; x_wconf 69' lang='grc' dir='ltr'><em>ἄθε-</em></span> 
     </span>
     <span class='ocr_line' id='line_1_77' title="bbox 156 2832 1235 2881; baseline -0.002 -11"><span class='ocrx_word' id='word_1_667' title='bbox 156 2841 274 2879; x_wconf 89' lang='grc' dir='ltr'><em>μίτων</em></span> <span class='ocrx_word' id='word_1_668' title='bbox 298 2833 424 2881; x_wconf 76' lang='grc' dir='ltr'><em>νεαρά’</em></span> <span class='ocrx_word' id='word_1_669' title='bbox 454 2833 510 2868; x_wconf 79' lang='grc' dir='ltr'><strong>ΒΣ</strong></span> <span class='ocrx_word' id='word_1_670' title='bbox 535 2838 576 2869; x_wconf 85' lang='lat' dir='ltr'><strong>ib.</strong></span> <span class='ocrx_word' id='word_1_671' title='bbox 603 2837 686 2869; x_wconf 66' lang='lat'>272‘2</span> <span class='ocrx_word' id='word_1_672' title='bbox 710 2835 722 2880; x_wconf 96' lang='grc'><strong>11</strong></span> <span class='ocrx_word' id='word_1_673' title='bbox 742 2839 759 2868; x_wconf 88' lang='grc'>3</span> <span class='ocrx_word' id='word_1_674' title='bbox 775 2849 822 2878; x_wconf 82' lang='lat' dir='ltr'><strong>sq.</strong></span> <span class='ocrx_word' id='word_1_675' title='bbox 849 2832 1081 2880; x_wconf 75' lang='grc' dir='ltr'><em>αὐτοκράτωρ</em></span> <span class='ocrx_word' id='word_1_676' title='bbox 1107 2836 1235 2868; x_wconf 84' lang='grc' dir='ltr'><em>ἰουστι-</em></span> 
     </span>
     <span class='ocr_line' id='line_1_78' title="bbox 157 2878 1234 2927; baseline -0.001 -12"><span class='ocrx_word' id='word_1_677' title='bbox 157 2883 279 2915; x_wconf 84' lang='grc' dir='ltr'><em>νιανὸς</em></span> <span class='ocrx_word' id='word_1_678' title='bbox 303 2881 483 2927; x_wconf 79' lang='grc' dir='ltr'><em>ἑομογένει</em></span> <span class='ocrx_word' id='word_1_679' title='bbox 514 2883 702 2926; x_wconf 84' lang='grc' dir='ltr'><em>μαγίστρω</em></span> <span class='ocrx_word' id='word_1_680' title='bbox 732 2881 810 2914; x_wconf 80' lang='grc' dir='ltr'><strong>τῶν</strong></span> <span class='ocrx_word' id='word_1_681' title='bbox 836 2880 955 2913; x_wconf 74' lang='grc' dir='ltr'><em>θείων</em></span> <span class='ocrx_word' id='word_1_682' title='bbox 986 2878 1169 2925; x_wconf 79' lang='grc' dir='ltr'><em>ἆφφικίων</em></span> <span class='ocrx_word' id='word_1_683' title='bbox 1193 2879 1234 2914; x_wconf 81' lang='grc' dir='ltr'><strong>τὸ</strong></span> 
     </span>
     <span class='ocr_line' id='line_1_79' title="bbox 158 2915 1236 2971; baseline -0.001 -11"><span class='ocrx_word' id='word_1_684' title='bbox 158 2915 334 2971; x_wconf 44' lang='grc' dir='ltr'><em>δεύτεροῖ</em></span> <span class='ocrx_word' id='word_1_685' title='bbox 348 2923 419 2959; x_wconf 72' lang='grc' dir='ltr'><strong>ἀπὸ</strong></span> <span class='ocrx_word' id='word_1_686' title='bbox 443 2922 594 2959; x_wconf 72' lang='grc' dir='ltr'><em>ὑπάτων</em></span> <span class='ocrx_word' id='word_1_687' title='bbox 625 2928 846 2969; x_wconf 79' lang='lat' dir='ltr'><strong>(inscriptione</strong></span> <span class='ocrx_word' id='word_1_688' title='bbox 875 2928 1020 2960; x_wconf 85' lang='lat' dir='ltr'><strong>novellae</strong></span> <span class='ocrx_word' id='word_1_689' title='bbox 1044 2928 1085 2959; x_wconf 63' lang='lat'><strong>2&lt;</strong></span> <span class='ocrx_word' id='word_1_690' title='bbox 1103 2940 1236 2970; x_wconf 85' lang='lat' dir='ltr'><strong>praece-</strong></span> 
     </span>
     <span class='ocr_line' id='line_1_80' title="bbox 159 2973 1234 3015; baseline -0.001 -9"><span class='ocrx_word' id='word_1_691' title='bbox 159 2974 262 3006; x_wconf 79' lang='lat' dir='ltr'><strong>dentis</strong></span> <span class='ocrx_word' id='word_1_692' title='bbox 285 2974 325 3004; x_wconf 81' lang='lat' dir='ltr'><strong>ab</strong></span> <span class='ocrx_word' id='word_1_693' title='bbox 347 2973 516 3015; x_wconf 75' lang='lat' dir='ltr'><strong>archetypi</strong></span> <span class='ocrx_word' id='word_1_694' title='bbox 539 2973 738 3004; x_wconf 81' lang='lat' dir='ltr'><strong>rubricatore</strong></span> <span class='ocrx_word' id='word_1_695' title='bbox 753 2984 924 3014; x_wconf 81' lang='lat' dir='ltr'><strong>perperam</strong></span> <span class='ocrx_word' id='word_1_696' title='bbox 943 2973 1002 3004; x_wconf 76' lang='lat' dir='ltr'><strong>huc</strong></span> <span class='ocrx_word' id='word_1_697' title='bbox 1023 2973 1234 3014; x_wconf 79' lang='lat' dir='ltr'><strong>transposita)</strong></span> 
     </span>
     <span class='ocr_line' id='line_1_81' title="bbox 159 3012 1235 3062; baseline -0.001 -12"><span class='ocrx_word' id='word_1_698' title='bbox 159 3020 207 3059; x_wconf 82' lang='lat' dir='ltr'><strong>A,</strong></span> <span class='ocrx_word' id='word_1_699' title='bbox 242 3013 278 3050; x_wconf 80' lang='lat' dir='ltr'><strong>‘O</strong></span> <span class='ocrx_word' id='word_1_700' title='bbox 312 3013 416 3049; x_wconf 79' lang='grc' dir='ltr'><em>αὐτὸς</em></span> <span class='ocrx_word' id='word_1_701' title='bbox 445 3014 610 3059; x_wconf 75' lang='grc' dir='ltr'><em>βασιλεὺς</em></span> <span class='ocrx_word' id='word_1_702' title='bbox 635 3014 763 3061; x_wconf 83' lang='grc' dir='ltr'><em>Φλόρῳ</em></span> <span class='ocrx_word' id='word_1_703' title='bbox 794 3012 922 3059; x_wconf 82' lang='grc' dir='ltr'><em>κόμητι</em></span> <span class='ocrx_word' id='word_1_704' title='bbox 949 3014 1142 3062; x_wconf 85' lang='grc' dir='ltr'><em>πριβάτων</em></span> <span class='ocrx_word' id='word_1_705' title='bbox 1167 3019 1235 3050; x_wconf 84' lang='lat' dir='ltr'><strong>cod.</strong></span> 
     </span>
     <span class='ocr_line' id='line_1_82' title="bbox 162 3062 1235 3104; baseline 0 -10"><span class='ocrx_word' id='word_1_706' title='bbox 162 3063 289 3095; x_wconf 80' lang='lat' dir='ltr'><strong>Bodlei.</strong></span> <span class='ocrx_word' id='word_1_707' title='bbox 316 3064 402 3095; x_wconf 86' lang='grc'>3399</span> <span class='ocrx_word' id='word_1_708' title='bbox 419 3064 451 3104; x_wconf 92' lang='lat' dir='ltr'><strong>f.</strong></span> <span class='ocrx_word' id='word_1_709' title='bbox 481 3064 519 3094; x_wconf 90' lang='grc'><strong>13</strong></span> <span class='ocrx_word' id='word_1_710' title='bbox 547 3063 592 3094; x_wconf 85' lang='lat' dir='ltr'><strong>ad</strong></span> <span class='ocrx_word' id='word_1_711' title='bbox 616 3064 660 3094; x_wconf 86' lang='lat' dir='ltr'><strong>tit.</strong></span> <span class='ocrx_word' id='word_1_712' title='bbox 689 3064 704 3094; x_wconf 83' lang='lat'>7</span> <span class='ocrx_word' id='word_1_713' title='bbox 735 3064 791 3094; x_wconf 75' lang='lat' dir='ltr'><strong>ubi</strong></span> <span class='ocrx_word' id='word_1_714' title='bbox 813 3063 968 3103; x_wconf 70' lang='lat' dir='ltr'><strong>excerptis</strong></span> <span class='ocrx_word' id='word_1_715' title='bbox 993 3075 1031 3094; x_wconf 73' lang='lat' dir='ltr'><strong>cx</strong></span> <span class='ocrx_word' id='word_1_716' title='bbox 1053 3062 1235 3095; x_wconf 77' lang='lat' dir='ltr'><strong>Athanasio</strong></span> 
     </span>
     <span class='ocr_line' id='line_1_83' title="bbox 161 3104 1235 3149; baseline -0.001 -9"><span class='ocrx_word' id='word_1_717' title='bbox 161 3109 262 3149; x_wconf 73' lang='lat' dir='ltr'><strong>ipsius</strong></span> <span class='ocrx_word' id='word_1_718' title='bbox 283 3108 426 3140; x_wconf 80' lang='lat' dir='ltr'><strong>novellae</strong></span> <span class='ocrx_word' id='word_1_719' title='bbox 449 3115 548 3139; x_wconf 68' lang='lat' dir='ltr'><strong>temtus</strong></span> <span class='ocrx_word' id='word_1_720' title='bbox 570 3108 739 3140; x_wconf 74' lang='lat' dir='ltr'><strong>adiunctus</strong></span> <span class='ocrx_word' id='word_1_721' title='bbox 764 3115 809 3139; x_wconf 88' lang='lat' dir='ltr'><strong>est</strong></span> <span class='ocrx_word' id='word_1_722' title='bbox 833 3108 889 3149; x_wconf 80' lang='lat' dir='ltr'><strong>(cf.</strong></span> <span class='ocrx_word' id='word_1_723' title='bbox 905 3107 1082 3139; x_wconf 77' lang='lat' dir='ltr'><strong>Heimbach</strong></span> <span class='ocrx_word' id='word_1_724' title='bbox 1102 3104 1235 3139; x_wconf 81' lang='grc' dir='ltr'><em>Ἀνέκδ.</em></span> 
     </span>
     <span class='ocr_line' id='line_1_84' title="bbox 160 3146 1236 3206; baseline -0.001 -21"><span class='ocrx_word' id='word_1_725' title='bbox 160 3154 181 3185; x_wconf 86' lang='grc' dir='ltr'><em>Ι</em></span> <span class='ocrx_word' id='word_1_726' title='bbox 198 3165 232 3195; x_wconf 82' lang='lat' dir='ltr'><strong>p.</strong></span> <span class='ocrx_word' id='word_1_727' title='bbox 251 3152 432 3191; x_wconf 90' lang='lat' dir='ltr'><em>LXXIV)</em></span> <span class='ocrx_word' id='word_1_728' title='bbox 454 3150 472 3206; x_wconf 85' lang='grc'><strong>11</strong></span> <span class='ocrx_word' id='word_1_729' title='bbox 497 3151 671 3184; x_wconf 82' lang='grc' dir='ltr'><em>ἰουστινος</em></span> <span class='ocrx_word' id='word_1_730' title='bbox 694 3153 725 3184; x_wconf 93' lang='lat' dir='ltr'><em>L</em></span> <span class='ocrx_word' id='word_1_731' title='bbox 752 3151 763 3195; x_wconf 93' lang='grc'><strong>11</strong></span> <span class='ocrx_word' id='word_1_732' title='bbox 786 3154 803 3184; x_wconf 86' lang='grc'>5</span> <span class='ocrx_word' id='word_1_733' title='bbox 835 3149 919 3184; x_wconf 74' lang='grc' dir='ltr'><em>Τοὺς</em></span> <span class='ocrx_word' id='word_1_734' title='bbox 946 3146 1036 3196; x_wconf 74' lang='grc' dir='ltr'><em>ὑπὲρ</em></span> <span class='ocrx_word' id='word_1_735' title='bbox 1066 3147 1236 3195; x_wconf 70' lang='grc' dir='ltr'><em>ἀθεμιτο-</em></span> 
     </span>
     <span class='ocr_line' id='line_1_85' title="bbox 159 3192 1236 3242; baseline 0 -13"><span class='ocrx_word' id='word_1_736' title='bbox 159 3198 302 3242; x_wconf 81' lang='grc' dir='ltr'><em>γαμιῶν</em></span> <span class='ocrx_word' id='word_1_737' title='bbox 332 3192 421 3229; x_wconf 56' lang='grc' dir='ltr'><em>ἔσθ)</em></span> <span class='ocrx_word' id='word_1_738' title='bbox 451 3208 512 3229; x_wconf 86' lang='grc' dir='ltr'><strong>οτε</strong></span> <span class='ocrx_word' id='word_1_739' title='bbox 543 3199 803 3242; x_wconf 82' lang='grc' dir='ltr'><em>γεγραμμένους</em></span> <span class='ocrx_word' id='word_1_740' title='bbox 832 3196 1043 3242; x_wconf 72' lang='grc' dir='ltr'><em>ὲμπροσθεν</em></span> <span class='ocrx_word' id='word_1_741' title='bbox 1067 3193 1136 3229; x_wconf 79' lang='grc' dir='ltr'><strong>ὑπὸ</strong></span> <span class='ocrx_word' id='word_1_742' title='bbox 1159 3198 1236 3230; x_wconf 78' lang='grc' dir='ltr'><strong>τῶν</strong></span> 
     </span>
     <span class='ocr_line' id='line_1_86' title="bbox 159 3238 1236 3288; baseline 0 -13"><span class='ocrx_word' id='word_1_743' title='bbox 159 3239 542 3288; x_wconf 78' lang='grc' dir='ltr'><em>προβεβασιλευκότων</em></span> <span class='ocrx_word' id='word_1_744' title='bbox 562 3238 690 3284; x_wconf 78' lang='grc' dir='ltr'><em>νόμους</em></span> <span class='ocrx_word' id='word_1_745' title='bbox 708 3244 736 3274; x_wconf 89' lang='lat' dir='ltr'><em>A</em></span> <span class='ocrx_word' id='word_1_746' title='bbox 755 3241 765 3285; x_wconf 97' lang='grc'><strong>11</strong></span> <span class='ocrx_word' id='word_1_747' title='bbox 784 3238 910 3286; x_wconf 85' lang='grc' dir='ltr'><em>γάμων</em></span> <span class='ocrx_word' id='word_1_748' title='bbox 934 3250 1006 3284; x_wconf 84' lang='lat' dir='ltr'><strong>post</strong></span> <span class='ocrx_word' id='word_1_749' title='bbox 1025 3242 1236 3287; x_wconf 66' lang='grc' dir='ltr'><em>ἔμπροσθεν</em></span> 
     </span>
     <span class='ocr_line' id='line_1_87' title="bbox 161 3285 1237 3330; baseline 0 -10"><span class='ocrx_word' id='word_1_750' title='bbox 161 3289 236 3320; x_wconf 78' lang='lat' dir='ltr'><strong>mid.</strong></span> <span class='ocrx_word' id='word_1_751' title='bbox 263 3289 459 3320; x_wconf 78' lang='lat' dir='ltr'><strong>Haloander</strong></span> <span class='ocrx_word' id='word_1_752' title='bbox 484 3289 540 3328; x_wconf 77' lang='lat' dir='ltr'><strong>(cf.</strong></span> <span class='ocrx_word' id='word_1_753' title='bbox 563 3286 686 3330; x_wconf 70' lang='grc'>(1(12)11</span> <span class='ocrx_word' id='word_1_754' title='bbox 706 3290 722 3320; x_wconf 78' lang='lat'><em>7</em></span> <span class='ocrx_word' id='word_1_755' title='bbox 753 3285 772 3317; x_wconf 74' lang='grc' dir='ltr'><strong>οἷ</strong></span> <span class='ocrx_word' id='word_1_756' title='bbox 781 3287 945 3329; x_wconf 70' lang='grc' dir='ltr'><em>θεμίτους</em></span> <span class='ocrx_word' id='word_1_757' title='bbox 969 3285 1237 3330; x_wconf 74' lang='grc' dir='ltr'><em>συμβάλλοντας</em></span> 
     </span>
     <span class='ocr_line' id='line_1_88' title="bbox 161 3328 1237 3378; baseline -0.001 -12"><span class='ocrx_word' id='word_1_758' title='bbox 161 3335 190 3366; x_wconf 83' lang='lat' dir='ltr'><em>L</em></span> <span class='ocrx_word' id='word_1_759' title='bbox 206 3334 218 3376; x_wconf 93' lang='grc'><strong>11</strong></span> <span class='ocrx_word' id='word_1_760' title='bbox 238 3335 256 3365; x_wconf 83' lang='lat'>8</span> <span class='ocrx_word' id='word_1_761' title='bbox 280 3329 410 3378; x_wconf 82' lang='grc' dir='ltr'><em>γάμους</em></span> <span class='ocrx_word' id='word_1_762' title='bbox 435 3333 497 3365; x_wconf 90' lang='lat' dir='ltr'><strong>LA</strong></span> <span class='ocrx_word' id='word_1_763' title='bbox 513 3333 524 3375; x_wconf 94' lang='grc'><strong>11</strong></span> <span class='ocrx_word' id='word_1_764' title='bbox 543 3328 775 3376; x_wconf 78' lang='grc' dir='ltr'><em>ἀτιμωρήτως</em></span> <span class='ocrx_word' id='word_1_765' title='bbox 798 3332 832 3364; x_wconf 85' lang='grc' dir='ltr'><em>Β</em></span> <span class='ocrx_word' id='word_1_766' title='bbox 848 3332 860 3375; x_wconf 91' lang='grc'><strong>11</strong></span> <span class='ocrx_word' id='word_1_767' title='bbox 889 3334 927 3364; x_wconf 87' lang='grc'>10</span> <span class='ocrx_word' id='word_1_768' title='bbox 951 3332 1040 3373; x_wconf 74' lang='grc' dir='ltr'><em>τῶν]</em></span> <span class='ocrx_word' id='word_1_769' title='bbox 1065 3331 1130 3365; x_wconf 85' lang='grc' dir='ltr'><strong>τὸν</strong></span> <span class='ocrx_word' id='word_1_770' title='bbox 1155 3334 1201 3365; x_wconf 82' lang='lat' dir='ltr'><strong>L¹</strong></span> <span class='ocrx_word' id='word_1_771' title='bbox 1226 3332 1237 3375; x_wconf 92' lang='grc'><strong>11</strong></span> 
     </span>
     <span class='ocr_line' id='line_1_89' title="bbox 161 3373 1237 3423; baseline -0.001 -12"><span class='ocrx_word' id='word_1_772' title='bbox 161 3374 208 3411; x_wconf 71' lang='grc' dir='ltr'><strong>ὡς</strong></span> <span class='ocrx_word' id='word_1_773' title='bbox 230 3375 424 3423; x_wconf 80' lang='grc' dir='ltr'><em>ἀναγκαίου</em></span> <span class='ocrx_word' id='word_1_774' title='bbox 449 3375 551 3410; x_wconf 84' lang='grc' dir='ltr'><em>ὄντος</em></span> <span class='ocrx_word' id='word_1_775' title='bbox 574 3378 601 3409; x_wconf 85' lang='lat' dir='ltr'><em>A</em></span> <span class='ocrx_word' id='word_1_776' title='bbox 635 3377 646 3420; x_wconf 94' lang='grc'><strong>11</strong></span> <span class='ocrx_word' id='word_1_777' title='bbox 678 3378 713 3410; x_wconf 93' lang='grc'><strong>11</strong></span> <span class='ocrx_word' id='word_1_778' title='bbox 748 3376 839 3409; x_wconf 85' lang='grc' dir='ltr'><em>εἶναι</em></span> <span class='ocrx_word' id='word_1_779' title='bbox 865 3377 949 3417; x_wconf 86' lang='lat' dir='ltr'><strong>ML]</strong></span> <span class='ocrx_word' id='word_1_780' title='bbox 975 3373 1152 3422; x_wconf 71' lang='grc' dir='ltr'><em>ἀφίεσθαι</em></span> <span class='ocrx_word' id='word_1_781' title='bbox 1176 3379 1203 3411; x_wconf 85' lang='grc' dir='ltr'><em>Α</em></span> <span class='ocrx_word' id='word_1_782' title='bbox 1227 3379 1237 3419; x_wconf 90' lang='grc' dir='ltr'><strong>ΙΙ</strong></span> 
     </span>
     <span class='ocr_line' id='line_1_90' title="bbox 166 3423 1237 3466; baseline -0.002 -9"><span class='ocrx_word' id='word_1_783' title='bbox 166 3425 201 3457; x_wconf 87' lang='grc'><strong>13</strong></span> <span class='ocrx_word' id='word_1_784' title='bbox 226 3425 266 3464; x_wconf 63' lang='grc' dir='ltr'><strong>ᾗ]</strong></span> <span class='ocrx_word' id='word_1_785' title='bbox 292 3425 333 3463; x_wconf 90' lang='lat' dir='ltr'><strong>A,</strong></span> <span class='ocrx_word' id='word_1_786' title='bbox 358 3436 396 3455; x_wconf 68' lang='lat' dir='ltr'><strong>erc</strong></span> <span class='ocrx_word' id='word_1_787' title='bbox 417 3436 478 3466; x_wconf 82' lang='lat' dir='ltr'><strong>quo</strong></span> <span class='ocrx_word' id='word_1_788' title='bbox 498 3424 530 3455; x_wconf 84' lang='lat' dir='ltr'><strong>in</strong></span> <span class='ocrx_word' id='word_1_789' title='bbox 550 3434 619 3464; x_wconf 78' lang='lat' dir='ltr'><strong>sqq.</strong></span> <span class='ocrx_word' id='word_1_790' title='bbox 645 3434 767 3464; x_wconf 81' lang='lat' dir='ltr'><strong>quoque</strong></span> <span class='ocrx_word' id='word_1_791' title='bbox 789 3423 926 3465; x_wconf 81' lang='lat' dir='ltr'><strong>capitum</strong></span> <span class='ocrx_word' id='word_1_792' title='bbox 944 3434 1089 3456; x_wconf 80' lang='lat' dir='ltr'><strong>numeros</strong></span> <span class='ocrx_word' id='word_1_793' title='bbox 1109 3426 1216 3466; x_wconf 81' lang='lat' dir='ltr'><strong>recepi</strong></span> <span class='ocrx_word' id='word_1_794' title='bbox 1226 3423 1237 3465; x_wconf 95' lang='grc'><strong>11</strong></span> 
     </span>
     <span class='ocr_line' id='line_1_91' title="bbox 164 3463 1237 3513; baseline -0.001 -12"><span class='ocrx_word' id='word_1_795' title='bbox 164 3471 202 3501; x_wconf 81' lang='grc'><strong>14</strong></span> <span class='ocrx_word' id='word_1_796' title='bbox 215 3465 269 3509; x_wconf 77' lang='grc' dir='ltr'><strong>ὃν]</strong></span> <span class='ocrx_word' id='word_1_797' title='bbox 287 3464 375 3513; x_wconf 74' lang='grc' dir='ltr'><em>ὅπερ</em></span> <span class='ocrx_word' id='word_1_798' title='bbox 386 3469 414 3500; x_wconf 92' lang='grc' dir='ltr'><em>Α</em></span> <span class='ocrx_word' id='word_1_799' title='bbox 429 3463 448 3501; x_wconf 74' lang='grc' dir='ltr'><em>ὃ</em></span> <span class='ocrx_word' id='word_1_800' title='bbox 463 3469 507 3500; x_wconf 70' lang='lat' dir='ltr'><strong>Rs</strong></span> <span class='ocrx_word' id='word_1_801' title='bbox 520 3468 531 3510; x_wconf 92' lang='grc'><strong>11</strong></span> <span class='ocrx_word' id='word_1_802' title='bbox 545 3469 690 3499; x_wconf 75' lang='lat' dir='ltr'><strong>wc‘eston</strong></span> <span class='ocrx_word' id='word_1_803' title='bbox 704 3479 744 3499; x_wconf 89' lang='grc' dir='ltr'><strong>τε</strong></span> <span class='ocrx_word' id='word_1_804' title='bbox 755 3468 798 3499; x_wconf 83' lang='grc'><strong>]1[</strong></span> <span class='ocrx_word' id='word_1_805' title='bbox 806 3463 970 3499; x_wconf 73' lang='grc' dir='ltr'><em>ἰ’νκεστὸν</em></span> <span class='ocrx_word' id='word_1_806' title='bbox 982 3469 1057 3500; x_wconf 83' lang='grc' dir='ltr'><strong>τεΑ</strong></span> <span class='ocrx_word' id='word_1_807' title='bbox 1075 3468 1237 3501; x_wconf 74' lang='grc' dir='ltr'><em>ἴνκέστον</em></span> 
     </span>
     <span class='ocr_line' id='line_1_92' title="bbox 161 3508 1235 3556; baseline 0.002 -12"><span class='ocrx_word' id='word_1_808' title='bbox 161 3514 432 3552; x_wconf 62' lang='lat' dir='ltr'><strong>(i&#39;vnnnston</strong></span> <span class='ocrx_word' id='word_1_809' title='bbox 458 3514 517 3554; x_wconf 77' lang='lat' dir='ltr'><strong>L2)</strong></span> <span class='ocrx_word' id='word_1_810' title='bbox 541 3524 581 3544; x_wconf 86' lang='grc' dir='ltr'><strong>τε</strong></span> <span class='ocrx_word' id='word_1_811' title='bbox 606 3513 635 3544; x_wconf 89' lang='lat' dir='ltr'><em>L</em></span> <span class='ocrx_word' id='word_1_812' title='bbox 660 3508 839 3555; x_wconf 71' lang='grc' dir='ltr'><em>ἀθέμιτον</em></span> <span class='ocrx_word' id='word_1_813' title='bbox 865 3513 899 3544; x_wconf 85' lang='grc' dir='ltr'><em>Β</em></span> <span class='ocrx_word' id='word_1_814' title='bbox 923 3512 1133 3556; x_wconf 83' lang='grc' dir='ltr'><em>παράνομον</em></span> <span class='ocrx_word' id='word_1_815' title='bbox 1157 3528 1182 3546; x_wconf 85' lang='lat' dir='ltr'><strong>s.</strong></span> <span class='ocrx_word' id='word_1_816' title='bbox 1208 3529 1235 3547; x_wconf 82' lang='lat' dir='ltr'><strong>v.</strong></span> 
     </span>
     <span class='ocr_line' id='line_1_93' title="bbox 163 3554 1237 3605; baseline 0 -14"><span class='ocrx_word' id='word_1_817' title='bbox 163 3560 237 3591; x_wconf 80' lang='lat' dir='ltr'><strong>add.</strong></span> <span class='ocrx_word' id='word_1_818' title='bbox 258 3559 305 3591; x_wconf 80' lang='lat' dir='ltr'><strong>L2</strong></span> <span class='ocrx_word' id='word_1_819' title='bbox 323 3559 335 3602; x_wconf 94' lang='grc'><strong>11</strong></span> <span class='ocrx_word' id='word_1_820' title='bbox 357 3562 392 3591; x_wconf 87' lang='grc'><strong>15</strong></span> <span class='ocrx_word' id='word_1_821' title='bbox 419 3558 568 3591; x_wconf 82' lang='lat' dir='ltr'><strong>nefarion</strong></span> <span class='ocrx_word' id='word_1_822' title='bbox 595 3554 786 3600; x_wconf 68' lang='grc' dir='ltr'><em>(ἀθέμιτον</em></span> <span class='ocrx_word' id='word_1_823' title='bbox 803 3570 828 3589; x_wconf 87' lang='lat' dir='ltr'><strong>s.</strong></span> <span class='ocrx_word' id='word_1_824' title='bbox 842 3570 870 3590; x_wconf 88' lang='lat' dir='ltr'><strong>v.</strong></span> <span class='ocrx_word' id='word_1_825' title='bbox 888 3558 947 3596; x_wconf 77' lang='lat' dir='ltr'><strong>L2)</strong></span> <span class='ocrx_word' id='word_1_826' title='bbox 973 3559 1043 3590; x_wconf 78' lang='lat' dir='ltr'><strong>ML</strong></span> <span class='ocrx_word' id='word_1_827' title='bbox 1068 3556 1237 3605; x_wconf 83' lang='grc' dir='ltr'><em>νεφάριον</em></span> 
     </span>
     <span class='ocr_line' id='line_1_94' title="bbox 163 3597 1237 3648; baseline 0.001 -12"><span class='ocrx_word' id='word_1_828' title='bbox 163 3605 191 3636; x_wconf 92' lang='grc' dir='ltr'><strong><em>Α</em></strong></span> <span class='ocrx_word' id='word_1_829' title='bbox 215 3597 427 3648; x_wconf 62' lang='grc' dir='ltr'><em>παράνομον</em></span> <span class='ocrx_word' id='word_1_830' title='bbox 453 3604 486 3636; x_wconf 88' lang='grc' dir='ltr'><em>Β</em></span> <span class='ocrx_word' id='word_1_831' title='bbox 502 3603 514 3647; x_wconf 95' lang='grc'><strong>11</strong></span> <span class='ocrx_word' id='word_1_832' title='bbox 533 3603 708 3634; x_wconf 83' lang='lat' dir='ltr'><strong>damnaton</strong></span> <span class='ocrx_word' id='word_1_833' title='bbox 737 3603 779 3634; x_wconf 89' lang='lat' dir='ltr'><em>M</em></span> <span class='ocrx_word' id='word_1_834' title='bbox 799 3599 982 3645; x_wconf 74' lang='grc' dir='ltr'><em>δαμνατον</em></span> <span class='ocrx_word' id='word_1_835' title='bbox 1006 3601 1154 3644; x_wconf 51' lang='lat' dir='ltr'><strong>‹Saum›</strong></span> <span class='ocrx_word' id='word_1_836' title='bbox 1178 3606 1237 3645; x_wconf 79' lang='lat' dir='ltr'><strong>L1)</strong></span> 
     </span>
     <span class='ocr_line' id='line_1_95' title="bbox 165 3645 1236 3701; baseline 0.002 -21"><span class='ocrx_word' id='word_1_837' title='bbox 165 3649 225 3681; x_wconf 89' lang='lat' dir='ltr'><strong>LA</strong></span> <span class='ocrx_word' id='word_1_838' title='bbox 245 3646 459 3694; x_wconf 82' lang='grc' dir='ltr'><em>κατάκριτον</em></span> <span class='ocrx_word' id='word_1_839' title='bbox 475 3651 503 3680; x_wconf 91' lang='grc' dir='ltr'><em>Β</em></span> <span class='ocrx_word' id='word_1_840' title='bbox 528 3645 674 3680; x_wconf 81' lang='grc' dir='ltr'><em>ἀνόσιον</em></span> <span class='ocrx_word' id='word_1_841' title='bbox 693 3661 717 3680; x_wconf 89' lang='lat' dir='ltr'><strong>s.</strong></span> <span class='ocrx_word' id='word_1_842' title='bbox 738 3661 766 3680; x_wconf 90' lang='lat' dir='ltr'><strong>v.</strong></span> <span class='ocrx_word' id='word_1_843' title='bbox 780 3648 828 3680; x_wconf 75' lang='lat' dir='ltr'><strong>L²</strong></span> <span class='ocrx_word' id='word_1_844' title='bbox 846 3647 863 3701; x_wconf 79' lang='grc'><strong>11</strong></span> <span class='ocrx_word' id='word_1_845' title='bbox 892 3645 1130 3688; x_wconf 82' lang='grc' dir='ltr'><em>*συναλλάξοι</em></span> <span class='ocrx_word' id='word_1_846' title='bbox 1147 3651 1236 3682; x_wconf 55' lang='lat' dir='ltr'><strong>MR*</strong></span> 
     </span>
     <span class='ocr_line' id='line_1_96' title="bbox 164 3690 1237 3740; baseline 0.002 -14"><span class='ocrx_word' id='word_1_847' title='bbox 164 3691 370 3733; x_wconf 80' lang='grc' dir='ltr'><em>συναλλάξει</em></span> <span class='ocrx_word' id='word_1_848' title='bbox 380 3690 588 3737; x_wconf 73' lang='grc' dir='ltr'><em>(συναλλάξ*</em></span> <span class='ocrx_word' id='word_1_849' title='bbox 603 3693 660 3734; x_wconf 81' lang='lat' dir='ltr'><strong>L¹&gt;</strong></span> <span class='ocrx_word' id='word_1_850' title='bbox 669 3693 805 3735; x_wconf 76' lang='lat' dir='ltr'><strong>LABru</strong></span> <span class='ocrx_word' id='word_1_851' title='bbox 819 3693 929 3738; x_wconf 71' lang='grc' dir='ltr'><em>εἰπερ]</em></span> <span class='ocrx_word' id='word_1_852' title='bbox 941 3693 1046 3737; x_wconf 73' lang='grc' dir='ltr'><em>εἰμὲν</em></span> <span class='ocrx_word' id='word_1_853' title='bbox 1055 3694 1103 3740; x_wconf 65' lang='lat' dir='ltr'><strong>Al}</strong></span> <span class='ocrx_word' id='word_1_854' title='bbox 1122 3698 1156 3729; x_wconf 81' lang='grc'><strong>16</strong></span> <span class='ocrx_word' id='word_1_855' title='bbox 1168 3697 1237 3737; x_wconf 53' lang='lat' dir='ltr'><strong>Qec</strong></span> 
     </span>
    </p>
   </div>
   <div class='ocr_carea' id='block_1_44' title="bbox 1304 2699 2388 3104">
    <p class='ocr_par' dir='ltr' id='par_1_45' title="bbox 1304 2699 2388 3104">
     <span class='ocr_line' id='line_1_97' title="bbox 1308 2699 2388 2751; baseline 0.006 -18"><span class='ocrx_word' id='word_1_856' title='bbox 1308 2702 1375 2734; x_wconf 86' lang='lat' dir='ltr'><strong>AB</strong></span> <span class='ocrx_word' id='word_1_857' title='bbox 1405 2701 1416 2744; x_wconf 96' lang='grc'><strong>11</strong></span> <span class='ocrx_word' id='word_1_858' title='bbox 1448 2704 1485 2735; x_wconf 83' lang='grc'><strong>17</strong></span> <span class='ocrx_word' id='word_1_859' title='bbox 1513 2699 1611 2735; x_wconf 68' lang='grc' dir='ltr'><em>αὐτοῦ</em></span> <span class='ocrx_word' id='word_1_860' title='bbox 1636 2705 1857 2747; x_wconf 78' lang='grc' dir='ltr'><em>γενομένους]</em></span> <span class='ocrx_word' id='word_1_861' title='bbox 1892 2700 1989 2737; x_wconf 71' lang='grc' dir='ltr'><em>αὐτῶ</em></span> <span class='ocrx_word' id='word_1_862' title='bbox 2013 2702 2159 2738; x_wconf 77' lang='grc' dir='ltr'><em>καύτιῦν</em></span> <span class='ocrx_word' id='word_1_863' title='bbox 2183 2709 2388 2751; x_wconf 81' lang='grc' dir='ltr'><em>γενομένων</em></span> 
     </span>
     <span class='ocr_line' id='line_1_98' title="bbox 1310 2743 2387 2797; baseline 0.006 -19"><span class='ocrx_word' id='word_1_864' title='bbox 1310 2747 1367 2787; x_wconf 73' lang='lat' dir='ltr'><strong>L&#39;,</strong></span> <span class='ocrx_word' id='word_1_865' title='bbox 1400 2743 1497 2789; x_wconf 68' lang='grc' dir='ltr'><em>αὐτῷ</em></span> <span class='ocrx_word' id='word_1_866' title='bbox 1525 2761 1582 2780; x_wconf 88' lang='lat' dir='ltr'><strong>om.</strong></span> <span class='ocrx_word' id='word_1_867' title='bbox 1607 2750 1637 2781; x_wconf 87' lang='lat' dir='ltr'><em>A</em></span> <span class='ocrx_word' id='word_1_868' title='bbox 1661 2748 1673 2791; x_wconf 96' lang='grc'><strong>11</strong></span> <span class='ocrx_word' id='word_1_869' title='bbox 1702 2750 1768 2791; x_wconf 85' lang='grc' dir='ltr'><strong>μὲν</strong></span> <span class='ocrx_word' id='word_1_870' title='bbox 1790 2762 1848 2782; x_wconf 87' lang='lat' dir='ltr'><strong>om.</strong></span> <span class='ocrx_word' id='word_1_871' title='bbox 1874 2751 1902 2781; x_wconf 87' lang='lat' dir='ltr'><em>A</em></span> <span class='ocrx_word' id='word_1_872' title='bbox 1919 2752 1962 2790; x_wconf 79' lang='grc' dir='ltr'><strong>(ς)</strong></span> <span class='ocrx_word' id='word_1_873' title='bbox 1994 2750 2006 2790; x_wconf 89' lang='grc'><strong>11</strong></span> <span class='ocrx_word' id='word_1_874' title='bbox 2036 2752 2075 2784; x_wconf 86' lang='grc'><strong>18</strong></span> <span class='ocrx_word' id='word_1_875' title='bbox 2101 2748 2325 2797; x_wconf 84' lang='grc' dir='ltr'><em>πραγμάτων</em></span> <span class='ocrx_word' id='word_1_876' title='bbox 2344 2772 2387 2776; x_wconf 79' lang='lat'><strong>-——</strong></span> 
     </span>
     <span class='ocr_line' id='line_1_99' title="bbox 1312 2789 2386 2844; baseline 0.006 -20"><span class='ocrx_word' id='word_1_877' title='bbox 1312 2793 1348 2824; x_wconf 91' lang='grc'>19</span> <span class='ocrx_word' id='word_1_878' title='bbox 1375 2790 1518 2837; x_wconf 82' lang='grc' dir='ltr'><em>προικὸς</em></span> <span class='ocrx_word' id='word_1_879' title='bbox 1538 2806 1595 2826; x_wconf 87' lang='lat' dir='ltr'><strong>om.</strong></span> <span class='ocrx_word' id='word_1_880' title='bbox 1610 2794 1641 2826; x_wconf 90' lang='lat' dir='ltr'><em>L</em></span> <span class='ocrx_word' id='word_1_881' title='bbox 1661 2789 1867 2839; x_wconf 71' lang='grc' dir='ltr'><em>(ἀφαίρεσιν</em></span> <span class='ocrx_word' id='word_1_882' title='bbox 1887 2796 2020 2828; x_wconf 81' lang='grc' dir='ltr'><em>ἐνεῖναι</em></span> <span class='ocrx_word' id='word_1_883' title='bbox 2037 2798 2096 2828; x_wconf 85' lang='grc' dir='ltr'><strong>καὶ</strong></span> <span class='ocrx_word' id='word_1_884' title='bbox 2118 2797 2193 2829; x_wconf 77' lang='grc' dir='ltr'><strong>τῶν</strong></span> <span class='ocrx_word' id='word_1_885' title='bbox 2213 2798 2273 2831; x_wconf 77' lang='grc' dir='ltr'><strong>ἐπὶ</strong></span> <span class='ocrx_word' id='word_1_886' title='bbox 2288 2808 2386 2844; x_wconf 88' lang='grc' dir='ltr'><em>προι-</em></span> 
     </span>
     <span class='ocr_line' id='line_1_100' title="bbox 1306 2834 2386 2887; baseline 0.007 -19"><span class='ocrx_word' id='word_1_887' title='bbox 1306 2834 1363 2868; x_wconf 81' lang='grc' dir='ltr'><strong>κὸς</strong></span> <span class='ocrx_word' id='word_1_888' title='bbox 1384 2850 1408 2871; x_wconf 86' lang='lat' dir='ltr'><strong>s.</strong></span> <span class='ocrx_word' id='word_1_889' title='bbox 1423 2850 1451 2870; x_wconf 87' lang='lat' dir='ltr'><strong>v.</strong></span> <span class='ocrx_word' id='word_1_890' title='bbox 1467 2839 1544 2870; x_wconf 80' lang='lat' dir='ltr'><strong>add.</strong></span> <span class='ocrx_word' id='word_1_891' title='bbox 1559 2838 1618 2879; x_wconf 77' lang='lat' dir='ltr'><strong>L3)</strong></span> <span class='ocrx_word' id='word_1_892' title='bbox 1635 2838 1646 2882; x_wconf 94' lang='grc'><strong>11</strong></span> <span class='ocrx_word' id='word_1_893' title='bbox 1667 2841 1708 2872; x_wconf 85' lang='grc'><strong>20</strong></span> <span class='ocrx_word' id='word_1_894' title='bbox 1733 2842 1883 2882; x_wconf 77' lang='grc' dir='ltr'><em>ταμιείῳ</em></span> <span class='ocrx_word' id='word_1_895' title='bbox 1909 2842 1990 2873; x_wconf 69' lang='lat' dir='ltr'><strong>ABx</strong></span> <span class='ocrx_word' id='word_1_896' title='bbox 2009 2840 2021 2884; x_wconf 90' lang='grc'><strong>11</strong></span> <span class='ocrx_word' id='word_1_897' title='bbox 2039 2843 2078 2874; x_wconf 85' lang='grc'><strong>21</strong></span> <span class='ocrx_word' id='word_1_898' title='bbox 2104 2839 2170 2887; x_wconf 80' lang='grc' dir='ltr'><strong>γὰρ</strong></span> <span class='ocrx_word' id='word_1_899' title='bbox 2196 2856 2253 2875; x_wconf 90' lang='lat' dir='ltr'><strong>om.</strong></span> <span class='ocrx_word' id='word_1_900' title='bbox 2270 2855 2288 2878; x_wconf 83' lang='grc' dir='ltr'><em>ς</em></span> <span class='ocrx_word' id='word_1_901' title='bbox 2306 2843 2318 2887; x_wconf 95' lang='grc'><strong>11</strong></span> <span class='ocrx_word' id='word_1_902' title='bbox 2334 2856 2386 2876; x_wconf 85' lang='grc' dir='ltr'><strong>νε-</strong></span> 
     </span>
     <span class='ocr_line' id='line_1_101' title="bbox 1305 2881 2386 2930; baseline 0.005 -17"><span class='ocrx_word' id='word_1_903' title='bbox 1305 2884 1503 2925; x_wconf 82' lang='grc' dir='ltr'><em>νομισμένα</em></span> <span class='ocrx_word' id='word_1_904' title='bbox 1527 2886 1654 2928; x_wconf 80' lang='grc' dir='ltr'><em>γαμεῖν</em></span> <span class='ocrx_word' id='word_1_905' title='bbox 1676 2884 1705 2918; x_wconf 87' lang='lat' dir='ltr'><em>A</em></span> <span class='ocrx_word' id='word_1_906' title='bbox 1719 2881 1731 2920; x_wconf 89' lang='grc'><strong>11</strong></span> <span class='ocrx_word' id='word_1_907' title='bbox 1743 2884 1858 2930; x_wconf 79' lang='grc' dir='ltr'><em>γάμον</em></span> <span class='ocrx_word' id='word_1_908' title='bbox 1881 2897 2116 2929; x_wconf 68' lang='grc' dir='ltr'><em>νενομισμεν*</em></span> <span class='ocrx_word' id='word_1_909' title='bbox 2145 2890 2182 2929; x_wconf 91' lang='grc' dir='ltr'><strong>(α</strong></span> <span class='ocrx_word' id='word_1_910' title='bbox 2202 2901 2227 2920; x_wconf 88' lang='lat' dir='ltr'><strong>s.</strong></span> <span class='ocrx_word' id='word_1_911' title='bbox 2243 2901 2271 2920; x_wconf 85' lang='lat' dir='ltr'><strong>co</strong></span> <span class='ocrx_word' id='word_1_912' title='bbox 2293 2902 2386 2928; x_wconf 68' lang='lat' dir='ltr'><strong>eras,</strong></span> 
     </span>
     <span class='ocr_line' id='line_1_102' title="bbox 1305 2926 2388 2977; baseline 0.007 -19"><span class='ocrx_word' id='word_1_913' title='bbox 1305 2926 1464 2970; x_wconf 69' lang='grc' dir='ltr'><em>χρῆσθαι</em></span> <span class='ocrx_word' id='word_1_914' title='bbox 1489 2941 1512 2960; x_wconf 80' lang='lat' dir='ltr'><strong>s.</strong></span> <span class='ocrx_word' id='word_1_915' title='bbox 1538 2941 1566 2961; x_wconf 86' lang='grc' dir='ltr'><em>υ.</em></span> <span class='ocrx_word' id='word_1_916' title='bbox 1595 2931 1671 2961; x_wconf 79' lang='lat' dir='ltr'><strong>add.</strong></span> <span class='ocrx_word' id='word_1_917' title='bbox 1697 2931 1757 2970; x_wconf 75' lang='lat' dir='ltr'><strong>L2)</strong></span> <span class='ocrx_word' id='word_1_918' title='bbox 1795 2929 2008 2975; x_wconf 82' lang='grc' dir='ltr'><em>παράνομον</em></span> <span class='ocrx_word' id='word_1_919' title='bbox 2033 2933 2091 2971; x_wconf 87' lang='lat' dir='ltr'><strong>L¹‚</strong></span> <span class='ocrx_word' id='word_1_920' title='bbox 2126 2929 2241 2977; x_wconf 88' lang='grc' dir='ltr'><em>γάμον</em></span> <span class='ocrx_word' id='word_1_921' title='bbox 2272 2936 2388 2966; x_wconf 81' lang='grc' dir='ltr'><em>ποιεῖν</em></span> 
     </span>
     <span class='ocr_line' id='line_1_103' title="bbox 1304 2972 2386 3021; baseline 0.007 -18"><span class='ocrx_word' id='word_1_922' title='bbox 1304 2974 1562 3015; x_wconf 77' lang='grc' dir='ltr'><em>νενομισμένον</em></span> <span class='ocrx_word' id='word_1_923' title='bbox 1581 2972 1678 3019; x_wconf 76' lang='grc' dir='ltr'><em>παρὰ</em></span> <span class='ocrx_word' id='word_1_924' title='bbox 1692 2972 1804 3018; x_wconf 81' lang='grc' dir='ltr'><em>νόμον</em></span> <span class='ocrx_word' id='word_1_925' title='bbox 1819 2976 1866 3007; x_wconf 84' lang='lat' dir='ltr'><strong>L³</strong></span> <span class='ocrx_word' id='word_1_926' title='bbox 1881 2975 1893 3019; x_wconf 97' lang='grc'><strong>11</strong></span> <span class='ocrx_word' id='word_1_927' title='bbox 1913 2978 1953 3008; x_wconf 83' lang='lat'><strong>23</strong></span> <span class='ocrx_word' id='word_1_928' title='bbox 1979 2989 2018 3021; x_wconf 88' lang='grc' dir='ltr'><strong>γε</strong></span> <span class='ocrx_word' id='word_1_929' title='bbox 2033 2990 2090 3009; x_wconf 82' lang='lat' dir='ltr'><strong>om.</strong></span> <span class='ocrx_word' id='word_1_930' title='bbox 2105 2978 2154 3010; x_wconf 78' lang='lat' dir='ltr'><strong>B⁸</strong></span> <span class='ocrx_word' id='word_1_931' title='bbox 2171 2978 2182 3020; x_wconf 96' lang='grc'><strong>11</strong></span> <span class='ocrx_word' id='word_1_932' title='bbox 2203 2980 2242 3011; x_wconf 78' lang='lat'><strong>24</strong></span> <span class='ocrx_word' id='word_1_933' title='bbox 2266 2975 2386 3020; x_wconf 76' lang='grc' dir='ltr'><em>ζῴων]</em></span> 
     </span>
     <span class='ocr_line' id='line_1_104' title="bbox 1305 3018 2386 3069; baseline 0.007 -21"><span class='ocrx_word' id='word_1_934' title='bbox 1305 3019 1387 3062; x_wconf 77' lang='grc' dir='ltr'><em>γένη</em></span> <span class='ocrx_word' id='word_1_935' title='bbox 1413 3019 1494 3050; x_wconf 67' lang='lat' dir='ltr'><strong>ABS</strong></span> <span class='ocrx_word' id='word_1_936' title='bbox 1513 3018 1581 3060; x_wconf 84' lang='grc'>1125</span> <span class='ocrx_word' id='word_1_937' title='bbox 1605 3020 1700 3052; x_wconf 78' lang='grc' dir='ltr'><em>ἔστω</em></span> <span class='ocrx_word' id='word_1_938' title='bbox 1728 3021 1784 3060; x_wconf 83' lang='lat' dir='ltr'><strong>M]</strong></span> <span class='ocrx_word' id='word_1_939' title='bbox 1812 3022 1869 3052; x_wconf 86' lang='grc' dir='ltr'><strong>καὶ</strong></span> <span class='ocrx_word' id='word_1_940' title='bbox 1895 3022 1989 3054; x_wconf 75' lang='grc' dir='ltr'><em>ἔστω</em></span> <span class='ocrx_word' id='word_1_941' title='bbox 2009 3023 2092 3057; x_wconf 73' lang='lat' dir='ltr'><strong>LA;</strong></span> <span class='ocrx_word' id='word_1_942' title='bbox 2116 3024 2174 3054; x_wconf 81' lang='grc' dir='ltr'><strong>καὶ</strong></span> <span class='ocrx_word' id='word_1_943' title='bbox 2199 3023 2300 3056; x_wconf 75' lang='grc' dir='ltr'><em>ἔσται</em></span> <span class='ocrx_word' id='word_1_944' title='bbox 2318 3025 2351 3056; x_wconf 89' lang='grc' dir='ltr'><em>Β</em></span> <span class='ocrx_word' id='word_1_945' title='bbox 2375 3025 2386 3069; x_wconf 89' lang='grc'><strong>11</strong></span> 
     </span>
     <span class='ocr_line' id='line_1_105' title="bbox 1306 3061 2386 3104; baseline 0.006 -9"><span class='ocrx_word' id='word_1_946' title='bbox 1306 3065 1346 3095; x_wconf 66' lang='grc'><strong>26</strong></span> <span class='ocrx_word' id='word_1_947' title='bbox 1373 3061 1437 3104; x_wconf 68' lang='grc' dir='ltr'><em>εἴη]</em></span> <span class='ocrx_word' id='word_1_948' title='bbox 1463 3064 1539 3096; x_wconf 72' lang='grc' dir='ltr'><em>εστι</em></span> <span class='ocrx_word' id='word_1_949' title='bbox 1562 3065 1591 3096; x_wconf 78' lang='grc' dir='ltr'><strong><em>Α</em></strong></span> <span class='ocrx_word' id='word_1_950' title='bbox 2383 3061 2386 3069; x_wconf 94' lang='grc'><strong>’</strong></span> 
     </span>
    </p>
   </div>
   <div class='ocr_carea' id='block_1_45' title="bbox 1306 3154 2388 3744">
    <p class='ocr_par' dir='ltr' id='par_1_46' title="bbox 1306 3154 2388 3744">
     <span class='ocr_line' id='line_1_106' title="bbox 1352 3154 2388 3202; baseline 0.005 -15"><span class='ocrx_word' id='word_1_951' title='bbox 1352 3156 1370 3187; x_wconf 85' lang='grc'><strong>2</strong></span> <span class='ocrx_word' id='word_1_952' title='bbox 1396 3156 1490 3186; x_wconf 80' lang='lat' dir='ltr'><strong>inser.</strong></span> <span class='ocrx_word' id='word_1_953' title='bbox 1508 3154 1547 3186; x_wconf 85' lang='lat' dir='ltr'><strong>de</strong></span> <span class='ocrx_word' id='word_1_954' title='bbox 1568 3154 1705 3186; x_wconf 79' lang='lat' dir='ltr'><strong>nefariis</strong></span> <span class='ocrx_word' id='word_1_955' title='bbox 1718 3158 1749 3186; x_wconf 86' lang='lat' dir='ltr'><strong>et</strong></span> <span class='ocrx_word' id='word_1_956' title='bbox 1763 3156 1897 3187; x_wconf 75' lang='lat' dir='ltr'><strong>incestis</strong></span> <span class='ocrx_word' id='word_1_957' title='bbox 1915 3158 2041 3199; x_wconf 87' lang='lat' dir='ltr'><strong>nuptiis</strong></span> <span class='ocrx_word' id='word_1_958' title='bbox 2056 3158 2175 3190; x_wconf 78' lang='lat' dir='ltr'><strong>Iulian.</strong></span> <span class='ocrx_word' id='word_1_959' title='bbox 2195 3158 2207 3202; x_wconf 96' lang='grc'><strong>11</strong></span> <span class='ocrx_word' id='word_1_960' title='bbox 2225 3160 2388 3192; x_wconf 52' lang='lat' dir='ltr'><strong>[iubricae</strong></span> 
     </span>
     <span class='ocr_line' id='line_1_107' title="bbox 1306 3200 2388 3247; baseline 0.007 -17"><span class='ocrx_word' id='word_1_961' title='bbox 1306 3200 1566 3241; x_wconf 77' lang='lat' dir='ltr'><strong>subscriptionem</strong></span> <span class='ocrx_word' id='word_1_962' title='bbox 1590 3201 1735 3233; x_wconf 77' lang='lat' dir='ltr'><strong>novellae</strong></span> <span class='ocrx_word' id='word_1_963' title='bbox 1755 3201 1817 3232; x_wconf 89' lang='lat' dir='ltr'><strong>XI</strong></span> <span class='ocrx_word' id='word_1_964' title='bbox 1836 3203 2000 3235; x_wconf 72' lang='lat' dir='ltr'><strong>continuat</strong></span> <span class='ocrx_word' id='word_1_965' title='bbox 2022 3203 2054 3235; x_wconf 91' lang='lat' dir='ltr'><em>V</em></span> <span class='ocrx_word' id='word_1_966' title='bbox 2073 3205 2127 3245; x_wconf 61' lang='lat' dir='ltr'><strong>(ff</strong></span> <span class='ocrx_word' id='word_1_967' title='bbox 2142 3205 2228 3246; x_wconf 82' lang='lat' dir='ltr'><strong>adp.</strong></span> <span class='ocrx_word' id='word_1_968' title='bbox 2245 3206 2299 3245; x_wconf 82' lang='grc'><strong>93,</strong></span> <span class='ocrx_word' id='word_1_969' title='bbox 2312 3207 2360 3246; x_wconf 81' lang='grc'><strong>37)</strong></span> <span class='ocrx_word' id='word_1_970' title='bbox 2376 3203 2388 3247; x_wconf 93' lang='grc'><strong>11</strong></span> 
     </span>
     <span class='ocr_line' id='line_1_108' title="bbox 1306 3244 2384 3290; baseline 0.003 -13"><span class='ocrx_word' id='word_1_971' title='bbox 1306 3247 1325 3277; x_wconf 83' lang='grc'>4</span> <span class='ocrx_word' id='word_1_972' title='bbox 1350 3245 1398 3276; x_wconf 87' lang='lat' dir='ltr'><strong>rei</strong></span> <span class='ocrx_word' id='word_1_973' title='bbox 1421 3244 1551 3286; x_wconf 78' lang='lat' dir='ltr'><strong>priuato</strong></span> <span class='ocrx_word' id='word_1_974' title='bbox 1576 3245 1624 3276; x_wconf 88' lang='lat' dir='ltr'><strong>rei</strong></span> <span class='ocrx_word' id='word_1_975' title='bbox 1646 3246 1682 3285; x_wconf 82' lang='lat' dir='ltr'><strong>V,</strong></span> <span class='ocrx_word' id='word_1_976' title='bbox 1707 3246 1873 3286; x_wconf 83' lang='lat' dir='ltr'><strong>repriuate</strong></span> <span class='ocrx_word' id='word_1_977' title='bbox 1899 3248 1930 3279; x_wconf 80' lang='lat' dir='ltr'><em>R</em></span> <span class='ocrx_word' id='word_1_978' title='bbox 1949 3246 1996 3290; x_wconf 84' lang='grc'><strong>115</strong></span> <span class='ocrx_word' id='word_1_979' title='bbox 2021 3249 2088 3278; x_wconf 87' lang='lat' dir='ltr'><strong>Pro</strong></span> <span class='ocrx_word' id='word_1_980' title='bbox 2113 3248 2246 3280; x_wconf 88' lang='lat' dir='ltr'><strong>incestis</strong></span> <span class='ocrx_word' id='word_1_981' title='bbox 2269 3251 2300 3282; x_wconf 83' lang='lat' dir='ltr'><strong>in</strong></span> <span class='ocrx_word' id='word_1_982' title='bbox 2318 3262 2384 3283; x_wconf 83' lang='lat' dir='ltr'><strong>ras.</strong></span> 
     </span>
     <span class='ocr_line' id='line_1_109' title="bbox 1310 3290 2385 3338; baseline 0.006 -16"><span class='ocrx_word' id='word_1_983' title='bbox 1310 3290 1355 3322; x_wconf 76' lang='lat' dir='ltr'><strong>R2</strong></span> <span class='ocrx_word' id='word_1_984' title='bbox 1371 3290 1382 3332; x_wconf 93' lang='grc'><strong>11</strong></span> <span class='ocrx_word' id='word_1_985' title='bbox 1402 3291 1421 3322; x_wconf 85' lang='grc'>6</span> <span class='ocrx_word' id='word_1_986' title='bbox 1445 3290 1577 3330; x_wconf 84' lang='lat' dir='ltr'><strong>habere]</strong></span> <span class='ocrx_word' id='word_1_987' title='bbox 1599 3300 1631 3322; x_wconf 86' lang='lat' dir='ltr'><strong>se</strong></span> <span class='ocrx_word' id='word_1_988' title='bbox 1645 3290 1765 3322; x_wconf 87' lang='lat' dir='ltr'><strong>habere</strong></span> <span class='ocrx_word' id='word_1_989' title='bbox 1784 3291 1835 3323; x_wconf 85' lang='lat' dir='ltr'><strong>V³</strong></span> <span class='ocrx_word' id='word_1_990' title='bbox 1850 3290 1862 3334; x_wconf 94' lang='grc'><strong>11</strong></span> <span class='ocrx_word' id='word_1_991' title='bbox 1881 3294 1898 3324; x_wconf 83' lang='lat'><strong>7</strong></span> <span class='ocrx_word' id='word_1_992' title='bbox 1926 3302 2009 3332; x_wconf 85' lang='lat' dir='ltr'><strong>quae</strong></span> <span class='ocrx_word' id='word_1_993' title='bbox 2023 3311 2064 3315; x_wconf 82' lang='lat'>—</span> <span class='ocrx_word' id='word_1_994' title='bbox 2078 3293 2194 3324; x_wconf 88' lang='lat' dir='ltr'><strong>sinunt</strong></span> <span class='ocrx_word' id='word_1_995' title='bbox 2215 3294 2265 3326; x_wconf 84' lang='lat' dir='ltr'><strong>V2</strong></span> <span class='ocrx_word' id='word_1_996' title='bbox 2276 3296 2385 3338; x_wconf 81' lang='lat' dir='ltr'><strong>suppl.</strong></span> 
     </span>
     <span class='ocr_line' id='line_1_110' title="bbox 1306 3335 2387 3384; baseline 0.006 -17"><span class='ocrx_word' id='word_1_997' title='bbox 1306 3337 1338 3367; x_wconf 80' lang='lat' dir='ltr'><strong>in</strong></span> <span class='ocrx_word' id='word_1_998' title='bbox 1363 3342 1445 3377; x_wconf 83' lang='lat' dir='ltr'><strong>spat.</strong></span> <span class='ocrx_word' id='word_1_999' title='bbox 1470 3347 1539 3368; x_wconf 84' lang='lat' dir='ltr'><strong>vac.</strong></span> <span class='ocrx_word' id='word_1_1000' title='bbox 1566 3335 1576 3376; x_wconf 92' lang='grc'><strong>11</strong></span> <span class='ocrx_word' id='word_1_1001' title='bbox 1600 3335 1744 3376; x_wconf 83' lang='lat' dir='ltr'><strong>quidem]</strong></span> <span class='ocrx_word' id='word_1_1002' title='bbox 1770 3346 1809 3376; x_wconf 76' lang='lat' dir='ltr'><strong>q*</strong></span> <span class='ocrx_word' id='word_1_1003' title='bbox 1835 3336 1926 3378; x_wconf 83' lang='lat' dir='ltr'><strong>V(²)‚</strong></span> <span class='ocrx_word' id='word_1_1004' title='bbox 1953 3350 2033 3370; x_wconf 88' lang='lat' dir='ltr'><strong>corr.</strong></span> <span class='ocrx_word' id='word_1_1005' title='bbox 2057 3337 2110 3369; x_wconf 84' lang='lat' dir='ltr'><strong>V³</strong></span> <span class='ocrx_word' id='word_1_1006' title='bbox 2125 3338 2136 3380; x_wconf 93' lang='grc'><strong>11</strong></span> <span class='ocrx_word' id='word_1_1007' title='bbox 2156 3339 2214 3379; x_wconf 90' lang='lat' dir='ltr'><strong>qui</strong></span> <span class='ocrx_word' id='word_1_1008' title='bbox 2239 3352 2297 3373; x_wconf 86' lang='lat' dir='ltr'><strong>om.</strong></span> <span class='ocrx_word' id='word_1_1009' title='bbox 2318 3340 2352 3372; x_wconf 82' lang='lat' dir='ltr'><em>R</em></span> <span class='ocrx_word' id='word_1_1010' title='bbox 2375 3339 2387 3384; x_wconf 95' lang='grc'><strong>11</strong></span> 
     </span>
     <span class='ocr_line' id='line_1_111' title="bbox 1306 3379 2387 3428; baseline 0.007 -17"><span class='ocrx_word' id='word_1_1011' title='bbox 1306 3381 1340 3411; x_wconf 89' lang='lat' dir='ltr'><strong>in</strong></span> <span class='ocrx_word' id='word_1_1012' title='bbox 1356 3379 1471 3411; x_wconf 85' lang='lat' dir='ltr'><strong>ceteris</strong></span> <span class='ocrx_word' id='word_1_1013' title='bbox 1483 3379 1532 3411; x_wconf 60' lang='lat'><strong>12¹</strong></span> <span class='ocrx_word' id='word_1_1014' title='bbox 1551 3379 1562 3422; x_wconf 92' lang='grc'><strong>11</strong></span> <span class='ocrx_word' id='word_1_1015' title='bbox 1579 3380 1714 3422; x_wconf 69' lang='lat' dir='ltr'><strong>nuptei*</strong></span> <span class='ocrx_word' id='word_1_1016' title='bbox 1740 3382 1816 3419; x_wconf 84' lang='lat' dir='ltr'><strong>V(·-’)</strong></span> <span class='ocrx_word' id='word_1_1017' title='bbox 1833 3380 1844 3425; x_wconf 96' lang='grc'><strong>11</strong></span> <span class='ocrx_word' id='word_1_1018' title='bbox 1864 3383 1883 3414; x_wconf 85' lang='grc'>8</span> <span class='ocrx_word' id='word_1_1019' title='bbox 1897 3382 1964 3413; x_wconf 90' lang='lat' dir='ltr'><strong>sint</strong></span> <span class='ocrx_word' id='word_1_1020' title='bbox 1979 3382 2026 3414; x_wconf 61' lang='lat'><strong>12¹</strong></span> <span class='ocrx_word' id='word_1_1021' title='bbox 2044 3381 2055 3426; x_wconf 97' lang='grc'><strong>11</strong></span> <span class='ocrx_word' id='word_1_1022' title='bbox 2073 3383 2290 3424; x_wconf 61' lang='lat' dir='ltr'><strong>procedente*</strong></span> <span class='ocrx_word' id='word_1_1023' title='bbox 2302 3386 2352 3418; x_wconf 85' lang='lat' dir='ltr'><strong>V¹</strong></span> <span class='ocrx_word' id='word_1_1024' title='bbox 2376 3386 2387 3428; x_wconf 88' lang='grc'><strong>11</strong></span> 
     </span>
     <span class='ocr_line' id='line_1_112' title="bbox 1307 3425 2387 3475; baseline 0.008 -21"><span class='ocrx_word' id='word_1_1025' title='bbox 1307 3428 1326 3458; x_wconf 83' lang='grc'>9</span> <span class='ocrx_word' id='word_1_1026' title='bbox 1360 3425 1553 3467; x_wconf 84' lang='lat' dir='ltr'><strong>priuauerat</strong></span> <span class='ocrx_word' id='word_1_1027' title='bbox 1578 3425 1624 3457; x_wconf 80' lang='lat' dir='ltr'><strong>R¹</strong></span> <span class='ocrx_word' id='word_1_1028' title='bbox 1656 3425 1668 3468; x_wconf 89' lang='grc'><strong>11</strong></span> <span class='ocrx_word' id='word_1_1029' title='bbox 1699 3428 1736 3458; x_wconf 88' lang='grc'><strong>10</strong></span> <span class='ocrx_word' id='word_1_1030' title='bbox 1769 3428 1834 3465; x_wconf 83' lang='lat' dir='ltr'><strong>eos]</strong></span> <span class='ocrx_word' id='word_1_1031' title='bbox 1860 3427 1918 3458; x_wconf 90' lang='lat' dir='ltr'><strong>hos</strong></span> <span class='ocrx_word' id='word_1_1032' title='bbox 1944 3426 1975 3458; x_wconf 81' lang='lat' dir='ltr'><em>R</em></span> <span class='ocrx_word' id='word_1_1033' title='bbox 2001 3427 2012 3467; x_wconf 88' lang='grc'><strong>11</strong></span> <span class='ocrx_word' id='word_1_1034' title='bbox 2047 3430 2081 3461; x_wconf 89' lang='grc'><strong>11</strong></span> <span class='ocrx_word' id='word_1_1035' title='bbox 2117 3431 2304 3470; x_wconf 80' lang='lat' dir='ltr'><strong>peccatores</strong></span> <span class='ocrx_word' id='word_1_1036' title='bbox 2326 3431 2360 3463; x_wconf 90' lang='lat' dir='ltr'><em>V</em></span> <span class='ocrx_word' id='word_1_1037' title='bbox 2377 3432 2387 3475; x_wconf 81' lang='grc'><strong>[1</strong></span> 
     </span>
     <span class='ocr_line' id='line_1_113' title="bbox 1311 3469 2387 3515; baseline 0.007 -15"><span class='ocrx_word' id='word_1_1038' title='bbox 1311 3472 1349 3503; x_wconf 82' lang='grc'><strong>12</strong></span> <span class='ocrx_word' id='word_1_1039' title='bbox 1385 3469 1530 3511; x_wconf 80' lang='lat' dir='ltr'><strong>puniet?</strong></span> <span class='ocrx_word' id='word_1_1040' title='bbox 1557 3470 1603 3502; x_wconf 58' lang='grc' dir='ltr'><strong>Β*</strong></span> <span class='ocrx_word' id='word_1_1041' title='bbox 1634 3470 1646 3513; x_wconf 96' lang='grc'><strong>11</strong></span> <span class='ocrx_word' id='word_1_1042' title='bbox 1678 3472 1716 3503; x_wconf 82' lang='grc'><strong>14</strong></span> <span class='ocrx_word' id='word_1_1043' title='bbox 1756 3471 1897 3503; x_wconf 79' lang='lat' dir='ltr'><strong>incertas</strong></span> <span class='ocrx_word' id='word_1_1044' title='bbox 1923 3471 1969 3504; x_wconf 66' lang='lat'><strong>13¹</strong></span> <span class='ocrx_word' id='word_1_1045' title='bbox 2001 3471 2011 3515; x_wconf 95' lang='grc'><strong>11</strong></span> <span class='ocrx_word' id='word_1_1046' title='bbox 2044 3475 2080 3505; x_wconf 81' lang='grc'><strong>17</strong></span> <span class='ocrx_word' id='word_1_1047' title='bbox 2113 3474 2176 3505; x_wconf 85' lang='lat' dir='ltr'><strong>sibi</strong></span> <span class='ocrx_word' id='word_1_1048' title='bbox 2209 3476 2387 3508; x_wconf 84' lang='lat' dir='ltr'><strong>contractis</strong></span> 
     </span>
     <span class='ocr_line' id='line_1_114' title="bbox 1311 3515 2346 3562; baseline 0.005 -15"><span class='ocrx_word' id='word_1_1049' title='bbox 1311 3515 1356 3547; x_wconf 72' lang='lat' dir='ltr'><strong>R2</strong></span> <span class='ocrx_word' id='word_1_1050' title='bbox 1379 3517 1411 3547; x_wconf 79' lang='lat' dir='ltr'><strong>in</strong></span> <span class='ocrx_word' id='word_1_1051' title='bbox 1437 3528 1499 3547; x_wconf 84' lang='lat' dir='ltr'><strong>ras.</strong></span> <span class='ocrx_word' id='word_1_1052' title='bbox 1527 3516 1546 3548; x_wconf 90' lang='grc'><strong>6</strong></span> <span class='ocrx_word' id='word_1_1053' title='bbox 1570 3517 1647 3558; x_wconf 66' lang='lat' dir='ltr'><strong>jere</strong></span> <span class='ocrx_word' id='word_1_1054' title='bbox 1672 3517 1730 3548; x_wconf 78' lang='lat' dir='ltr'><strong>litt.</strong></span> <span class='ocrx_word' id='word_1_1055' title='bbox 1757 3516 1768 3557; x_wconf 93' lang='grc'><strong>11</strong></span> <span class='ocrx_word' id='word_1_1056' title='bbox 1799 3518 1835 3550; x_wconf 84' lang='grc'><strong>18</strong></span> <span class='ocrx_word' id='word_1_1057' title='bbox 1868 3518 1916 3556; x_wconf 83' lang='lat' dir='ltr'><strong>ea]</strong></span> <span class='ocrx_word' id='word_1_1058' title='bbox 1950 3517 1996 3548; x_wconf 87' lang='lat' dir='ltr'><strong>eis</strong></span> <span class='ocrx_word' id='word_1_1059' title='bbox 2020 3517 2069 3549; x_wconf 82' lang='lat' dir='ltr'><strong>R²</strong></span> <span class='ocrx_word' id='word_1_1060' title='bbox 2098 3520 2131 3551; x_wconf 83' lang='lat' dir='ltr'><strong>in</strong></span> <span class='ocrx_word' id='word_1_1061' title='bbox 2156 3533 2228 3562; x_wconf 60' lang='lat' dir='ltr'><strong>my„</strong></span> <span class='ocrx_word' id='word_1_1062' title='bbox 2261 3523 2346 3562; x_wconf 79' lang='lat' dir='ltr'><strong>vulq.</strong></span> 
     </span>
     <span class='ocr_line' id='line_1_115' title="bbox 1314 3559 2351 3607; baseline 0.008 -17"><span class='ocrx_word' id='word_1_1063' title='bbox 1314 3563 1349 3593; x_wconf 81' lang='grc'><strong>19</strong></span> <span class='ocrx_word' id='word_1_1064' title='bbox 1372 3560 1426 3591; x_wconf 86' lang='lat' dir='ltr'><strong>dat</strong></span> <span class='ocrx_word' id='word_1_1065' title='bbox 1449 3560 1495 3591; x_wconf 62' lang='grc' dir='ltr'><strong>Ε*</strong></span> <span class='ocrx_word' id='word_1_1066' title='bbox 1512 3559 1523 3603; x_wconf 93' lang='grc'><strong>11</strong></span> <span class='ocrx_word' id='word_1_1067' title='bbox 1544 3561 1667 3592; x_wconf 87' lang='lat' dir='ltr'><strong>errario</strong></span> <span class='ocrx_word' id='word_1_1068' title='bbox 1692 3561 1760 3593; x_wconf 76' lang='lat' dir='ltr'><strong>RT</strong></span> <span class='ocrx_word' id='word_1_1069' title='bbox 1775 3560 1786 3604; x_wconf 94' lang='grc'><strong>11</strong></span> <span class='ocrx_word' id='word_1_1070' title='bbox 1803 3563 1846 3594; x_wconf 80' lang='grc'><strong>20</strong></span> <span class='ocrx_word' id='word_1_1071' title='bbox 1870 3562 2034 3603; x_wconf 85' lang='lat' dir='ltr'><strong>arsignari</strong></span> <span class='ocrx_word' id='word_1_1072' title='bbox 2062 3563 2106 3595; x_wconf 80' lang='lat' dir='ltr'><strong>R¹</strong></span> <span class='ocrx_word' id='word_1_1073' title='bbox 2126 3564 2137 3607; x_wconf 95' lang='grc'><strong>11</strong></span> <span class='ocrx_word' id='word_1_1074' title='bbox 2154 3566 2281 3606; x_wconf 89' lang='lat' dir='ltr'><strong>nuptiis</strong></span> <span class='ocrx_word' id='word_1_1075' title='bbox 2306 3559 2351 3598; x_wconf 75' lang='lat' dir='ltr'><strong>R¹</strong></span> 
     </span>
     <span class='ocr_line' id='line_1_116' title="bbox 1308 3604 2387 3655; baseline 0.006 -18"><span class='ocrx_word' id='word_1_1076' title='bbox 1308 3607 1343 3637; x_wconf 78' lang='lat'><strong>21</strong></span> <span class='ocrx_word' id='word_1_1077' title='bbox 1368 3605 1638 3637; x_wconf 52' lang='lat' dir='ltr'><strong>confundent&amp;</strong></span> <span class='ocrx_word' id='word_1_1078' title='bbox 1653 3604 1707 3649; x_wconf 56' lang='grc'>1711</span> <span class='ocrx_word' id='word_1_1079' title='bbox 1724 3607 1765 3637; x_wconf 78' lang='lat'><strong>22</strong></span> <span class='ocrx_word' id='word_1_1080' title='bbox 1792 3609 1823 3637; x_wconf 87' lang='lat' dir='ltr'><strong>et</strong></span> <span class='ocrx_word' id='word_1_1081' title='bbox 1846 3607 1959 3647; x_wconf 87' lang='lat' dir='ltr'><strong>generi</strong></span> <span class='ocrx_word' id='word_1_1082' title='bbox 1979 3618 2039 3640; x_wconf 91' lang='lat' dir='ltr'><strong>suo</strong></span> <span class='ocrx_word' id='word_1_1083' title='bbox 2053 3610 2129 3641; x_wconf 83' lang='lat' dir='ltr'><strong>add.</strong></span> <span class='ocrx_word' id='word_1_1084' title='bbox 2144 3610 2204 3650; x_wconf 61' lang='lat'><strong>132,</strong></span> <span class='ocrx_word' id='word_1_1085' title='bbox 2230 3624 2288 3644; x_wconf 87' lang='lat' dir='ltr'><strong>om.</strong></span> <span class='ocrx_word' id='word_1_1086' title='bbox 2304 3612 2352 3644; x_wconf 83' lang='lat' dir='ltr'><strong>R¹</strong></span> <span class='ocrx_word' id='word_1_1087' title='bbox 2385 3616 2387 3655; x_wconf 70' lang='lat' dir='ltr'>j</span> 
     </span>
     <span class='ocr_line' id='line_1_117' title="bbox 1308 3650 2386 3697; baseline 0.007 -16"><span class='ocrx_word' id='word_1_1088' title='bbox 1308 3651 1375 3690; x_wconf 65' lang='lat' dir='ltr'><strong>egit</strong></span> <span class='ocrx_word' id='word_1_1089' title='bbox 1399 3650 1446 3681; x_wconf 79' lang='lat' dir='ltr'><strong>R¹</strong></span> <span class='ocrx_word' id='word_1_1090' title='bbox 1473 3650 1485 3692; x_wconf 95' lang='grc'><strong>11</strong></span> <span class='ocrx_word' id='word_1_1091' title='bbox 1509 3661 1585 3682; x_wconf 86' lang='lat' dir='ltr'><strong>vero</strong></span> <span class='ocrx_word' id='word_1_1092' title='bbox 1607 3663 1664 3683; x_wconf 85' lang='lat' dir='ltr'><strong>om.</strong></span> <span class='ocrx_word' id='word_1_1093' title='bbox 1688 3652 1718 3683; x_wconf 82' lang='lat' dir='ltr'><em>V</em></span> <span class='ocrx_word' id='word_1_1094' title='bbox 1743 3650 1754 3694; x_wconf 95' lang='grc'><strong>11</strong></span> <span class='ocrx_word' id='word_1_1095' title='bbox 1779 3653 1820 3684; x_wconf 82' lang='grc'><strong>24</strong></span> <span class='ocrx_word' id='word_1_1096' title='bbox 1854 3652 2111 3697; x_wconf 49' lang='lat' dir='ltr'><strong>inrationabili&amp;</strong></span> <span class='ocrx_word' id='word_1_1097' title='bbox 2143 3655 2186 3687; x_wconf 72' lang='grc' dir='ltr'><strong>1η</strong></span> <span class='ocrx_word' id='word_1_1098' title='bbox 2210 3652 2386 3688; x_wconf 75' lang='lat' dir='ltr'><strong>irrationa—</strong></span> 
     </span>
     <span class='ocr_line' id='line_1_118' title="bbox 1309 3695 2387 3744; baseline 0.008 -18"><span class='ocrx_word' id='word_1_1099' title='bbox 1309 3695 1387 3727; x_wconf 67' lang='lat' dir='ltr'><strong>bili*</strong></span> <span class='ocrx_word' id='word_1_1100' title='bbox 1406 3695 1452 3728; x_wconf 61' lang='grc' dir='ltr'><strong>Β*</strong></span> <span class='ocrx_word' id='word_1_1101' title='bbox 1467 3695 1744 3728; x_wconf 79' lang='lat' dir='ltr'><strong>irrationabilium</strong></span> <span class='ocrx_word' id='word_1_1102' title='bbox 1764 3695 1817 3740; x_wconf 89' lang='grc' dir='ltr'><strong>Τ11</strong></span> <span class='ocrx_word' id='word_1_1103' title='bbox 1838 3697 1879 3730; x_wconf 84' lang='grc'><strong>26</strong></span> <span class='ocrx_word' id='word_1_1104' title='bbox 1897 3697 1936 3737; x_wconf 85' lang='lat' dir='ltr'><strong>si]</strong></span> <span class='ocrx_word' id='word_1_1105' title='bbox 1959 3697 1982 3729; x_wconf 83' lang='grc' dir='ltr'><strong>[ι</strong></span> <span class='ocrx_word' id='word_1_1106' title='bbox 1995 3698 2025 3732; x_wconf 67' lang='grc' dir='ltr'><em>ἵ</em></span> <span class='ocrx_word' id='word_1_1107' title='bbox 2041 3695 2116 3738; x_wconf 51' lang='lat' dir='ltr'><strong>(ise.</strong></span> <span class='ocrx_word' id='word_1_1108' title='bbox 2133 3701 2326 3744; x_wconf 79' lang='lat' dir='ltr'><strong>secundum)</strong></span> <span class='ocrx_word' id='word_1_1109' title='bbox 2347 3702 2387 3735; x_wconf 89' lang='lat' dir='ltr'><strong>V¹</strong></span> 
     </span>
    </p>
   </div>
   <div class='ocr_carea' id='block_1_46' title="bbox 2376 3520 2380 3646">
    <p class='ocr_par' dir='ltr' id='par_1_47' title="bbox 2376 3520 2380 3646">
     <span class='ocr_line' id='line_1_119' title="bbox 2376 3520 2380 3646; baseline 0 364"><span class='ocrx_word' id='word_1_1110' title='bbox 2376 3520 2380 3646; x_wconf 95' lang='lat' dir='ltr'><strong> </strong></span> 
     </span>
    </p>
   </div>
  </div>
 </body>
</html>
