2618 4010
241 132 349 177 Nov.
378 133 462 176 XlI
493 135 530 176 3.
561 135 586 174 4
1315 129 1370 176 98
1647 145 1707 177 nn
1735 146 1930 179 monens
1958 147 2015 179 Εἰ·
2044 146 2248 180 sumans
2276 148 2454 181 nnp'ms

244 242 304 277 διὰ
334 241 488 278 πάντων
512 243 678 277 τιθέντες
707 241 773 277 τὸν
804 239 867 278 οὐκ
895 240 1203 288 ἀποπεμπόμενον
1232 242 1318 277 εἴσω
1385 247 1556 288 ponentes
1583 253 1682 287 eum,
1709 245 1770 290 qui
1799 255 1871 281 non
1899 245 2042 282 dimittit
2066 233 2413 292 intra'praedlctum
2435 258 2457 283 a

241 288 307 322 τοῦ
329 288 505 334 ῥηθέντος
527 284 613 332 ἡμῖν
642 286 770 335 χρόνον
792 287 860 332 τὴν
882 285 1060 334 ἀθέμιτον
1081 286 1240 335 γαμετὴν
1261 287 1316 331 τῷ
1384 288 1490 323 nobis
1514 290 1655 332 tempus
1677 288 1850 325 incestam
1872 290 2072 336 coniugem,
2103 302 2184 327 cum
2206 302 2269 334 eo,
2294 293 2355 338 qui
2401 295 2459 328 ost

241 330 333 377 μετὰ
358 329 464 367 τόνδε
492 329 594 377 ἡμῶν
619 332 686 366 τὸν
714 330 829 378 νόμον
860 336 938 369 τῶν
959 333 1161 377 ’ἀθεμίτων
1188 344 1229 366 ’τε
1259 334 1319 366 καὶ
1387 332 1482 368 hanc
1515 338 1673 368 nostram
1706 334 1817 378 legem
1844 334 2001 372 incestas
2035 338 2073 372 et
2105 336 2254 372 odibiles
2285 347 2374 383 quas
2399 347 2456 373 am

243 380 496 422 μεμισημένων
518 375 602 413 ’τινὰ
621 376 750 425 γάμων
773 377 940 425 ἑλομένῳ.
1386 378 1532 423 nuptias
1561 377 1677 423 elegit.

1230 489 1384 526 CAPUT
1412 488 1474 525 IV.

275 548 620 604 -ΤἈμφισβητηθὲν
637 557 676 593 δὲ
692 562 733 594 ἔν
749 571 845 594 ’τισιν
862 559 988 593 ἔθνεσι
1005 560 1068 591 καί
1085 570 1122 591 τι
1140 560 1223 603 περὶ
1241 558 1320 592 τῶν
1355 562 1374 592 5
1433 556 1643 591 Dubitatum
1677 556 1797 601 itaque
1831 557 1870 592 in
1904 558 2114 603 quibusdam
2151 562 2315 606 gentibus
2349 561 2456 597 etiam

245 604 283 636 ἐκ
305 602 368 645 τῆς
390 600 558 652 ἡμετέρας
589 602 784 645 διατάξεως
813 606 1016 651 γινομένων
1044 606 1207 649 γνησίων
1238 606 1319 637 παί-
1388 601 1522 645 aliquid
1564 602 1607 636 de
1642 601 1806 645 legitimis
1842 602 1925 638 filiis
1963 613 2007 639 ex
2047 609 2170 642 nostra
2207 607 2459 643 constitutione

244 646 332 689 δων,
356 644 532 693 ᾠήθημεν
554 646 678 696 ὀρθῶς
702 650 795 692 ἔχειν
814 646 927 692 ἡμεῖς,
951 647 1010 681 οἷα
1031 649 1094 681 τοῦ
1118 645 1229 692 νόμου
1253 661 1319 683 πα·
1388 646 1512 690 factis,
1545 647 1807 682 aestimavimus
1838 652 1934 683 recte
1965 658 2004 684 se
2034 650 2166 686 habere
2187 662 2254 687 nos
2277 655 2456 696 tamquam

243 696 350 739 τέρος,
374 694 590 738 προςθιῖναί
607 708 647 728 τε
670 692 769 738 αὐτῷ
793 698 852 727 καὶ
876 692 1042 727 διαλῦσαι
1064 692 1106 726 τὸ
1131 692 1319 734 στασιαζό-
1388 691 1474 736 legis
1505 694 1625 736 patres
1658 694 1694 726 et
1724 692 1867 727 adicere
1897 694 1929 728 ei
1961 697 1998 728 et
2027 695 2162 731 solvere
2191 697 2455 732 dubitationem.

243 751 364 782 μενον.
411 742 470 772 καὶ
491 738 560 796 γὰρ
584 738 628 782 δὴ
651 743 710 773 καὶ
733 738 822 783 μετὰ
846 736 1013 780 τοιαύτης
1035 738 1096 781 τῆς
1120 739 1259 772 ἐννοίας
1283 738 1321 778 ἐξ
1388 736 1530 772 Etenim
1552 748 1631 772 cum
1650 737 1713 771 tali
1737 737 1918 772 intellectu
1941 738 1987 773 ab
2010 739 2110 775 initio
2134 741 2244 785 legem
2263 742 2455 787 posuimus.

243 781 350 828 ἀρχῆς
371 782 437 818 τὸν
459 797 572 828 νυμον
595 784 770 829 ἐθέμεθα.
818 784 864 816 Εἰ
893 781 960 837 γάρ
990 794 1044 816 τις
1072 786 1131 816 καὶ
1158 786 1320 837 γνησίων
1337 785 1375 818 10
1388 781 1480 816 Nam
1512 784 1549 817 et
1579 782 1609 817 si
1640 782 1875 825 legitimorum
1908 783 2092 828 quisquam
2115 786 2162 820 sit
2183 791 2303 830 pater,
2334 789 2372 822 et
2394 788 2457 822 ob-

244 829 298 871 εἴη
321 827 467 863 παίδοιν
497 829 617 876 πατὴρ
650 832 708 862 καὶ
743 826 970 872 ἀπελθουσης
995 824 1102 862 αὐτοῦ
1132 839 1194 871 της
1215 841 1320 875 γαμε-
1389 831 1494 862 eunte
1525 827 1602 862 eius
1626 837 1738 862 uxore
1762 837 1805 861 ex
1829 827 2048 872 hominibus,
2079 834 2143 864 aut
2172 831 2277 866 etiam
2307 831 2458 876 legitime

244 874 307 916 τῆς
337 873 376 914 ἐξ
406 870 624 922 ἀνθρώπων
655 873 676 917 ἢ
708 877 766 906 καὶ
798 877 957 918 νομίμως
988 871 1219 916 διαλυθείσης
1247 875 1320 916 ἔχοι
1388 872 1623 917 transigente,
1666 872 1832 907 habuerit
1898 873 2049 908 uandam
2091 875 2379 911 consuetudinem
2413 876 2458 910 ad

244 917 327 953 τινὰ
350 918 549 962 συνήθειαν
572 918 660 964 πρὸς
681 916 793 961 ἄλλην
815 921 984 965 γυναῖκα,
1008 914 1052 961 ἢν
1076 918 1158 961 ἐξῆν
1181 921 1241 952 καὶ
1264 931 1320 952 νο·
1388 917 1494 953 aliam
1517 917 1717 959 mulierem,
1749 927 1853 961 quam
1893 918 2007 953 ‘cebat
2030 919 2135 954 etiam
2158 920 2190 955 le
2213 920 2308 956 'time
2330 921 2459 956 ducere

243 966 362 1007 μίμως
390 962 547 1011 ἄγεσθαι
575 963 752 1010 γαμετήν,
787 966 845 997 καὶ
873 967 1037 1010 γένοιντο
1067 961 1192 998 παῖδες
1222 960 1320 1006 αὐτῷ
1389 972 1553 1005 uxorem,
1589 965 1625 997 et
1653 962 1788 997 fuerint
1818 962 1881 997 filii
1913 964 1945 998 ei
1976 967 2039 998 aut
2070 968 2153 999 ante
2210 965 2320 1001 otalii),
2349 966 2458 1001 docu-

246 1007 317 1054 πρὸ
348 1009 428 1043 τῶν
459 1008 653 1057 προικῴων
676 1006 917 1052 συμβολαίων,
953 1009 989 1042 εἴ
1013 1021 1054 1055 γε
1077 1010 1193 1042 ταῦτα
1221 1008 1320 1052 ποιὴ-
1338 1011 1377 1043 15
1389 1011 1525 1049 menta,
1561 1007 1592 1042 si
1622 1010 1740 1042 tamen
1771 1017 1814 1042 ea
1850 1008 1954 1051 fecit,
1990 1012 2053 1043 aut
2088 1009 2193 1044 etiam
2227 1014 2370 1054 postea,
2405 1011 2458 1046 vel

246 1065 350 1095 σειεν,
374 1050 469 1097 ἢκαὶ
490 1053 579 1098 μετὰ
602 1055 728 1095 ταῦτα,
754 1054 784 1086 εἰ
808 1056 866 1087 καὶ
882 1052 986 1098 μόνοι
1008 1056 1171 1098 μείναιεν
1193 1052 1229 1087 οἱ
1251 1052 1321 1099 πρὸ
1389 1053 1496 1088 etiam
1527 1052 1594 1088 soli
1623 1056 1790 1088 maneant
1821 1057 1903 1088 ante
1933 1054 2068 1089 dotalia
2096 1054 2177 1097 filii,
2210 1055 2373 1090 secundis
2396 1059 2459 1091 aut

244 1099 323 1132 τῶν
346 1096 541 1144 προικῴων
566 1097 706 1140 παῖδες,
742 1096 919 1143 δευτέρων
950 1097 972 1142 ἢ
1009 1094 1051 1132 οὗ
1072 1102 1278 1153 γενομένων
1300 1095 1322 1142 ἢ
1389 1109 1461 1133 non
1492 1097 1690 1143 procreatis
1721 1101 1784 1132 aut
1815 1098 1920 1133 etiam
1947 1102 2138 1152 postquam
2168 1100 2243 1134 nati
2274 1104 2358 1135 sunt
2384 1110 2458 1135 mo-

245 1146 303 1176 καὶ
326 1142 417 1187 μετὰ
440 1144 483 1178 τὸ
505 1145 680 1191 γενέσθαι
702 1141 1005 1186 τελευτησάντων,
1030 1141 1207 1188 ᾧηθησάν
1229 1156 1323 1178 τινες
1389 1143 1573 1183 rientibus,
1598 1143 1873 1178 aestimaverunt
1895 1144 2038 1188 quldam
2062 1155 2132 1180 non
2155 1154 2262 1189 posse
2285 1145 2459 1180 secundos

244 1187 294 1231 μὴ
325 1186 509 1222 δύνασθαι
539 1188 619 1223 τοὺς
652 1187 834 1234 δευτέρους
864 1189 956 1223 εἶναι
985 1193 1167 1236 γνησίους,
1199 1187 1322 1232 ἐπειδὴ
1389 1198 1469 1224 esse
1499 1188 1692 1232 legitimos,
1729 1188 1895 1232 quoniam
1926 1190 2170 1233 praeexistant
2202 1194 2240 1225 et
2273 1199 2317 1225 ex
2351 1190 2461 1235 priori

245 1233 460 1279 προῦπῆσαν
487 1237 546 1268 καὶ
575 1236 613 1268 ἐκ
642 1235 703 1278 τῆς
733 1236 908 1280 προτέρας
937 1235 1092 1281 γαμετῆς
1119 1235 1236 1281 ἕτεροι
1263 1234 1320 1269 vd·
1335 1237 1377 1269 20
1390 1233 1538 1278 coniuge
1568 1233 1628 1267 alii
1659 1233 1804 1277 legitimi
1843 1237 1878 1268 et
1906 1235 2040 1279 proprii
2071 1234 2144 1269 filii.
2193 1235 2296 1278 Quod
2326 1235 2459 1270 nullam

245 1282 350 1323 μιμοί
369 1291 410 1312 τε
441 1282 500 1312 καὶ
529 1278 671 1326 γνήσιοι
702 1278 835 1314 παῖδες.
883 1277 972 1324 ὅπερ
1003 1277 1174 1334 οὐδεμίαν
1202 1277 1322 1323 ὀρθὴν
1389 1283 1525 1313 rectam
1559 1280 1596 1312 et
1637 1282 1910 1322 consequentem
1945 1279 2054 1315 habet
2089 1280 2369 1315 consonantiam.
2422 1279 2460 1314 Si

244 1326 303 1356 και·
327 1320 530 1359 ἀκόλουθον
550 1327 623 1367 εχει
646 1327 841 1367 συνέχειαν.
887 1324 919 1359 εἰ
940 1322 1009 1371 γὰρ
1037 1336 1119 1359 τους
1141 1325 1322 1359 τοιούτους
1389 1324 1481 1359 enim
1505 1323 1706 1358 huiusmodi
1737 1323 1828 1358 filios
1858 1334 1923 1359 nos
1947 1324 2119 1369 legitimos
2146 1328 2182 1360 et
2211 1325 2374 1370 proprios
2399 1324 2458 1360 de-

245 1366 377 1403 παῖὃαε
406 1366 501 1414 ἡμεῖς
529 1374 698 1414 νομίμους
726 1383 766 1403 τε
795 1371 855 1403 καὶ
884 1373 1048 1416 γνησίους
1077 1367 1321 1415 ἇπεφήναμεν,
1388 1368 1673 1408 monstravimus,
1698 1367 1869 1403 dotalium
1886 1368 2177 1405 documentorum
2197 1370 2355 1405 contenti
2374 1380 2459 1405 con-

244 1414 289 1460 τῇ
318 1414 397 1448 τῶν
424 1414 619 1460 προικῴων
642 1413 875 1459 συμβολαίων
903 1411 1140 1468 ἀρκεσθέντες
1170 1416 1322 1458 ποιησει,
1389 1413 1559 1455 sectione,
1594 1413 1739 1458 legitimi
1766 1423 1849 1448 vero
1879 1414 1986 1448 etiam
2014 1415 2120 1459 primi
2148 1415 2333 1450 constituti
2363 1419 2458 1456 sunt,

244 1457 384 1505 γνήσιοι
404 1457 444 1493 δὲ
465 1463 524 1493 καὶ
547 1460 583 1494 οἱ
605 1458 774 1506 πρότεροι
792 1459 1027 1501 καθεστασιν,
1047 1461 1107 1494 ἐπὶ
1128 1461 1217 1494 πᾶσι
1239 1473 1321 1506 γνη·
1335 1458 1426 1493 25111
1457 1458 1621 1494 omnibus
1653 1457 1814 1502 legitimis
1846 1462 1948 1503 pater
1972 1460 2133 1500 moritur,
2165 1463 2202 1495 et
2231 1460 2287 1495 his
2346 1460 2384 1494 ui
2415 1469 2458 1495 ex

244 1507 333 1537 σίοις
355 1501 375 1538 ὁ
399 1504 518 1552 πατὴρ
545 1505 711 1548 τελευτᾷ,
741 1508 814 1539 τοῖς
841 1518 881 1538 τε
912 1506 950 1538 ἐκ
973 1505 1034 1547 τῆς
1057 1504 1202 1551 πρώτης
1223 1518 1321 1551 γενο-
1390 1503 1505 1548 prima
1527 1503 1685 1546 fuerunt,
1710 1507 1746 1538 et
1769 1503 1828 1547 qui
1853 1504 1896 1538 de
1919 1505 2086 1545 secunda,
2113 1505 2197 1539 licet
2220 1507 2304 1540 ante
2352 1504 2459 1540 otalia

243 1551 363 1592 μένοις
395 1552 468 1583 τοῖς
501 1563 542 1584 τε
575 1547 647 1585 ἀπὸ
679 1551 742 1593 τῆς
772 1548 956 1597 δευτέρας,
992 1550 1023 1582 εἰ
1056 1553 1115 1583 καὶ
1146 1548 1217 1595 πρὸ
1244 1551 1322 1583 τῶν
1390 1549 1603 1584 documenta
1630 1548 1811 1592 procreati
1843 1553 1927 1583 sunt
1957 1554 1994 1584 et
2023 1550 2142 1584 nullus
2172 1553 2256 1594 post
2286 1560 2347 1585 eos
2378 1552 2460 1594 post

244 1592 440 1639 προικῴων
468 1594 699 1640 συμβολαίων
731 1596 897 1642 ἐγένοντο
928 1597 988 1628 καὶ
1016 1593 1138 1639 μηδεὶς
1167 1592 1229 1630 ἐπ’
1262 1592 1320 1628 αὖ·
1390 1594 1639 1629 documentum
1663 1593 1756 1628 dotis
1780 1597 1889 1628 natus
1913 1598 1985 1636 est,
2015 1597 2078 1629 aut
2107 1594 2214 1629 etiam
2238 1597 2344 1630 natus
2366 1605 2459 1629 mor—

243 1641 317 1672 τοῖς
338 1638 428 1683 μετὰ
451 1639 494 1673 τὸ
517 1639 736 1685 συμβόλαιον
766 1641 828 1683 τῆς
859 1638 1004 1687 προικὸς
1027 1641 1175 1683 ἐτέχθη,
1210 1636 1232 1682 ἢ
1262 1643 1322 1673 καὶ
1389 1642 1491 1683 tuus3
1526 1642 1561 1673 et
1591 1638 1771 1673 licentiam
1794 1638 1852 1673 lex
1875 1638 1908 1673 ei
1936 1643 2114 1683 praestat,
2145 1650 2214 1684 quo
2238 1640 2315 1674 vult
2337 1639 2459 1674 testari

243 1683 386 1726 τεχθεὶς
408 1682 621 1729 ἐτελεύτησε.
669 1688 730 1718 καὶ
759 1683 885 1719 ἄδειαν
909 1682 928 1719 ὁ
954 1684 1060 1729 νόμος
1092 1682 1191 1728 αὐτῷ
1215 1683 1320 1719 δίδω-
1336 1688 1377 1717 30
1389 1683 1493 1718 modo
1525 1683 1562 1718 in
1592 1693 1658 1718 sua
1681 1683 1820 1718 sobole:
1857 1687 1898 1718 ut
1924 1688 2041 1719 tamen
2065 1695 2136 1719 non
2160 1684 2317 1719 offendat
2339 1684 2377 1720 in
2395 1684 2458 1719 ali-

245 1740 305 1762 σιν
329 1726 372 1763 ὃν
393 1729 561 1774 βούλεται
586 1729 795 1765 διατιθέναι
818 1730 957 1777 τρόπον
977 1729 1022 1764 τὰ
1042 1728 1133 1764 κατὰ
1155 1730 1222 1773 τὴν
1246 1730 1321 1763 §av-
1414 1740 1460 1764 uo
1492 1729 1602 1773 leges,
1636 1738 1726 1772 quae
1755 1739 1921 1764 mensura
1953 1733 2051 1764 certa
2083 1729 2319 1765 successionis
2339 1739 2460 1764 omnes

244 1774 308 1807 τοῦ
338 1773 459 1821 γονήν,
490 1776 549 1809 ἵνα
578 1778 704 1820 μέντοι
733 1775 782 1819 μὴ
813 1774 1033 1822 προςκρούσῃ
1062 1773 1154 1809 κατά
1185 1788 1222 1809 τι
1249 1778 1323 1809 τοῖς
1390 1740 1481 1809 {lios
1504 1778 1644 1809 vocant.
1692 1773 1845 1809 Venient
1874 1774 1982 1819 igitur
2014 1776 2119 1809 etiam
2148 1775 2195 1809 ab
2227 1775 2395 1809 intestato
2425 1779 2461 1809 et

244 1816 382 1862 νόμοις,
413 1820 515 1866 οἵπερ
537 1823 659 1868 μέτρῳ
684 1820 782 1865 ῥητῷ
805 1821 867 1863 τῆς
893 1818 1058 1863 διαδοχῆς
1081 1817 1220 1854 πάντας
1241 1818 1322 1854 τοὺς
1393 1829 1436 1853 ex
1458 1822 1672 1854 testamento
1697 1819 1804 1861 (sicut
1832 1822 1867 1853 et
1890 1822 1993 1864 pater
2022 1823 2058 1854 et
2081 1820 2138 1854 lex
2160 1819 2347 1863 permittit)
2376 1829 2460 1864 pro-

245 1862 376 1899 παῖδας
398 1864 577 1899 καλοῦσιν.
626 1864 832 1899 ἐλεύσονται
861 1868 986 1899 τοίνυν
1017 1867 1076 1898 καὶ
1106 1865 1146 1905 ἐξ
1172 1862 1320 1899 ἀδιαθέ-
1389 1863 1459 1908 prii
1493 1864 1686 1899 existentes
1720 1866 1827 1908 atque
1857 1864 2019 1908 legitimi,
2055 1865 2306 1908 alterutrisque
2335 1874 2461 1900 succe-

244 1922 307 1942 του
330 1913 390 1943 καὶ
413 1911 452 1943 ἐκ
476 1908 662 1953 διαθήκης,
687 1907 857 1955 καθάπερ
874 1908 897 1943 ὅ
912 1923 952 1944 τε
970 1908 1089 1956 πατήρ
1110 1907 1130 1943 ὅ
1149 1923 1189 1944 τε
1211 1909 1254 1944 vo
1283 1921 1320 1943 os
1334 1912 1373 1945 35
1388 1909 1483 1944 dent.
1532 1908 1634 1952 Quod
1666 1908 1758 1943 enim
1788 1909 1885 1944 aliud
1916 1909 2155 1952 decernimus,
2189 1919 2269 1945 cum
2303 1909 2461 1945 sufficiat

246 1956 375 1999 ἐφίησι,
397 1952 540 2001 γνήσιοί
562 1969 602 1989 τε
621 1955 722 1990 ὄντες
739 1957 799 1988 καὶ
815 1952 972 1999 νόμιμοι,
992 1952 1160 1997 ἀλλήλους
1182 1968 1222 1989 τε
1246 1924 1319 1988 ‹iia-

245 1997 419 2039 ὃέξονται.
467 2003 526 2034 καὶ
556 2003 596 2034 τί
623 1999 690 2046 γὰρ
719 1999 765 2033 ἂν
793 2001 917 2046 ἕτερον
949 2004 1116 2046 φαίημεν,
1151 1997 1321 2047 ἀρκούσης

246 2123 325 2148 cum
353 2112 477 2149 eodem
508 2112 590 2148 loco
616 2123 687 2159 per
711 2112 832 2147 omnia
856 2111 1050 2147 habeamus
1077 2123 1174 2154 eum,
1206 2112 1270 2158 qui
1297 2112 1396 2147 intra
1419 2111 1552 2146 dictum
1578 2122 1602 2146 a
1630 2111 1735 2146 nobis
1759 2114 1826 2147 tem
1854 2122 1897 2147 us
1925 2112 2096 2147 incestam
2128 2123 2282 2148 uxorem
2311 2124 2386 2148 non
2409 2113 2460 2148 di-

245 2158 383 2200 mittat,
413 2168 492 2194 cum
514 2157 591 2200 illo,
615 2157 679 2203 qui
695 2160 784 2204 post
807 2156 902 2191 banc
925 2161 1087 2191 nostram
1110 2157 1223 2203 leqem
1247 2157 1400 2192 incestas
1423 2160 1459 2191 et
1480 2156 1616 2192 invisas
1638 2156 1787 2202 nuptias
1810 2168 1829 2191 e
1843 2167 1863 2192 e
1889 2156 1966 2192 erit.

379 2202 441 2239 IV.
491 2201 576 2238 Cum
608 2213 691 2238 vero
719 2202 758 2236 in
788 2200 1001 2247 quibusdam
1025 2202 1230 2247 provinciis
1259 2202 1366 2237 etiam
1391 2200 1569 2236 dubitatio
1595 2204 1677 2236 orta
1695 2201 1743 2236 sit
1765 2200 1810 2236 de
1833 2200 1860 2235 li
1882 2201 1954 2237 eris
1977 2212 2026 2237 ex
2048 2205 2175 2237 nostra
2206 2202 2461 2238 constitutione

247 2248 415 2294 leqitimis
434 2247 559 2294 factis,
576 2258 654 2294 par
677 2257 753 2282 esse
771 2257 839 2281 nos
864 2250 1045 2292 tamquam
1066 2246 1157 2292 leqis
1173 2250 1304 2292 patres
1326 2245 1562 2280 iudicavimus
1584 2245 1726 2291 aliquid
1746 2246 1780 2281 ei
1798 2245 1930 2281 addere
1952 2250 1987 2281 et
2008 2245 2147 2282 solvere
2164 2246 2205 2281 id
2226 2246 2270 2282 de
2320 2258 2365 2282 uo
2389 2247 2459 2282 dis-

247 2296 419 2340 ceptatur.
468 2291 610 2328 Etenim
641 2290 845 2327 huiusmodi
863 2290 1014 2326 consilio
1039 2290 1084 2325 ab
1114 2290 1218 2326 initio
1243 2290 1356 2336 leqem
1380 2290 1533 2325 tulimus.
1581 2290 1747 2336 Namque
1775 2291 1807 2325 si
1831 2291 1912 2336 quis
1940 2296 1976 2326 et
2004 2291 2243 2337 leqitimorum
2268 2291 2294 2326 li
2317 2303 2459 2327 erorum

245 2339 295 2374 sit
311 2343 421 2385 pater
443 2342 479 2373 et
500 2348 620 2373 uxore
641 2337 719 2372 eius
741 2347 791 2372 ex
814 2335 996 2371 hominum
1019 2335 1094 2370 vita
1119 2335 1271 2382 abrepta
1294 2335 1350 2371 vel
1372 2336 1480 2371 ctiam
1503 2334 1659 2381 leqitime
1690 2334 1839 2370 dimissa
1864 2346 1944 2370 cum
1967 2335 2042 2370 alia
2064 2336 2213 2371 muliere
2236 2336 2459 2372 consuetudi-

245 2394 325 2419 nem
348 2382 496 2426 Itabeat,
527 2393 636 2428 quam
661 2381 790 2417 licebat
814 2381 922 2416 etiam
945 2380 1102 2426 leqitime
1123 2391 1277 2416 uxorem
1301 2379 1449 2422 ducere,
1482 2390 1525 2419 ac
1549 2379 1652 2415 liberi
1675 2380 1709 2415 ei
1732 2384 1816 2415 ante
1844 2379 1984 2415 dotalia
2006 2380 2263 2422 instrumenta,
2293 2381 2326 2416 si
2355 2381 2460 2416 modo

245 2440 289 2464 ea
303 2428 448 2475 fecerit,
471 2426 527 2463 vel
544 2431 677 2474 postea
692 2426 770 2462 nati
784 2426 869 2467 sint,
893 2425 926 2460 si
947 2425 1020 2460 iam
1043 2425 1115 2461 soli
1136 2425 1320 2472 supersint
1342 2424 1447 2461 liberi
1469 2428 1554 2460 ante
1577 2424 1717 2460 dotalia
1740 2425 1977 2460 instrumenta
1999 2425 2089 2468 nati,
2112 2425 2280 2461 secundis
2301 2430 2367 2462 aut
2388 2437 2460 2462 nou

243 2473 447 2520 procreatis
468 2477 535 2508 aut
556 2476 756 2524 postquam
782 2471 860 2506 nati
879 2474 966 2505 sunt
987 2470 1159 2506 mortuis:
1187 2471 1345 2516 fuerunt
1367 2470 1431 2516 qui
1458 2469 1711 2506 existimarent
1732 2469 1910 2505 secundos
1934 2469 2068 2506 liberos
2090 2469 2269 2516 leqitimos
2290 2481 2367 2506 esse
2388 2482 2460 2506 non

243 2530 372 2566 posse,
410 2518 498 2564 quia
529 2528 579 2553 ex
634 2528 733 2553 more
764 2516 918 2562 coniuge
950 2515 1024 2551 iam
1055 2519 1226 2551 extarent
1255 2515 1320 2551 alii
1351 2515 1438 2551 iusti
1469 2518 1506 2550 et
1535 2514 1686 2561 leqitimi
1716 2514 1828 2550 liberi.
1883 2513 1991 2557 Quod
2021 2518 2146 2562 aptum
2180 2520 2215 2550 et
2250 2515 2460 2551 concinnum

245 2574 425 2600 conca-um
441 2562 580 2598 nullum
628 2562 719 2598 abet.
764 2561 860 2597 Nam
882 2560 914 2595 si
937 2560 1113 2596 eiusmodi
1132 2560 1266 2596 liberos
1287 2571 1356 2595 nos
1378 2560 1606 2606 confectione
1629 2559 1805 2595 dotalium
1827 2560 2145 2595 instrumentorum
2169 2560 2328 2596 contenti
2347 2560 2462 2595 iustos

245 2617 282 2645 et
308 2609 486 2661 leqitimos
508 2607 788 2648 declaravimus,
817 2616 935 2652 porro
957 2605 991 2640 si
1011 2605 1158 2652 priores
1180 2616 1324 2657 quoque
1347 2604 1495 2651 leqitimi
1513 2609 1616 2647 sunt,
1649 2604 1816 2650 leqitimis
1840 2603 2003 2639 omnibus
2024 2603 2161 2639 relictis
2174 2608 2287 2650 pater
2308 2604 2461 2639 moritur

248 2659 319 2690 tam
341 2654 388 2690 iis
410 2654 473 2700 qui
496 2663 546 2689 ex
562 2653 687 2700 prima
710 2662 830 2687 uxore
852 2650 931 2686 nati
953 2654 1039 2685 sunt
1066 2661 1174 2696 quam
1200 2661 1262 2696 qut
1286 2661 1336 2686 ex
1357 2649 1535 2692 secunda,
1567 2649 1652 2684 licet
1670 2653 1754 2684 ante
1776 2647 1915 2684 dotalia
1945 2649 2182 2684 instrumenta
2204 2648 2281 2683 nati
2301 2649 2375 2683 sint
2397 2660 2461 2684 nec

245 2699 342 2735 ullus
358 2702 555 2746 praeterea
575 2701 660 2745 post
682 2697 956 2732 instrumentum
979 2695 1075 2730 dotis
1092 2695 1142 2730 sit
1162 2695 1317 2741 qenitus,
1340 2694 1396 2731 vel
1417 2694 1523 2730 etiam
1546 2694 1610 2740 qui
1629 2694 1773 2740 qenitus
1794 2694 1844 2728 sit
1865 2692 2065 2728 decesserit.
2105 2694 2224 2738 Atque
2242 2693 2380 2728 veniam
2397 2693 2460 2728 dat

245 2745 279 2781 ei
298 2744 362 2781 lex
379 2754 452 2791 quo
468 2742 555 2779 velit
572 2741 679 2779 modo
697 2740 852 2777 testandi
869 2740 914 2776 de
933 2739 1039 2776 rebus
1057 2740 1108 2775 ad
1122 2751 1225 2776 suam
1243 2739 1402 2776 subolem
1416 2738 1678 2786 spectantibus:
1700 2749 1745 2774 ne
1766 2742 1882 2790 tamen
1899 2738 2041 2784 uspiam
2058 2737 2155 2784 leqes
2172 2737 2345 2783 offendat,
2369 2749 2461 2784 quae

246 2794 345 2826 certo
378 2788 486 2824 modo
513 2787 751 2824 successionis
782 2797 903 2822 omnes
933 2785 1066 2821 liberos
1094 2790 1235 2821 vocant.
1287 2784 1466 2821 Accedent
1492 2784 1506 2818 i
1532 2784 1606 2819 itur
1636 2788 1707 2819 tam
1738 2782 1782 2818 ab
1813 2786 1981 2818 intestato
2013 2793 2121 2828 quam
2155 2793 2205 2818 ex
2238 2787 2459 2825 testamento,

241 2838 358 2882 prom
379 2838 416 2870 et
430 2837 543 2881 pater
564 2837 601 2869 et
623 2832 687 2869 Iex
708 2831 908 2878 permittit,
931 2830 1017 2866 iusti
1039 2831 1103 2876 qui
1124 2830 1200 2886 sint
1220 2835 1256 2866 et
1279 2829 1445 2876 leqitimi,
1468 2829 1502 2864 si
1523 2829 1607 2875 ique
1632 2828 1781 2865 invicem
1807 2827 2007 2863 succedent.
2054 2826 2150 2870 Quid
2170 2827 2265 2863 enim
2285 2826 2387 2863 aliud
2407 2827 2461 2863 di-

291 2951 312 2984 3
325 2950 376 2990 τε]
388 2946 509 2982 τινὰᾼ
526 2951 537 2989 n
555 2950 577 2982 4
589 2944 671 2979 τινὰ
683 2948 779 2979 om.A
795 2944 801 2987 Ι
828 2938 886 2987 5Τ]
903 2958 979 2991 κεφ.
994 2943 1028 2988 β’
1042 2946 1199 2984 εοΙιο].Β·
1208 2958 1243 2990 p.
1255 2947 1319 2979 534
1389 2946 1408 2977 3
1432 2943 1593 2985 quasdum
1606 2943 1690 2976 R¹T
1700 2942 1713 2986 ΙΙ
1733 2944 1751 2975 5
1777 2942 1873 2974 etiam
1899 2954 1957 2974 om.
1970 2942 2003 2974 R
2014 2940 2032 2986 ,ΙΙ
2050 2944 2068 2974 '1
2095 2941 2321 2974 estimauimus
2333 2940 2367 2974 T
2378 2940 2459 2973 exti-

246 2995 350 3029 ΖαοΙι.
396 2993 449 3034 ἔν]
464 2991 562 3036 παρά
575 2992 603 3025 A
622 2991 634 3035 ΙΙ
652 2993 672 3025 6
685 2987 790 3023 διατά
813 2993 890 3032 εως]
910 2991 986 3025 Cod.
998 2992 1028 3031 5,
1045 2998 1091 3032 27,
1105 2998 1133 3025 11
1151 2989 1164 3034 ΙΙ
1179 2991 1322 3037 γενομέ·
1387 2988 1551 3021 mauimus
1572 2988 1606 3021 V
1622 2986 1882 3021 existimauimus
1898 2986 1932 3019 R
1951 2987 2037 3029 vulq.
2066 2985 2078 3029 ΙΙ
2107 2997 2141 3019 se
2163 2986 2284 3020 habers
2306 2985 2384 3027 (li-e
2404 2985 2458 3026 1⁷¹)

244 2993 391 3083 vva'l}
406 3040 424 3071 ’ί
439 3034 525 3080 ἡιιᾶς
535 3036 618 3080 ΜῦῙΙ
638 3034 926 3080 8προστεθεῖναι
941 3036 1019 3069 vel,
1031 3035 1043 3079 Η
1056 3030 1182 3069 αὐτὸΑ
1198 3035 1210 3079 ΙΙ
1229 3037 1249 3069 9
1261 3035 1321 3076 τῆς
1388 3036 1475 3067 recte
1499 3043 1558 3066 nos
1581 3034 1653 3075 (eos
1672 3032 1727 3072 V1)
1748 3030 1805 3074 Vn
1821 3033 1841 3065 8
1865 3032 1969 3074 patris
1990 3031 2044 3075 Vn
2062 3031 2170 3064 dicere
2191 3030 2270 3075 R¹fl
2290 3032 2328 3065 11
2353 3030 2459 3063 omni-

246 3098 303 3119 οπι.
317 3085 348 3118 A
366 3083 380 3127 ΙΙ
399 3085 438 3118 10
455 3072 505 3126 sq.
527 3084 588 3115 καὶ
607 3089 637 3115 et
656 3078 802 3114 παίδων
817 3094 874 3115 om.
896 3092 916 3117 ς
933 3079 946 3125 [Ι
965 3083 998 3114 11
1029 3077 1175 3114 παίδων
1190 3079 1243 3122 εἴη
1257 3081 1287 3113 A
1309 3080 1320 3122 l!
1388 3079 1449 3111 bus
1471 3081 1581 3111 autem
1600 3078 1648 3112 R*
1665 3076 1680 3121 ΙΙ
1699 3079 1736 3111 12
1759 3077 1976 3118 transsigente
2000 3077 2105 3118 (sigen
2123 3076 2228 3119 suppl.
2251 3075 2297 3108 V!
2319 3077 2352 3109 in
2373 3083 2457 3119 spat.

248 3131 288 3165 12
300 3126 608 3171 διαζευχθείσηςᾼ
621 3126 824 3167 transigente
837 3137 856 3162 ς
870 3125 884 3171 ΙΙ
906 3127 944 3160 13
961 3124 1054 3167 ἐξῆν]
1069 3124 1107 3166 ἐξ
1122 3125 1169 3159 L¹
1181 3124 1321 3165 ἔξεστιν
1388 3136 1469 3165 vac„
1490 3125 1505 3157 i
1528 3125 1643 3156 seunte
1667 3135 1693 3155 s.
1708 3135 1739 3155 υ.
1753 3121 1816 3163 3²)
1840 3121 1872 3154 R
1882 3121 1916 3154 V
1932 3123 2123 3154 transeunte
2148 3121 2204 3164 Tu
2225 3122 2264 3154 13
2289 3121 2387 3153 etiam
2400 3132 2458 3153 om.

245 3183 345 3219 αὐτῶ
364 3183 440 3230 υιι
463 3186 502 3219 14
524 3180 695 3230 ἄγεσθαι]
720 3179 911 3215 tuocum
926 3180 939 3225 ιι
956 3172 1076 3227 γένοιτ
1091 3181 1123 3214 L
1141 3180 1154 3225 ιι
1173 3183 1211 3215 15
1237 3177 1318 3225 πρὸ]
1396 3167 1453 3214 Vll
1474 3171 1514 3203 ¹4
1537 3168 1745 3208 documenta]
1777 3167 1996 3218 instrumenta
2016 3166 2092 3218 R'l
2114 3168 2153 3200 ¹5
2177 3167 2299 3207 tamen]
2329 3166 2457 3217 tantum

245 3227 267 3274 ἦ
296 3229 366 3275 πρὸ
386 3230 455 3271 Ag,
477 3232 561 3273 sort·
587 3235 670 3262 recte
699 3227 712 3271 ΙΙ
743 3228 781 3262 15
817 3226 848 3259 εἰ
876 3228 947 3267 καὶ]
983 3222 1007 3268 ἢ
1037 3227 1096 3258 καὶ
1120 3226 1151 3259 L
1178 3225 1191 3269 n
1221 3226 1319 3268 ems,
1397 3213 1438 3246 V·
1463 3215 1534 3246 tum
1555 3212 1607 3246 1⁷³
1633 3213 1645 3256 ΙΙ
1676 3213 1736 3257 leq.
1758 3210 1896 3244 secent?
1919 3211 1932 3254 Η
1961 3212 1999 3245 18
2019 3213 2256 3244 estimauerunt
2277 3210 2457 3243 Vextima-

245 3288 342 3309 νοιεν
367 3276 444 3309 utri
470 3275 482 3317 ιι
512 3275 552 3308 18
577 3268 756 3315 ὦήοησαν
780 3272 864 3312 ML]
898 3267 1084 3314 ὑπέλαβον,
1101 3271 1131 3304 A
1161 3269 1174 3315 ιι
1204 3271 1243 3304 19
1271 3267 1320 3313 μὴ
1387 3260 1512 3347 {322⁶
1522 3258 1570 3336 g}
1590 3256 1912 3346 'fxggingffiggtofj
1941 3253 2457 3342 ivwal‘ii‘issiissiqssssmssfii

1388 3361 1446 3382 om.
1467 3348 1501 3381 R
1518 3347 1531 3391 ιι
1545 3348 1671 3390 proprii
1697 3357 1735 3380 ex
1759 3355 1860 3379 uxore
1882 3345 1945 3378 fini
1966 3327 2001 3379 ν’
2018 3345 2030 3389 ιι
2051 3347 2090 3379 21
2118 3347 2204 3378 recte
2225 3342 2297 3386 νυιι
2321 3342 2369 3384 si]
2393 3343 2455 3374 scu

1387 3394 1420 3427 R
1436 3392 1448 3437 ΙΙ
1467 3394 1509 3427 25
1524 3393 1560 3424 in
1574 3406 1631 3426 om.
1647 3392 1681 3426 R
1696 3391 1708 3436 ΙΙ
1726 3390 1893 3434 legitimus
1910 3389 2025 3434 R¹Vu
2082 3391 2131 3422 ter
2145 3388 2190 3429 R]
2212 3387 2308 3420 etiam
2327 3389 2420 3429 pater
2430 3387 2460 3420 V

445 3476 459 3483 -
624 3476 632 3486 ,
948 3463 971 3483 ν
1115 3474 1123 3482 ,
1297 3474 1304 3483 ,
1387 3438 1473 3481 υιι19.
1492 3440 1504 3481 fl
1521 3439 1563 3471 26
1582 3437 1641 3479 qui
1653 3437 1705 3478 de]
1725 3447 1765 3479 q·
1777 3436 1820 3470 V¹
1838 3434 1851 3480 ΙΙ
1865 3435 2021 3489 dotaliJn
2067 3435 2106 3467 27
2129 3431 2191 3477 '¹¹²⁸
2208 3441 2287 3475 pecs
2305 3433 2391 3474 (post
2402 3441 2456 3464 eos

246 3485 308 3530 ‘2‘
329 3487 479 3562 titt·
501 3472 787 3563 {tttffss‘ntl
803 3475 1064 3563 Ξὶἵῑνῑῖῖῖὲἳ»
1078 3473 1151 3550 ‘22⁶2‘
1170 3471 1232 3550 *θ’
1247 3474 1318 3560 ’11¹‘ss
1386 3482 1785 3570 113''.⁹.:’⁸t‘¹02s0¹.¹‡3:.2
1792 3481 1895 3559 222².-
1909 3476 2455 3567 nistret-lizffrnnssz

246 3532 365 3597 Ζῖζοῖς
386 3565 416 3597 L
445 3565 458 3607 11
486 3567 527 3598 32
552 3565 612 3598 ἴνα
637 3565 720 3605 ML]
744 3560 840 3606 πλὴν
862 3563 892 3596 A
921 3562 934 3604 n
961 3559 1205 3608 προσκρούσας
1228 3560 1319 3595 κατά
1386 3527 1457 3605 σπι
1470 3538 1524 3605 R?
1540 3538 1693 3612 'uzantug
1721 3571 1765 3604 V¹
1788 3573 1860 3603 tum
1880 3567 1963 3614 V⁸ss
1985 3569 2034 3610 in]
2057 3569 2091 3600 „t
2113 3546 2157 3598 in’
2174 3566 2207 3598 R
2232 3565 2244 3607 u
2268 3565 2305 3599 31
2347 3575 2420 3606 ege„
2434 3579 2451 3595 ,

246 3610 328 3642 ‘uA
347 3608 360 3652 ῃ
376 3611 418 3661 33
430 3622 477 3651 ιη.
494 3608 639 3661 καλοῦσι
662 3607 743 3661 ‘tous
765 3604 897 3642 παῖδας
908 3608 938 3640 Α
957 3607 969 3651 ΙΙ
986 3610 1027 3641 34
1044 3610 1103 3640 καὶ
1122 3615 1196 3661 agne
1207 3606 1244 3646 ἐξ
1259 3619 1317 3639 om.
1386 3626 1469 3659 quae
1481 3617 1515 3649 R
1539 3616 1545 3661 Ι
1561 3619 1649 3650 certa
1662 3628 1720 3650 om·
1731 3616 1775 3649 γι
1792 3615 1805 3659 ΙΙ
1820 3616 1862 3649 32
1876 3615 1981 3656 igitur
1992 3612 2088 3646 „fiam
2102 3623 2159 3644 om·
2168 3610 2217 3643 12¹
2233 3609 2246 3652 fl
2264 3611 2307 3644 33
2315 3622 2362 3652 ,qn
2378 3619 2453 3652 pro,

246 3654 278 3688 Δ
294 3654 308 3697 u
326 3656 609 3704 35-οξζτςομοε]
627 3656 688 3704 ,καὶ
706 3666 726 3687 ⁰
749 3650 898 3696 νόμοσΑ
914 3651 990 3704 ΙΙὲβ
999 3649 1318 3704 Ῑόμςιχλλουερέ
1383 3662 1451 3705 prii
1475 3681 1517 3685 —
1546 3661 1720 3695 succedent
1749 3673 1786 3693 ω
1810 3660 1856 3704 pt.
1879 3658 1930 3693 ις*
1948 3659 1981 3692 tn
2005 3668 2071 3690 m.
2096 3656 2191 3688 unfus
2212 3656 2289 3698 sm
2311 3667 2419 3689 „mus
2442 3655 2455 3703 ιι

251 3701 473 3753 ’'s-tempus]
502 3702 825 3743 duorum'ffnnorum
850 3709 927 3743 add.
952 3707 1001 3742 12³
1027 3707 1041 3754 ΙΙ
1069 3709 1209 3743 incon·
1233 3708 1281 3743 R¹
1305 3707 1317 3752 Η
1386 3707 1429 3742 34
1452 3706 1710 3749 alterutriusque
1730 3704 1787 3750 Vll
1803 3706 1845 3739 35
1869 3701 1966 3743 Quod
1987 3700 2070 3742 RV]
2090 3699 2179 3740 Quid
2199 3699 2283 3745 vulq.

247 3321 306 3362 M]
339 3317 381 3354 οὗ
410 3320 474 3354 LA
499 3318 695 3398 ΙΜνησίως
719 3317 750 3350 L
776 3315 788 3360 ss
813 3318 855 3350 20
889 3317 1076 3362 προτέρας]
1112 3314 1232 3361 ἑτέρας
1256 3316 1286 3348 L
1309 3314 1321 3404 Η

247 3366 289 3398 22
327 3367 466 3407 σε’χειαν
545 3367 563 3386 ⁶
597 3360 798 3405 συνήθειαν
826 3362 857 3394 Α
895 3359 908 3405 ΙΙ
941 3363 984 3396 24
1025 3358 1217 3404 συμβόλων
1246 3361 1278 3393 L

247 3411 290 3443 25
314 3411 454 3454 πρῶτοι
477 3407 679 3442 ‚caesaram
702 3408 761 3440 καὶ
786 3406 845 3440 ἐπὶ
862 3406 892 3439 Α
916 3407 971 3450 (cst
991 3408 1022 3445 ς)
1041 3404 1054 3450 ΙΙ
1070 3407 1113 3440 26
1136 3405 1197 3447 τῆς
1221 3403 1318 3450 πρώ-
