2618 4010
166 123 447 167 ELECTIQNEM
477 121 690 152 HABEANT
1269 104 1309 151 11
2141 108 2248 150 Nov.
2281 109 2322 150 ΙΙ
2352 122 2411 162 pr.

163 224 217 266 τῷ
242 219 357 257 παιδί.
400 218 440 254 οὗ
464 220 536 266 μὴν
562 222 638 263 ζῶν
661 217 680 254 ὁ
706 225 790 255 παῖε,ι
816 218 905 268 αὐτῇ
932 217 1140 261 διετέλεσεν,
1166 216 1248 253 ἀλλ’
1320 219 1406 254 filio.
1456 219 1525 263 Qui
1549 230 1621 254 non
1646 222 1765 254 tamen
1791 220 1910 255 vivens
1936 219 1966 254 ei
1991 219 2204 264 permansit,
2239 219 2300 254 sed
2326 220 2414 254 obiit

162 267 308 303 ἄπεισιν
332 268 371 308 ἐξ
393 263 624 313 ἀνθρώπιον,
650 269 737 312 πρὶν
757 267 805 300 εἰς
822 264 1005 313 δευτέρους
1022 264 1148 300 ἐλθεῖν
1171 270 1251 305 βου·
1321 276 1365 300 ex
1395 264 1617 307 hominibus,
1650 267 1842 309 antequam
1875 265 1920 299 ad
1953 265 2129 300 secundas
2160 265 2279 300 venire
2310 265 2415 300 vellet

163 312 322 356 ληθῆναι
345 310 412 356 τὴν
435 317 573 359 μητέρα
596 309 736 358 γάμους.
776 315 848 344 Καὶ
867 308 926 358 ὅγε
951 311 1060 356 νόμος
1083 307 1104 346 ὅ
1128 324 1168 344 τε
1192 308 1251 357 ἀρ·
1322 310 1466 355 nuptias
1500 312 1622 345 mater.
1680 310 1730 344 Et
1764 311 1822 345 lex
1859 314 1933 344 tam
1969 311 2116 355 antiqua
2150 321 2256 356 quam
2289 314 2414 346 nostra

161 361 257 401 χαῖος
281 354 303 392 ὅ
323 371 363 391 τε
379 354 544 405 ἡμέτερος
565 356 731 391 ἐκάλεσεν
755 356 881 403 ἄμφω,
907 356 975 400 τήν
992 370 1031 392 τε
1046 355 1161 391 παῖδα
1186 358 1252 399 τήν
1322 355 1462 391 vocavit
1486 355 1621 398 ambas,
1647 357 1683 390 et
1706 355 1816 390 filiam
1842 360 1876 390 et
1900 360 2059 398 matrem,
2089 356 2133 391 ad
2159 356 2306 391 minoris
2331 367 2413 391 suc-

161 417 200 438 τε
223 406 378 449 μητέρα,
412 402 499 450 πρὸς
522 401 589 446 τὴν
615 403 677 436 τοῦ
711 406 792 437 νεόυ
818 400 999 447 διαδοχήν.
1050 405 1122 436 Καὶ
1152 403 1252 446 εἴπερ
1288 405 1305 436 5
1323 402 1528 437 cessionem.
1577 401 1628 436 Et
1652 401 1682 436 si
1707 401 1851 444 quidem
1876 401 1912 437 in
1938 402 2116 445 prioribus
2142 406 2255 436 mater
2278 402 2414 446 nuptiis

161 452 234 483 τοῖς
265 451 450 495 προτέροις
474 445 495 491 ἦ
517 448 634 494 μήτηρ
659 450 809 493 ἐπέμενε
832 447 974 495 γάμοις,
1007 446 1114 482 οὐδὲν
1140 445 1186 481 ἂν
1209 448 1251 482 τὸ
1321 447 1588 492 permansisset,
1615 446 1713 481 nulla
1736 447 1897 491 quaestio
1920 447 2049 481 fuerat.
2096 447 2165 482 Sed
2189 447 2251 482 illa
2273 447 2414 492 quidem

162 491 379 538 ζητούμενον
403 495 454 536 ἢν.
495 491 576 528 ἀλλ’
605 493 626 536 ἡ
649 496 716 538 μὲν
740 495 788 528 εἰς
812 490 943 540 ἀνδρὸς
968 496 1150 540 ἐπείγεται
1175 491 1250 527 δευ-
1324 492 1371 527 ad
1395 492 1510 527 virum
1536 491 1722 527 descendit
1745 492 1959 534 secundum,
1985 503 2087 527 usum
2112 493 2172 537 qui
2197 493 2315 528 fuerat
2339 504 2413 528 om-

161 543 273 585 τέρου,
297 537 364 582 τὴν
378 541 449 591 μὲν
464 541 590 584 χρῆσιν
607 537 756 574 ἅπασαν
774 541 902 582 ἔχουσα
925 541 986 583 τῆς
1010 543 1252 586 προγαμιαίας
1324 548 1404 572 nem
1430 538 1567 573 habens
1593 538 1848 583 antenuptialis
1874 537 2097 573 donationis:
2131 538 2183 573 sic
2216 539 2309 573 enim
2335 549 2414 574 eam

161 583 309 631 δωρεᾶς·
342 583 438 618 οὕτω
470 584 537 632 γὰρ
572 583 685 629 αὐτὴν
710 588 769 618 καὶ
795 582 1008 631 ἐδεδώρητο,
1042 583 1100 630 ἐφ’
1129 583 1158 627 ᾧ
1183 585 1252 628 την
1323 584 1430 618 etiam
1456 583 1612 626 donavit,
1638 585 1678 618 ut
1703 594 1790 618 usus
1817 583 1958 628 quidem
1982 583 2079 627 apud
2100 594 2178 618 eam
2203 588 2414 626 remaneret,

159 633 227 676 μὲν
249 631 376 676 χρῆσιν
401 628 491 676 παρ’
520 627 611 673 αὐτῆ
636 634 769 673 με’νειν,
800 629 867 674 την
892 628 1109 665 δεσποτείαν
1133 629 1173 664 δὲ
1195 644 1250 675 γε·
1270 633 1308 665 10
1322 629 1525 674 proprietas
1558 633 1678 664 autem
1710 629 1813 664 fieret
1843 628 1939 673 apud
1972 628 2094 663 filium.
2151 629 2298 664 Omnem
2330 640 2414 665 vero

160 676 293 709 νέσθαι
318 674 417 723 παρὰ
435 678 488 719 τῷ
508 666 623 711 παιδί.
662 678 722 720 τῆς
738 674 951 710 δεσποτείας
975 674 1014 708 δὲ
1039 673 1059 718 ή
1084 678 1168 710 παῖς
1191 675 1250 709 ἀν·
1322 675 1578 720 proprietatem
1603 674 1678 709 filia
1709 674 1894 720 percipere
1927 674 2148 718 minabatur,
2183 685 2254 709 non
2287 686 2413 710 secun-

160 719 383 766 τιλήψεσθαι
408 720 521 764 πάσης
552 720 706 761 ἀπειλεῖ,
737 718 776 755 οὗ
810 718 902 754 καθ’
929 716 1016 754 ὅσον
1041 719 1253 765 κληρονομεῖ
1322 720 1405 754 dum
1442 722 1617 764 quantum
1652 720 1757 755 heres
1805 723 1882 755 erat
1923 720 2065 762 fratris,
2111 720 2175 755 sed
2218 721 2414 755 secundum

161 769 225 800 τοῦ
249 764 425 810 ἀδελφοῦ,
449 765 540 801 ἀλλὰ
565 766 656 802 καθ’
684 764 771 801 ὅσον
796 763 815 800 ὁ
840 765 960 811 πατὴρ
986 764 1182 800 ἐπιδέδωκε
1206 768 1252 814 τῇ
1323 769 1496 808 quantum
1519 770 1622 810 pater
1642 766 1791 801 dederat
1809 765 1927 807 matri,
1952 765 2074 800 dicens
2094 766 2228 800 nullam
2247 766 2414 800 fiduciam

158 815 277 858 μητρί,
293 810 478 857 φάσκουσα
495 811 677 857 μηδεμίαν
696 815 904 858 παρρησίαν
920 813 1014 853 ἔχειν
1031 811 1099 854 τὴν
1114 815 1251 858 μητέρα
1322 811 1455 846 habere
1480 814 1630 846 matrem
1656 811 1702 846 ad
1730 811 1889 847 secunda
1908 815 1991 846 vota
2019 811 2229 855 migrantem
2253 812 2413 856 proprie-

160 855 335 903 δευτέροις
360 855 559 901 ὁμιλοῦσαν
589 858 712 905 γάμοις
735 856 802 899 τὴν
832 855 1049 890 δεσποτείαν
1074 858 1168 898 ἔχειν
1191 859 1252 899 τῆς
1268 860 1305 891 15
1322 859 1433 891 tatem
1458 857 1590 892 habere
1615 856 1820 892 donationis
1846 867 2070 901 quacumque
2091 857 2239 891 ratione.
2282 858 2414 892 Verum

160 901 295 950 δωρεᾶς
318 901 412 937 καθ)
440 903 516 938 οἷον
541 903 675 947 δήποτε
707 900 824 949 λόγον.
870 899 965 935 Ἀλλ’
993 898 1013 945 ή
1038 901 1154 949 μήτηρ
1186 900 1250 936 οὐκ
1322 906 1436 936 mater
1467 913 1693 947 nequaquam
1725 903 1795 938 hoc
1825 902 2108 948 antenuptialem
2141 913 2219 937 esse
2250 902 2414 938 donatio-

160 950 214 982 ἔτι
242 950 349 983 τοῦτο
374 953 621 996 προγαμιαιάν
645 949 738 982 εἶναι
759 945 900 995 δωρεὰν
929 946 1118 981 παντελῶς
1145 946 1249 988 ἀξιοῖ,
1321 957 1401 981 nem
1435 948 1578 982 omnino
1611 948 1834 990 affirmabat,
1867 948 1930 983 sed
1961 948 2174 993 permixtam
2204 948 2273 982 iam
2307 950 2415 984 rebus

160 994 480 1038 συναναμεμίχθαι
502 993 541 1028 δὲ
558 992 623 1037 ἤδη
641 997 714 1027 τοῖς
731 992 916 1040 πράγμασι
937 994 998 1026 τοῦ
1026 991 1164 1035 παιδός,
1190 996 1250 1026 καὶ
1321 992 1402 1034 filii,
1437 997 1472 1027 et
1503 997 1684 1038 tamquam
1715 993 1942 1037 hereditatis,
1979 1005 2052 1029 11011
2082 993 2203 1029 adhue
2233 998 2413 1037 tamquam

162 1037 208 1073 ως
232 1038 480 1085 κληρονομίας,
511 1036 592 1073 ἀλλ’
618 1036 682 1081 οὐχ
707 1038 754 1073 ὠς
778 1036 913 1083 δωρεᾶς
937 1037 1043 1081 ου’σης
1067 1039 1121 1072 ἔτι
1147 1050 1247 1085 προς·
1321 1037 1523 1073 donationis
1558 1039 1741 1074 existentis
1774 1043 1973 1084 competere
2006 1039 2038 1074 ei
2069 1050 2132 1074 sex
2163 1039 2349 1074 unciarum
2381 1044 2415 1073 et

160 1084 258 1128 ήκειν
284 1082 373 1132 αὐτῇ
397 1085 460 1119 τοῦ
485 1085 689 1131 ἑξαουγγιόυ
714 1082 781 1127 τήν
804 1097 844 1118 τε
877 1082 1094 1118 δεσποτείαν
1118 1084 1186 1128 τήν
1210 1097 1249 1118 τε
1264 1086 1305 1118 20
1321 1083 1579 1127 proprietatem
1610 1087 1646 1119 et
1676 1096 1779 1120 usum
1810 1085 1954 1120 habere.
2012 1085 2062 1119 Et
2095 1096 2167 1120 non
2201 1085 2315 1120 solum
2346 1085 2415 1120 hoc

160 1133 284 1175 χρῆσιν
302 1132 405 1172 ἔχειν.
439 1133 510 1162 Καὶ
531 1128 571 1164 οὐ
591 1131 699 1164 τοῦτο
715 1127 829 1174 μόνον
843 1126 1139 1175 ἀμφισβητεῖται,
1160 1128 1251 1163 ἀλλὰ
1322 1129 1575 1172 dubitabatur,
1618 1130 1681 1164 sed
1717 1130 1823 1173 etiam
1861 1130 1904 1165 de
1939 1131 2019 1175 ipsa
2054 1130 2256 1165 hereditate
2291 1130 2415 1165 fratris

161 1179 219 1209 καὶ
244 1179 325 1222 περὶ
351 1173 459 1208 αὐτοῦ
485 1177 549 1209 τοῦ
573 1174 701 1221 κλήρου
727 1177 790 1209 τοῦ
813 1173 970 1221 ἀδελφοῦ
988 1174 1076 1223 πρὸς
1097 1173 1210 1219 αὐτὴν
1230 1171 1251 1218 ἡ
1323 1178 1448 1209 contra
1473 1184 1551 1209 eam
1576 1175 1650 1209 filia
1674 1175 1942 1218 reluctabatur,
1968 1179 2081 1211 matre
2106 1176 2247 1220 quidem
2272 1178 2415 1220 petente

161 1224 243 1255 παῖς
267 1219 489 1264 διαμάχεται,
514 1222 575 1264 τῆς
597 1223 665 1264 μὲν
688 1220 821 1267 μητρὸς
845 1218 1011 1264 ἀξιούσης
1037 1218 1146 1254 αὐτοῦ
1170 1219 1249 1263 κλη-
1322 1220 1398 1255 cius
1423 1220 1659 1255 hereditatem
1691 1232 1758 1265 pro
1784 1221 1900 1256 media
1924 1225 2046 1265 parte,
2080 1222 2276 1257 secundum
2309 1233 2415 1267 quam

159 1268 324 1312 ρονομεῖν
350 1264 443 1299 κατὰ
473 1265 540 1308 τὴν
570 1263 738 1310 ἡμίσειαν
768 1269 900 1314 μοῖραν
932 1263 1040 1308 (καθ’
1067 1263 1113 1311 ἣν
1137 1264 1251 1309 αὐτὴν
1321 1276 1400 1300 eam
1434 1276 1499 1301 nos
1531 1265 1578 1300 ad
1609 1266 1843 1302 hereditatem
1876 1266 1939 1301 filii
1975 1267 2193 1310 vocavimus,
2227 1278 2300 1302 una
2342 1267 2414 1302 exi-

162 1312 256 1354 ημεῖς
279 1313 339 1345 ἐπὶ
363 1310 430 1345 τὸν
446 1310 576 1359 κλῆρον
600 1314 663 1346 τοῦ
682 1311 812 1347 παιδὸς
831 1311 1022 1356 καλοῦμεν,
1047 1313 1129 1354 μιᾶς
1146 1311 1251 1354 οὔσης
1266 1315 1306 1345 25
1322 1315 1438 1346 stente
1463 1322 1588 1347 sorore
1611 1312 1778 1347 morienti
1802 1312 1875 1347 filio
1901 1323 1981 1347 cum
2007 1322 2049 1347 ea
2070 1317 2215 1357 vocata3
2240 1313 2315 1348 filia
2334 1324 2415 1348 vero

157 1355 310 1402 ἀδελφῆς
334 1358 388 1400 τῷ
413 1355 668 1400 τελευτήσαντι
684 1356 799 1399 παιδί,
825 1359 886 1401 τῆς
903 1353 983 1401 μετ’
1005 1355 1112 1400 αὐτῆς
1126 1356 1249 1391 καλου·
1322 1357 1484 1392 obtinere
1509 1357 1744 1392 hereditatem
1768 1357 1892 1393 fratris
1917 1357 2019 1392 valde
2052 1358 2194 1393 fortiter
2219 1368 2262 1392 ex
2287 1358 2415 1403 priori-

157 1405 292 1446 μένης),
316 1404 376 1445 τῆς
401 1402 440 1436 δὲ
463 1401 592 1437 παιδὸς
609 1404 760 1445 ἔχεσθαι
777 1405 840 1439 τοῦ
856 1402 985 1449 κλήρου
1005 1404 1068 1437 τοῦ
1094 1401 1250 1448 ἀδελφοῦ
1322 1403 1390 1438 bus
1424 1403 1673 1440 sanctionibus
1705 1403 1893 1438 insistente
1924 1407 1959 1438 ct
1984 1403 2145 1446 dicente,
2181 1404 2266 1448 quia
2290 1409 2415 1445 mater,

156 1445 253 1491 μάλα
285 1448 436 1493 ἰσχυρῶς
469 1449 507 1481 ἐκ
538 1450 616 1483 τῶν
648 1449 862 1495 (ἔμπροσθεν
895 1449 1250 1494 νενομοθετημένων
1322 1448 1352 1482 si
1385 1448 1526 1492 quidem
1559 1449 1604 1483 ad
1637 1449 1816 1484 secundas
1841 1449 1987 1494 nuptias
2011 1460 2085 1484 non
2109 1449 2286 1492 venisset,
2318 1454 2417 1484 recte

157 1495 400 1536 ἐνισταμένης,
435 1492 637 1539 φασκούσης
662 1492 729 1538 τήν
751 1508 791 1541 γε
814 1497 961 1540 μητέρα,
986 1495 1018 1527 εἰ
1040 1496 1107 1538 μὲν
1133 1493 1248 1528 δευτέ-
1321 1493 1521 1529 vindicaret
1546 1494 1780 1529 hereditatem
1804 1494 1878 1538 filii,
1903 1495 2103 1530 venientem
2127 1505 2210 1529 vero
2235 1495 2282 1530 ad
2303 1495 2417 1530 virum

157 1549 229 1585 ροις
259 1537 309 1582 μὴ
337 1534 516 1582 ὁμιλήσειε
546 1537 688 1586 γάμοις,
719 1538 845 1586 ὀρθῶς
876 1537 1154 1574 ἀντιποιεῖσθαι
1184 1542 1249 1574 τοῦ
1264 1543 1305 1574 30
1321 1540 1472 1574 alterum
1505 1540 1648 1575 omnino
1681 1540 1817 1584 privari
1846 1541 1920 1583 his,
1953 1551 2045 1585 quae
2078 1551 2121 1575 ex
2154 1544 2307 1585 paterna
2332 1541 2416 1575 sub-

157 1582 284 1630 κλήρου
307 1585 372 1618 τοῦ
397 1583 536 1626 παιδός,
562 1584 830 1631 ἀφικνουμένην
847 1583 887 1619 δὲ
902 1586 949 1619 εἰς
972 1584 1102 1629 ἀνδρὸς
1127 1586 1249 1632 ἑτέρου
1320 1585 1453 1620 stantia
1474 1585 1569 1620 filius
1592 1586 1799 1630 acquisivit,
1821 1586 1905 1631 quia
1922 1586 1951 1621 si
1969 1590 2052 1630 post
2072 1586 2251 1621 secundas
2272 1586 2417 1630 nuptias

158 1630 311 1664 πάντων
335 1627 576 1677 ἀφαιρεῖσθαι
595 1632 672 1665 τῶν
689 1628 758 1666 ὅσα
782 1633 822 1664 ἐκ
846 1632 906 1675 τῆς
930 1630 1105 1677 πατρῴας
1129 1628 1250 1665 οὐσίας
1319 1631 1415 1666 filius
1432 1633 1594 1666 mortuus
1615 1635 1720 1674 esset,
1736 1632 1983 1676 undecumque
2005 1632 2182 1675 acquisita
2203 1636 2258 1667 est
2280 1632 2312 1666 ei
2331 1632 2415 1666 sub-

157 1672 176 1709 ὁ
202 1677 285 1709 παῖς
309 1672 499 1718 ἐκτήσατο,
524 1673 572 1710 οἷς
597 1677 667 1723 εἴγε
690 1675 782 1721 μετὰ
806 1676 871 1711 τὸν
897 1674 1066 1722 δεύτερον
1090 1676 1205 1723 γάμον
1230 1675 1249 1710 ὁ
1321 1677 1466 1718 stantia,
1492 1676 1571 1721 ipsa
1596 1681 1692 1712 esset
1717 1677 1881 1712 domina:
1908 1678 1978 1712 hoc
2001 1677 2321 1712 constitutionibus
2342 1688 2415 1711 am-

157 1723 241 1755 παῖς
265 1718 482 1764 ἐτελεύτησε,
507 1726 566 1755 καὶ
591 1724 651 1765 τῆς
666 1718 759 1757 ὅθεν
775 1720 908 1766 δήποτε
934 1723 1129 1765 κτηθείσης
1148 1719 1248 1766 αὐτῷ
1320 1722 1436 1757 babus
1461 1722 1676 1764 volentibus,
1702 1733 1793 1768 quae
1819 1723 1906 1757 talia
1931 1723 2149 1758 discernunt.
2195 1723 2313 1758 Mater
2339 1723 2416 1767 qui-

157 1770 363 1809 περιουσίας
387 1766 517 1810 ἑαυτην
536 1766 581 1800 ἄν
599 1768 775 1814 γενέσθαι
793 1772 937 1813 κυρίαν·
963 1769 1070 1802 τοῦτο
1085 1770 1162 1801 τῶν
1173 1766 1248 1802 δια·
1264 1771 1304 1802 35
1321 1768 1400 1802 dem
1432 1767 1535 1803 valde
1568 1768 1762 1803 crudeliter
1794 1769 1926 1803 habere
1961 1768 2235 1803 constitutiones
2267 1769 2348 1804 illas
2382 1771 2418 1803 et

157 1810 299 1852 τάξεων
322 1809 541 1865 ἀμφοτέρων
557 1812 799 1858 βουλομένων,
826 1814 865 1847 αἳ
883 1813 928 1847 τὰ
945 1815 1097 1847 τοιαῦτα
1115 1811 1252 1860 διακρί-
1319 1814 1462 1857 indigne
1494 1813 1685 1849 clementia
1717 1815 1924 1849 nostrorum
1960 1818 2158 1858 temporum
2202 1814 2416 1855 affirmabat,

157 1869 291 1891 νουσιν.
343 1861 384 1890 Η
403 1855 446 1891 δέ
470 1871 510 1905 γε
540 1860 658 1905 μήτηρ
689 1858 846 1903 μάλιστα
875 1861 944 1904 μὲν
975 1856 1124 1902 ἀπηνῶς
1154 1860 1248 1901 ἔχειν
1319 1861 1564 1894 verumtamen
1601 1870 1668 1894 usa
1704 1863 1758 1895 est
1797 1870 1819 1894 a
1852 1860 1955 1895 nobis
1994 1860 2112 1904 posita
2150 1860 2416 1901 constitutione,

157 1902 220 1936 τὰς
243 1901 424 1943 διατάξεις
441 1905 577 1938 ἐκείνας
601 1908 661 1938 καὶ
686 1903 843 1945 ἀναξίως
860 1906 938 1939 τῶν
963 1903 1250 1951 φιλανθρώπων
1320 1905 1442 1941 dicens
1468 1905 1561 1939 hanc
1588 1916 1659 1941 non
1684 1905 1862 1941 subdividi
1885 1905 2204 1941 constitutionibus
2227 1905 2416 1951 prioribus

157 1945 262 2001 ημῶν
288 1949 506 1994 ἰσχυρίζεται
529 1949 687 1995 χρόνων·
713 1949 809 1994 πλην
825 1948 915 1984 ἀλλὰ
938 1951 1066 1997 χρῆται
1085 1952 1131 1998 τῇ
1156 1948 1247 1995 παρ’

158 1994 263 2037 ημῶν
286 1994 438 2040 τεθείσῃ
463 1993 638 2036 διατάξει,
664 1994 815 2042 λε’γουσα
835 1993 974 2039 ταύτην
998 1995 1062 2037 οὐχ
1086 1993 1250 2030 ὑποδιαι-
1267 2000 1309 2031 40

159 2039 308 2084 ρεῖσθαι
339 2043 416 2073 ταῖς
450 2039 635 2081 διατάξεσι
668 2044 745 2075 ταῖς
772 2040 954 2087 πρώταις,
987 2040 1071 2075 οὐδὲ
1103 2040 1164 2075 τὰς
1187 2044 1255 2085 μὲν

158 2155 213 2189 illi
243 2154 468 2201 supervixit,
500 2153 565 2190 sed
587 2165 607 2190 e
631 2154 704 2190 vita
728 2155 902 2195 excessit,
936 2159 1133 2201 antequam
1165 2160 1282 2191 mater
1312 2156 1492 2191 secundas
1524 2157 1675 2202 nuptias
1705 2157 1800 2192 inire
1823 2156 1937 2192 vellet.
1986 2160 2035 2192 At
2061 2168 2106 2192 ue
2135 2156 2193 2192 hic
2219 2161 2292 2193 tam
2317 2162 2418 2194 vetus

161 2212 270 2246 quam
303 2204 432 2235 nostra
465 2199 528 2235 lex
559 2203 772 2246 utramque,
805 2205 840 2236 et
860 2200 978 2246 filiam
1002 2206 1038 2237 et
1061 2205 1232 2243 matrem,
1266 2201 1316 2236 ad
1344 2202 1483 2236 iuvenis
1510 2203 1774 2237 successionem
1806 2202 1957 2238 vocavit.
2055 2206 2069 2238 t
2098 2202 2276 2248 siquidem
2301 2209 2418 2239 mater

157 2246 277 2292 priori
300 2245 535 2281 matrimonio
561 2246 818 2291 acquievisset,
844 2246 947 2281 nulla
971 2247 1138 2292 quaestio
1162 2247 1274 2292 foret.
1326 2246 1400 2281 Sed
1423 2247 1488 2282 itta
1513 2247 1564 2282 ad
1586 2247 1783 2283 secundum
1808 2248 1924 2282 virum
1946 2249 2122 2294 festinat,
2148 2249 2417 2294 usumfructum

159 2302 298 2327 omnem
321 2290 535 2326 donationis
566 2295 652 2326 ante
683 2291 833 2337 nuptias
863 2291 999 2326 habens
1006 2304 1021 2332 ‚·
1052 2292 1105 2326 ita
1130 2292 1222 2326 enim
1252 2292 1354 2326 illam
1379 2291 1582 2328 donaverat
1614 2304 1776 2338 quoque,
1813 2297 1855 2327 ut
1888 2294 2125 2339 ususfructus
2148 2293 2292 2339 quidem
2316 2294 2419 2341 apud

157 2337 275 2383 ipsam
295 2340 466 2378 maneret,
488 2336 755 2381 proprietatem
775 2341 893 2371 autem
917 2336 1066 2371 haberet
1080 2337 1191 2380 filius.
1230 2337 1327 2371 Filia
1349 2348 1432 2372 vero
1457 2348 1595 2372 omnem
1615 2338 1885 2384 proprietatem
1913 2350 1952 2374 se
1972 2339 2239 2374 vindicaturam
2256 2340 2417 2375 minatur

158 2392 232 2416 non
256 2385 435 2426 quatenus
457 2381 576 2426 fratri
600 2380 705 2415 heres
728 2381 795 2422 sit,
827 2380 892 2415 sed
916 2384 1096 2426 quatenus
1114 2385 1227 2426 pater
1251 2381 1361 2415 matri
1385 2381 1544 2422 dederit,
1577 2382 1700 2416 dicens
1724 2383 1862 2417 nullam
1884 2384 2103 2428 facultatem
2128 2395 2205 2419 csse
2229 2386 2339 2420 matri
2361 2397 2415 2420 se-

162 2426 303 2461 cundas
334 2426 483 2472 nuptias
515 2425 746 2460 contrahenti
774 2426 1045 2472 proprietatem
1075 2425 1287 2460 donationis
1322 2425 1578 2471 qualicumque
1609 2427 1755 2462 ratione
1779 2427 1945 2462 habendi.
1994 2429 2043 2463 At
2077 2433 2193 2464 mater
2229 2441 2308 2464 eam
2341 2442 2416 2465 non

159 2471 317 2518 amplius
335 2470 619 2516 antenuptialem
646 2470 900 2512 donationem,
924 2470 989 2505 sed
1013 2470 1117 2505 bonis
1136 2470 1208 2515 fitia·
1231 2470 1305 2505 iam
1322 2471 1552 2517 permixtam
1574 2482 1651 2507 esse
1676 2472 1823 2507 omnino
1848 2473 2035 2518 affirmat,
2066 2478 2103 2509 et
2126 2485 2206 2508 cum
2232 2474 2415 2510 hereditas

159 2528 223 2552 nec
248 2527 332 2552 vero
355 2515 511 2562 amplius
532 2515 683 2550 donatio
705 2516 763 2558 sit,
789 2516 861 2562 ipsi
881 2514 1003 2552 deberi
1021 2527 1090 2551 sex
1109 2516 1300 2550 unciarum
1324 2521 1397 2551 tam
1410 2517 1679 2563 proprietatem
1701 2528 1810 2563 quam
1832 2519 2111 2564 usumfructum.
2156 2519 2283 2565 Neque
2302 2520 2347 2556 de
2370 2532 2412 2556 eo

157 2562 275 2596 solum
299 2560 500 2602 dubitatur,
524 2560 590 2595 sed
612 2561 656 2595 de
679 2561 763 2607 ipsa
788 2572 934 2607 quoque
955 2560 1154 2596 hereditate
1176 2561 1314 2607 fratris
1333 2562 1414 2606 filia
1434 2572 1513 2596 cum
1533 2562 1599 2597 illa
1620 2562 1818 2605 contendit,
1843 2569 1970 2606 matre,
1996 2568 2037 2599 ut
2053 2575 2104 2600 ex
2128 2563 2280 2600 dimidia
2298 2570 2415 2612 parte

157 2607 213 2642 illi
237 2606 342 2642 heres
364 2606 430 2648 sit,
456 2610 604 2651 petente
633 2607 696 2647 (ex
746 2618 793 2641 ua
818 2617 886 2641 nos
910 2617 988 2641 eam
1013 2605 1062 2640 ad
1084 2605 1320 2642 hereditatem
1342 2606 1414 2652 filii
1444 2608 1667 2649 vocavimus,
1700 2619 1780 2643 cum
1801 2608 1881 2653 filio
1909 2609 2085 2655 defuncto
2115 2621 2190 2645 una
2220 2611 2270 2645 sit
2292 2622 2413 2654 soror,

158 2664 251 2699 quae
276 2663 355 2686 cum
379 2651 462 2698 ipsa
487 2654 668 2693 vocetur),
699 2617 781 2696 fiqlia
806 2663 904 2694 vero,
930 2655 970 2687 ut
991 2651 1129 2697 fratris
1153 2651 1390 2687 hereditatem
1415 2663 1464 2688 ex
1489 2652 1629 2699 leqibus
1653 2660 1738 2688 ante
1762 2653 1849 2688 latis
1874 2654 2047 2697 obtineat,
2073 2656 2220 2691 enixius
2243 2657 2413 2699 instante,

157 2709 237 2732 cum
268 2697 367 2732 dicat
395 2701 564 2738 matrem,
600 2697 777 2743 siquidem
806 2697 985 2732 secundas
1015 2698 1166 2743 nuptias
1200 2707 1275 2732 non
1306 2698 1576 2740 contraxisset,
1615 2703 1714 2734 recte
1748 2699 1818 2734 sibi
1849 2699 2085 2735 hereditatem
2114 2701 2186 2746 sitii
2217 2701 2413 2744 vindicare,

159 2742 349 2778 nubentem
374 2753 457 2778 vero
482 2742 641 2777 secundo
666 2742 745 2778 viro
772 2742 938 2778 omnibus
954 2742 1120 2790 privari,
1152 2753 1400 2788 quaecumque
1424 2754 1474 2779 ex
1495 2744 1663 2790 paternis
1685 2744 1930 2789 facultatibus
1949 2746 2052 2790 fitius
2076 2747 2286 2791 acquisivit,
2319 2752 2359 2782 ut
2382 2749 2415 2782 si

154 2788 256 2832 filius
274 2791 366 2834 post
382 2787 561 2822 secundas
578 2788 727 2834 nuptias
746 2793 914 2823 mortuus
931 2792 1034 2829 esset,
1059 2788 1143 2834 ipsa
1167 2788 1345 2823 bonorum
1363 2788 1611 2834 undecumque
1628 2789 1682 2823 illi
1707 2790 1956 2835 quaesitorum
1980 2791 2129 2827 domina
2150 2793 2284 2838 futura
2308 2799 2411 2835 esset,

159 2832 360 2869 volentibus
383 2832 423 2868 id
445 2832 619 2868 ambabus
642 2833 717 2868 illis
741 2833 1080 2876 constitutionibus,
1117 2845 1211 2879 quae
1244 2833 1334 2869 talia
1367 2833 1575 2869 decernunt.
1624 2834 1748 2870 Mater
1777 2839 1897 2870 autem
1930 2837 2209 2872 constitutiones
2240 2838 2325 2873 illas
2349 2840 2412 2874 ad-

158 2878 304 2913 modum
325 2878 415 2914 dure
435 2882 473 2913 et
496 2877 721 2913 humanitate
745 2883 955 2914 nostrorum
982 2882 1181 2925 temporum
1205 2877 1353 2924 indique
1372 2889 1411 2913 se
1432 2878 1565 2915 habere
1584 2883 1794 2922 asseverat,·
1817 2881 1889 2915 iam
1912 2892 1995 2917 vcro
2017 2883 2133 2918 utitur
2157 2884 2413 2919 constitutione

157 2935 181 2958 a
205 2923 308 2959 nobis
332 2923 426 2965 lata,
458 2923 582 2958 dicens
606 2922 701 2958 hanc
725 2935 801 2959 non
826 2924 977 2959 limitari
1001 2923 1321 2959 constitutionibus
1344 2923 1554 2970 prioribus,
1586 2936 1703 2970 neque
1727 2936 1806 2960 eam
1836 2931 1989 2969 matres,
2025 2939 2119 2972 quac
2143 2928 2193 2962 ad
2215 2929 2412 2964 secundum

180 3056 182 3058 ·
207 3040 220 3072 1
246 3035 330 3080 μὴν]
355 3036 426 3080 μὴν
446 3034 487 3070 δὲ
507 3038 537 3070 Α
561 3036 610 3080 μὴ
632 3038 678 3070 M
698 3038 709 3081 ΙΙ
735 3041 751 3070 7
776 3035 870 3078 ἀλλ’]
898 3040 933 3071 Γ
956 3040 1069 3081 mq.A
1086 3035 1137 3081 1Ιῆ
1161 3041 1191 3078 ς]
1217 3037 1248 3071 εἰ
1315 3041 1516 3082 κνουμένην
1544 3035 1665 3081 αὐτήν.
1714 3040 1745 3072 εἰ
1778 3037 1817 3073 δὲ
1847 3043 1905 3073 καὶ
1931 3041 1979 3074 εἰς
2003 3039 2120 3088 ἄνδρα
2141 3044 2265 3088 ἕτερον
2286 3042 2411 3084 ἔλθοι,

160 3082 231 3116 MA
258 3082 271 3126 ΙΙ
301 3079 466 3128 δευτέρου
492 3085 698 3124 συνοίκησιν
724 3081 792 3125 τὴν
816 3083 943 3126 χρῆσιν
967 3080 1097 3124 ἔχουσα
1126 3084 1248 3116 πᾶσαν
1281 3115 1282 3119 ,
1316 3081 1557 3130 ἀφαιρεῖσθαι
1582 3079 1689 3126 αὐτῆς
1720 3085 1799 3118 τῶν
1832 3081 1902 3119 ὅσα
1933 3087 1994 3129 τῆς
2030 3085 2204 3133 πατρῴας
2236 3086 2359 3122 οὐσίας
2391 3088 2410 3122 ὁ

159 3127 189 3160 Α
211 3126 223 3171 ΙΙ
250 3129 270 3159 9
295 3122 408 3161 οὕτως
436 3126 504 3173 γὰρ
526 3124 618 3168 αὕτη
643 3129 702 3159 καὶ
727 3124 942 3173 δεδώρηται,
966 3126 1056 3171 μετὰ
1080 3127 1249 3161 θάνατον
1281 3139 1285 3167 ¹,
1317 3131 1401 3163 παῖς
1432 3128 1660 3171 καθέστηκεν
1679 3130 1709 3162 Α
1741 3129 1753 3174 ΙΙ
1783 3133 1823 3164 32
1850 3130 2016 3173 πάντων]
2043 3134 2181 3165 omnino
2211 3135 2245 3173 (i.
2272 3146 2298 3166 e.
2320 3132 2409 3168 πάν-

159 3169 199 3204 δὲ
219 3168 325 3214 αὐτῆς
344 3172 521 3218 γενέσθαι
539 3170 608 3215 τὴν
621 3170 837 3205 δεσποτείαν
859 3171 957 3219 παρὰ
978 3172 1045 3215 τὴν
1065 3170 1179 3207 παῖδα
1194 3176 1223 3206 A
1238 3173 1249 3216 Η
1281 3192 1283 3216 1,
1317 3177 1429 3216 τως)ς
1441 3174 1452 3218 Η
1467 3176 1509 3208 34
1520 3171 1737 3217 ἐτελεύτησε]
1749 3174 2293 3222 έτεθνήκειΔΙΙποοσκτηθείσης
2309 3177 2408 3222 αὐτῷ

163 3220 202 3250 10
228 3213 268 3249 δὲ
289 3217 346 3258 Μ’]
368 3210 433 3250 οὖν
454 3219 485 3250 A
503 3217 515 3261 ΙΙ
538 3221 574 3251 12
596 3213 736 3250 ἀπειλεῖ
755 3218 813 3258 M]
840 3216 1075 3262 φιλονεικεῖΑ
1096 3218 1107 3262 ΙΙ
1124 3217 1246 3261 κληρο-
1281 3219 1283 3274 J
1318 3216 1439 3253 οὐσίας
1472 3217 1603 3262 ἑαυτὴν
1633 3216 1841 3266 ἀνάγεσθαι
1868 3209 2092 3269 κληρονόμον
2118 3225 2178 3255 καὶ
2205 3219 2323 3266 μόνην
2343 3226 2374 3257 Α
2399 3228 2410 3267 {j

159 3264 262 3315 νθίζῆἶ
284 3262 342 3303 Μ]
367 3259 483 3304 μόναν
503 3261 737 3319 ’ξληρξῗνθμεῖν
760 3264 787 3314 21
808 3262 820 3306 11
841 3266 879 3297 ¹3
907 3261 1114 3304 ἐπιδέδωκε]
1142 3261 1249 3305 αὐτῆς
1282 3276 1283 3279 ’
1319 3279 1360 3310 35
1372 3273 1586 3316 διατάξεων]
1602 3278 1742 3320 cfiadp.
1755 3279 1898 3318 14,15.18
1916 3278 1928 3322 ΙΙ
1948 3281 1989 3312 37
2004 3274 2064 3318 ‘HJ
2081 3270 2163 3311 E‘A
2178 3293 2238 3322 ηις.
2258 3279 2270 3324 ΙΙ
2288 3282 2330 3315 38
2342 3279 2409 3314 τὸν

161 3304 320 3363 έπῦὑωκξ
343 3308 374 3340 A
394 3309 405 3348 il
425 3310 462 3363 1³7
487 3321 517 3361 ξι
542 3320 601 3340 και
624 3316 699 3361 7³3⁸!
721 3320 829 3360 T⁰3²T⁰
855 3310 933 3342 add·
950 3310 981 3361 A}
1001 3309 1012 3351 Η
1033 3311 1071 3342 18
1094 3321 1247 3363 ξυνᾶνα·
1318 3319 1589 3365 φιλάνθρωπον
1612 3341 1654 3345 ——
1678 3320 1809 3367 χρόνον
1825 3324 1856 3356 Α
1873 3324 1884 3366 ΙΙ
1911 3325 1953 3357 39
1967 3319 2057 3357 ἀλλὰ
2070 3324 2129 3364 Μ]
2155 3319 2251 3367 ὅμως
2272 3327 2302 3359 Α
2318 3326 2330 3370 ss
2349 3328 2406 3369 τῆ]

158 3364 382 3404 μεμιγίξδνην
407 3349 446 3385 δε
469 3363 582 3404 evam!
603 3364 691 3407 Ἑθῑς,
705 3364 892 3406 πεζαγμξχσι
915 3366 988 3407 ¹7⁰⁶*
1015 3351 1145 3388 παιδος
1169 3352 1247 3410 ich]-
1281 3362 1283 3374 ¹
1318 3369 1377 3399 καὶ
1397 3366 1441 3411 τῇ
1462 3367 1493 3399 A
1518 3366 1529 3409 ΙΙ
1550 3363 1722 3408 διατάξει]
1750 3369 1826 3402 Cod.
1850 3371 1881 3409 6,
1897 3377 1943 3410 56,
1958 3377 1972 3402 7
1993 3369 2060 3411 {141
2085 3371 2162 3402 ταῖς
2182 3372 2278 3412 prius
2299 3384 2357 3406 om.
2373 3362 2403 3404 ‘A

160 3408 414 3442 ρονομησασαν
436 3395 585 3441 μαλλον,
610 3395 676 3430 αλλ
719 3410 782 3439 ουχ
804 3409 851 3431 ως
875 3395 1016 3444 δωρεαν
1042 3397 1250 3444 ληψομενην
1281 3377 1284 3456 Ι

159 3443 254 3494 ὲ-’τιΑ
270 3443 282 3486 ss
302 3445 343 3476 20
354 3440 421 3485 τήν
430 3456 468 3477 τε
479 3445 573 3486 prius
583 3444 681 3488 opi-A
700 3442 711 3486 Η
727 3439 853 3485 τηντε]
869 3446 929 3476 καὶ
943 3442 1047 3486 τὴνΑ
1065 3444 1076 3489 ΙΙ
1097 3447 1135 3478 21
1147 3441 1248 3485 ἀλλὰ]
1332 3453 1395 3457 ”-“

160 3499 190 3531 Δ
214 3511 281 3531 κα.
296 3523 304 3532 .
320 3523 328 3531 .
349 3499 382 3532 Α
406 3513 467 3542 mq.
495 3499 506 3541 ΙΙ
538 3500 580 3532 22
603 3494 713 3531 αὐτοῦ
738 3512 796 3532 οηι.
820 3501 850 3533 A
873 3499 885 3542 ΙΙ
912 3502 954 3534 23
980 3497 1145 3542 ἀξιούσης
1169 3499 1248 3542 κλη-
1365 3504 1382 3535 7
1410 3512 1505 3534 usum
1530 3513 1594 3543 que
1619 3505 1690 3545 (qui
1716 3504 1784 3545 V3)
1804 3505 1914 3537 fuerat
1938 3506 2046 3548 suppl.
2069 3505 2125 3538 V2
2146 3508 2179 3539 in
2199 3515 2286 3550 spat.
2311 3510 2407 3551 vac-ss

160 3545 326 3589 ρονομεῖν
342 3542 408 3577 τὸν
430 3541 544 3578 παῖδα
566 3541 658 3576 κατὰ
671 3544 700 3577 Δ
721 3542 733 3587 ΙΙ
751 3547 791 3578 25
813 3540 909 3588 ἡμεῖς
925 3555 1000 3589 post
1021 3544 1151 3592 κλῆρον
1175 3548 1246 3580 coll.
1319 3551 1338 3578 ’.1
1364 3548 1512 3580 maneret
1546 3549 1606 3581 VT
1617 3548 1629 3591 ΙΙ
1655 3551 1688 3582 11
1712 3549 1815 3581 filiam
1842 3550 1889 3582 Ιί1
1909 3549 1920 3592 ΙΙ
1941 3552 1978 3583 12
2006 3551 2108 3583 fratre
2130 3551 2163 3585 V
2175 3551 2185 3571 ²
2204 3552 2216 3591 ΙΙ
2235 3554 2274 3585 15
2299 3563 2403 3585 uem*

158 3589 190 3622 A
217 3588 229 3633 ΙΙ
260 3591 302 3622 26
325 3585 409 3632 μετ’
437 3586 556 3631 αὐτῆς]
581 3588 672 3632 μετὰ
695 3590 756 3630 τῆς
779 3588 912 3634 μητρὸς
936 3589 1168 3635 κληρονομεῖν
1194 3591 1247 3633 AI}
1281 3601 1283 3636 ξ
1319 3593 1371 3625 V¹
1398 3592 1409 3634 ΙΙ
1436 3594 1474 3625 17
1500 3592 1657 3626 firmabat
1685 3595 1714 3626 R
1741 3594 1752 3637 H
1776 3597 1817 3628 22
1843 3595 1945 3626 filiam
1972 3593 2020 3628 R¹
2047 3595 2058 3639 Ι]
2085 3598 2126 3630 25
2152 3597 2314 3630 moriente
2341 3599 2402 3631 V⁴

161 3635 200 3666 27
237 3635 301 3667 τοῦ
323 3642 396 3668 ante
419 3632 548 3688 κλήρου
572 3648 629 3668 οηι.
652 3636 682 3667 Α
713 3635 724 3677 ss
753 3637 794 3668 29
825 3636 891 3676 τήν
911 3638 962 3681 γε]
991 3634 1058 3678 τήν
1079 3649 1119 3670 τε
1142 3638 1182 3669 M
1209 3639 1248 3669 τὲ
1281 3638 1283 3666 i
1318 3641 1359 3671 26
1385 3638 1557 3679 optinente
1584 3637 1637 3671 Vl
1663 3638 1674 3682 ΙΙ
1702 3641 1744 3672 29
1770 3643 1863 3681 uero]
1889 3640 1983 3674 filiffi
2006 3639 2054 3673 ΕΙ
2080 3641 2147 3685 {131
2175 3645 2249 3683 post
2273 3644 2300 3675 si
2327 3642 2381 3676 Vl
2402 3642 2406 3686 Ι

159 3675 227 3720 τὴν
249 3679 281 3712 Α
300 3677 312 3722 ΙΙ
327 3681 464 3723 μητέρα
483 3679 539 3712 ὃτι
565 3677 740 3724 δευτέροις
760 3679 791 3712 εἰ
811 3681 878 3722 μὲν
900 3677 964 3713 οὐκ
985 3678 1164 3724 ὁμιλήσειε
1187 3679 1245 3727 γά-
1317 3685 1359 3716 32
1384 3685 1536 3715 mortuus
1560 3686 1608 3715 est
1638 3685 1699 3717 VT
1721 3683 1733 3728 ΙΙ
1765 3687 1807 3719 36
1837 3686 1988 3729 indigne]
2016 3686 2117 3728 digne
2137 3685 2262 3720 RV1'J'
2288 3688 2404 3730 dignas

159 3733 249 3764 μοις,
271 3720 389 3768 ὀρθόν
414 3737 450 3758 τι
473 3725 665 3759 ποιεῖσθαι
690 3722 912 3770 κληρονόμον
934 3726 996 3758 τοῦ
1019 3724 1147 3760 παιδὸς
1165 3723 1245 3771 ἀφι-
1317 3728 1353 3761 V
1359 3728 1372 3748 ³
1390 3726 1402 3771 ΙΙ
1420 3729 1460 3761 37
1486 3739 1549 3761 usu
1573 3730 1624 3762 Ra

2085 3779 2133 3812 2*
