2618 4010
178 150 237 181 AD
267 148 600 181 ORDlNATIONEM
631 150 799 181 DEDUCI

174 252 233 283 καὶ
256 248 302 283 τὰ
324 250 386 293 τῆς
415 252 618 295 περιουσίας
648 245 772 282 αὐτῶν
802 247 1142 297 προςκυρωθήσεται
1174 251 1245 282 ταῖε

174 291 388 341 ἁγιωτάταις
412 293 610 338 ἐκκλησίαις
633 291 654 337 ἢ
676 297 749 327 τοῖς
770 298 1038 341 μοναστηρίοις,
1069 295 1108 328 ἐν
1131 293 1181 327 οἷς
1205 295 1249 327 εἰ·

175 351 244 374 σιν.
303 340 350 374 Οἵ
375 352 415 373 τε
449 339 581 373 ταύτας
613 339 767 396 φθεῖραι
802 337 823 382 ἢ
858 340 969 386 γῆμαι
1000 336 1251 387 θαρρήσαντες

172 381 374 419 ὑπεύθυνοι
402 386 470 429 μὲν
497 387 556 418 καὶ
581 387 683 418 αυτοὶ
708 385 830 438 ξίφους
853 385 1016 426 ἔσονται,
1042 384 1109 428 τὴν
1133 382 1172 419 δὲ
1194 381 1249 418 οὐ·

1259 134 1314 179 45

2061 137 2168 181 Nov.
2200 139 2257 181 VI
2287 140 2396 181 6-8

1319 249 1449 293 ligatae
1473 247 1674 284 efficiuntur
1698 249 1819 291 morti,
1853 251 1888 284 et
1912 251 2112 286 substantia
2137 261 2258 285 earum
2281 251 2395 295 appli-

1321 294 1460 329 cabitur
1483 293 1717 329 sanctissimis
1741 295 1898 330 ecclesiis
1920 301 1983 330 aut
1999 296 2234 337 monasteriis,
2259 296 2295 330 in
2320 296 2396 340 qui-

1319 340 1387 374 bus
1420 342 1514 375 sunt.
1571 338 1638 382 Qui
1674 349 1756 373 vero
1788 350 1848 374 eas
1867 344 1942 375 ,aut
1973 352 2102 376 uxores
2137 341 2300 385 accipere
2336 345 2399 376 aut

1320 394 1546 429 corrumpere
1575 385 1895 428 praesumpserint,
1931 386 2076 420 obnoxii
2106 386 2246 431 quidem
2269 390 2306 421 et
2328 386 2398 431 ipsi

174 434 258 464 σίαν
290 427 413 463 αὐτων
443 430 591 470 καθέξει
626 431 667 463 τὸ
700 428 882 472 ὃημοσιον.
936 431 966 483 εξ
1000 429 1067 485 γὰρ
1097 431 1142 482 ἐν
1177 433 1250 463 τοῖς
1285 430 1435 473 5gladio
1468 431 1589 471 erunt,
1625 429 1827 464 substantia
1855 434 1974 464 autem
2005 441 2126 466 eorum
2156 431 2398 476 applicabitur

174 473 285 509 πάλαι
308 473 431 519 νόμοις
454 478 531 509 ταῖς
555 473 645 520 παρ’
674 476 819 509 ἐκείνοις
845 475 893 509 εἰς
923 488 990 518 την
1015 488 1138 509 αυτων
1162 473 1248 509 πλά-

172 524 239 562 νην
270 518 500 564 καλουμέναις
532 521 731 566 παρθένοις
763 518 924 554 θάνατος
958 521 1050 563 ἐπῆν
1084 517 1106 564 ἡ
1142 522 1250 564 ζημία

200 565 408 609 θαρείσαις,
433 566 511 600 πῶς
534 563 574 598 οὐ
599 564 734 609 μᾶλλον
757 562 853 610 ἡμεῖς
874 566 981 599 τοῦτο
1005 567 1065 599 ἐπὶ
1085 567 1163 599 τῶν
1187 563 1247 599 τά-

172 579 374 663 λιηθῆωπερὶ
398 610 489 644 θεοῦ
509 608 740 651 ὃοξαζουσῶν
763 610 939 663 ὁριοῦμεν,
971 610 1037 652 τὴν
1063 622 1144 655 σωφ
1169 609 1247 644 οσύ-

1317 475 1415 510 fisco.
1464 475 1502 510 Si
1533 475 1623 510 enim
1654 475 1691 509 in
1722 475 1877 518 antiquis
1912 476 2049 519 legibus
2085 477 2279 520 virginibus
2314 477 2396 517 illis,

1319 530 1411 565 quae
1439 520 1476 555 in
1507 530 1629 555 eorum
1660 530 1816 555 errorem
1841 521 2072 563 vocabantur,
2104 522 2227 557 mortis
2259 522 2395 557 incum-

1317 566 1426 601 bebat
1457 566 1622 600 damnum
1648 565 1841 609 corruptis,
1875 566 2052 609 quomodo
2084 578 2156 602 non
2187 568 2298 612 magis
2331 578 2396 603 nos

1317 611 1353 645 iu
1377 611 1450 652 his,
1482 621 1572 655 quae
1596 622 1618 645 a
1642 610 1708 646 deo
1732 611 1986 654 glorificantur,
2020 611 2224 655 definimus,
2258 613 2395 657 pudici-

171 669 247 698 νην,
266 668 288 697 η
302 653 458 708 μαλιστα
476 659 645 702 γυναῖκας
662 659 792 697 κοσμεῖ,
813 654 1062 700 φυλαττεσθαι
1080 659 1146 698 βου
1169 655 1246 699 όμε-
1265 660 1302 691 10
1317 658 1414 698 tiam,
1440 666 1531 700 quae
1556 667 1659 700 quam
1684 656 1834 691 maxime
1857 656 2022 691 mulieres
2049 660 2162 698 ornat,
2193 658 2396 693 conservari

171 714 227 734 νοι
251 698 495 747 ὃιαφεροντιος
519 702 578 735 ἐπὶ
602 701 679 734 τῶν
698 699 972 743 εὖλαβεστάτων
994 698 1247 742 διακονισσῶν,

170 741 268 779 ὅπως
298 743 345 778 ἂν
375 745 416 779 τό
448 759 488 779 τε
520 749 660 792 πρέπον
684 747 727 792 τῇ
754 745 857 791 φύσει
889 742 1102 790 φυλάττοιεν
1134 746 1175 779 τό
1208 759 1247 779 τε

140 786 147 792 ’
170 788 401 835 ὀφειλόμενον
425 792 469 838 τῇ
495 789 669 838 ἱερωσύνῃ
694 794 845 836 τηροῖεν.

1316 702 1474 736 volentes
1509 706 1711 746 competens
1742 701 2001 736 venerabilibus
2035 701 2262 744 diaconissis,
2294 706 2333 737 ut
2360 707 2396 737 et

1317 747 1410 790 quod
1430 747 1532 781 decet
1547 750 1698 782 naturae
1715 746 1918 782 custodiant
1934 751 1969 781 et
1987 747 2081 792 quod
2103 747 2252 782 debetur
2275 758 2394 783 sacer-

1319 792 1414 827 dotio
1442 796 1662 827 conservent.

1148 880 1305 916 CAPUT
1337 882 1415 917 VII.

215 941 259 982 Ῑῖ
311 948 396 983 Τοὺς
429 947 469 983 δὲ
497 944 596 989 ἅπαξ
626 950 686 983 ἐπὶ
717 959 857 982 τουτοις
886 951 1095 1003 γενομένους
1131 946 1248 982 διακό-

1364 950 1479 985 Semel
1502 954 1620 985 autem
1644 951 1840 986 secundum
1870 951 1961 986 haec
1992 950 2107 985 factos
2133 950 2303 986 diaconos
2337 954 2399 985 aut

169 1006 248 1028 νους
271 990 694 1048 ἢκπρεσβυτέρουςῖκατὰ
723 991 862 1049 μηδένα
886 1006 1024 1037 τροπον
1047 990 1247 1037 ἀπολιμπά-
1266 998 1304 1029 15
1318 996 1545 1039 presbyteros
1588 996 1685 1031 nullo
1723 997 1828 1031 modo
1866 996 2110 1040 derelinquere
2146 996 2396 1031 sacerdotium.

169 1053 245 1073 νειν
268 1052 335 1082 την
359 1040 547 1084 ἱερατείαν.
579 1036 689 1084 (Οπερ
708 1051 747 1071 ου
771 1036 884 1082 μόνον
908 1040 968 1072 ἐπὶ
993 1042 1249 1086 πρεσβυτέρων

168 1087 228 1118 καὶ
253 1082 433 1118 διακόνων
457 1084 689 1127 θεσπίζομεν,
723 1080 811 1116 ἀλλὰ
835 1080 902 1116 κᾶν
926 1081 1159 1118 ὑποδιάκονος
1183 1081 1248 1118 κᾶν

169 1131 199 1163 εἰ
222 1128 329 1172 τυχὸν
351 1126 583 1175 ἄναγνώστης
607 1129 659 1170 εἴη
683 1128 752 1171 τις,
776 1127 867 1172 μηδὲ
889 1130 1020 1162 τοῦτον
1044 1126 1246 1174 ἀπολιμπά-

168 1188 245 1208 νειν
268 1173 309 1208 τὸ
334 1173 509 1220 πρότερον
538 1174 654 1226 σχῆμα
678 1177 736 1207 καὶ
758 1174 806 1207 εἷς
830 1176 951 1228 ἕτερον
973 1175 1248 1218 μετατίθεσθαι

1319 1039 1421 1083 Quod
1445 1051 1516 1075 non
1540 1041 1654 1076 solum
1677 1042 1713 1076 in
1737 1042 1944 1087 presbytero
1971 1044 2008 1077 et
2031 1041 2182 1077 diacono
2206 1042 2396 1083 sancimus,

1318 1085 1380 1120 sed
1412 1089 1447 1119 et
1478 1085 1509 1120 si
1543 1086 1784 1122 subdiaconus
1822 1090 1885 1121 aut
1919 1086 2012 1122 forte
2043 1087 2155 1122 lector
2190 1087 2299 1121 fuerit
2334 1087 2397 1121 ali-

1318 1131 1406 1175 quis,
1431 1141 1545 1174 neque
1569 1131 1666 1166 hunc
1684 1132 1881 1176 relinquere
1905 1132 2094 1176 pristinum
2114 1132 2267 1173 schema,
2293 1135 2328 1166 et
2352 1132 2398 1166 ad

1317 1175 1464 1210 alteram
1489 1176 1637 1219 migrare
1662 1177 1779 1219 vitam,
1805 1177 1972 1212 scientem
1997 1178 2090 1221 quia,
2117 1177 2147 1212 si
2170 1178 2242 1212 tale
2266 1177 2398 1222 aliquid

167 1224 259 1272 βίον,
282 1219 507 1271 γινώσκοντα
533 1230 589 1260 ως,
615 1221 713 1265 εἰπερ
737 1220 878 1252 τοιοῦτο
903 1232 939 1253 τι
963 1218 1126 1264 πράξειε,
1154 1219 1244 1254 κατὰ
1259 1223 1302 1255 20
1316 1221 1437 1265 egerit,
1463 1221 1657 1255 secundum
1681 1222 1775 1266 quod
1798 1223 1869 1256 iam
1890 1232 1912 1256 a
1927 1223 2031 1257 nobis
2057 1222 2233 1257 sancitum
2258 1226 2311 1257 est
2335 1226 2397 1257 aut

166 1278 208 1298 το
239 1262 304 1306 ἤδη
337 1261 424 1310 παρ’
451 1264 554 1308 ημῶν
577 1264 832 1308 νομοθετηθὲν
862 1261 882 1307 ἢ
913 1265 960 1298 εἰς
991 1263 1246 1309 βουλευτήριον

165 1308 254 1352 μετὰ
276 1310 336 1351 τῆς
360 1306 496 1350 οὐσίας,
532 1305 553 1351 ἢ
585 1311 624 1342 ἐν
655 1307 788 1355 ἀπορία
814 1306 867 1342 ὢν
900 1309 989 1357 πρὸς
1022 1309 1246 1354 ταξεωτικὴν

165 1352 466 1397 κατενεχθήσεται
489 1351 609 1397 τύχην.

1313 1267 1350 1300 111
1376 1266 1511 1300 curiam
1537 1277 1617 1300 cum
1638 1267 1851 1308 substantia,
1877 1272 1939 1301 aut
1964 1268 2030 1302 sub
2051 1268 2172 1312 inopia
2197 1268 2327 1312 degens
2352 1268 2397 1302 ad

1316 1311 1505 1346 officialem
1530 1311 1720 1356 deponitur
1743 1312 1934 1347 fortunam.

1142 1400 1298 1437 CAPUT
1324 1402 1420 1437 VIII.

210 1458 257 1501 ῙΠ
301 1464 350 1500 Οὗ
385 1466 457 1519 μὴν
493 1463 574 1500 οὐδὲ
612 1468 841 1522 ἐκκεχυμένας
876 1465 1040 1515 προςήκει
1074 1470 1247 1515 γίνεσθαι

1363 1470 1433 1505 Sed
1456 1480 1572 1514 neque
1603 1470 1733 1505 effusas
1770 1471 1938 1514 competit
1968 1470 2046 1505 fieri
2075 1471 2118 1505 de
2150 1473 2267 1506 cetero
2299 1481 2396 1506 reve-

163 1513 227 1545 τοῦ
260 1510 386 1546 λοιποῦ
418 1523 479 1546 τας
510 1514 588 1564 τῷν
619 1510 894 1557 εὖλαβεστατων
927 1513 1105 1561 κληρικῶν
1135 1517 1301 1560 ,wipo-25
1317 1515 1597 1550 rentissimorum
1630 1516 1841 1551 clericorum
1872 1516 2124 1551 ordinationes.
2173 1516 2275 1560 Quod
2306 1517 2397 1550 enim

163 1560 294 1591 τονίας.
341 1556 384 1591 τὸ
418 1559 486 1602 μὲν
519 1570 587 1603 γαρ
616 1561 718 1611 μέχρι
749 1560 826 1599 νῦν,
860 1559 890 1592 εἰ
919 1562 979 1593 καὶ
1012 1560 1246 1606 ἐπανορθοῦν

164 1604 278 1649 ἐχρῆν,
309 1599 389 1636 ἀλλ’
417 1596 479 1636 οὖν
504 1601 563 1637 διὰ
586 1616 652 1637 τον
675 1603 805 1650 χρόνον
833 1601 995 1649 ἀφίεμεν,
1028 1606 1091 1638 τοῦ
1118 1604 1244 1640 λοιποῦ

163 1645 202 1681 δὲ
224 1646 274 1691 μὴ
297 1652 492 1694 προχείρως
514 1645 620 1682 αὐτὰς
636 1650 808 1695 γίνεσθαι
832 1648 923 1694 μηδὲ
947 1650 994 1683 εἰς
1013 1652 1145 1694 ζημίαν
1167 1651 1246 1684 τῶν

161 1689 376 1748 ἁζιωτάτων
401 1692 598 1736 ἐκκλησιῶν
627 1698 757 1749 χωρεῖν
781 1695 1017 1739 θεσπίζομεν.
1059 1693 1149 1729 ‘'Oaa
1178 1698 1245 1740 μὲν

1315 1561 1490 1595 hactenus
1525 1565 1663 1605 gestum
1699 1564 1772 1604 est,
1812 1561 1896 1596 licet
1934 1561 2065 1605 corrigi
2100 1564 2299 1606 oporteret,
2335 1562 2398 1596 sed

1315 1610 1433 1640 tamen
1456 1611 1604 1650 propter
1627 1610 1766 1650 tempus
1785 1607 1950 1649 sinimus3
1976 1607 2019 1641 de
2045 1610 2162 1642 cetero
2182 1611 2301 1641 autem
2325 1618 2397 1641 non

1314 1655 1477 1696 prompte
1501 1652 1570 1686 hoc
1592 1651 1669 1686 fieri
1693 1662 1807 1695 neque
1828 1651 1873 1686 ad
1901 1652 2066 1686 damnum
2093 1652 2396 1687 sanctissimarum

1315 1696 1546 1732 ecclesiarum
1560 1697 1679 1731 venire
1692 1697 1882 1732 sancimus.
1906 1697 2157 1750 Quaecumque
2170 1698 2278 1742 igitur
2291 1708 2395 1742 opor-

163 1751 227 1791 ovy
250 1738 354 1784 ἐχρῆν
379 1741 459 1785 περὶ
491 1740 554 1772 τοῦ
578 1752 740 1773 τοιουτου
772 1739 908 1784 τρόπου
932 1740 1023 1774 κατὰ
1047 1740 1115 1785 τὴν
1139 1737 1300 1794 ἁγιῳ-30
1315 1742 1414 1776 tebat
1450 1742 1493 1776 de
1524 1743 1587 1777 tali
1620 1742 1725 1776 modo
1755 1743 1792 1777 in
1824 1742 2050 1777 sanctissima
2081 1753 2214 1778 maiore
2247 1743 2397 1777 ecclesia

163 1795 275 1826 τατην
297 1781 454 1830 μεγάλην
475 1782 663 1827 ἐκκλησίαν
680 1785 741 1827 τῆς
759 1784 1013 1829 βασιλευούσης
1032 1786 1137 1830 ἡμῶν
1161 1799 1243 1820 ταυ-

162 1839 223 1871 της
254 1826 391 1862 πόλεως
422 1831 480 1861 καὶ
512 1828 575 1862 τὰς
605 1825 669 1863 ὑπ’
697 1826 810 1872 αὐτὴν
833 1827 1035 1877 ἁγιωτάτας
1060 1830 1244 1874 ἐκκλησίας

162 1876 220 1906 καὶ
252 1873 313 1907 τὰς
337 1871 444 1907 ἄλλας
469 1872 531 1908 τὰς
557 1874 735 1908 ἐνταυθοῖ
766 1876 960 1922 γενέσθαι,
986 1878 1103 1911 ταῦτα
1138 1875 1241 1920 ἰδικῷ

162 1916 417 1964 περιελάβομεν
448 1916 559 1963 νόμῳ.
589 1917 667 1972 εἘν
699 1917 739 1953 δὲ
769 1916 884 1955 ἅπασι
913 1924 986 1955 τοῖς
1017 1923 1089 1962 ἔξω
1119 1921 1244 1956 τόποις

1313 1787 1419 1821 huius
1451 1787 1568 1832 regiae
1598 1792 1743 1822 nostrae
1774 1788 1927 1823 civitatis
1960 1791 1994 1822 et
2026 1788 2093 1823 sub
2118 1798 2160 1822 ea
2193 1788 2395 1823 constitutis

1314 1832 1549 1868 sanctissimis
1580 1833 1742 1868 ecclesiis
1774 1835 1810 1867 et
1838 1833 1937 1874 aliis,
1971 1843 2061 1877 quae
2092 1833 2149 1868 hic
2175 1837 2275 1875 sunt,
2308 1833 2394 1874 fieri,

1312 1877 1380 1912 hac
1401 1879 1548 1922 speciali
1563 1878 1640 1922 lege
1664 1878 1836 1922 complexi
1855 1889 1989 1913 sumus.
2015 1878 2057 1913 In
2079 1879 2241 1913 omnibus
2264 1881 2394 1921 autem,

1313 1933 1404 1967 quae
1428 1924 1516 1958 foris
1542 1926 1642 1965 sunt,
1678 1924 1766 1958 locis
1799 1923 1995 1965 sancimus,
2029 1923 2059 1958 si
2092 1924 2170 1967 quis
2204 1935 2282 1958 cum
2309 1935 2395 1958 con-

163 1964 395 2007 θεσπίζομεν,
428 1965 458 1997 εἰ
489 1966 555 2008 μὲν
580 1977 600 1997 ο
624 1964 889 2018 συστησάμενος
914 1967 952 2006 ἐξ
982 1964 1088 2012 ἀρχῆς
1111 1970 1172 2001 καὶ
1193 1969 1241 2001 οἰ-
1256 1971 1296 2003 35
1313 1969 1428 2003 stituit
1463 1969 1508 2003 ab
1545 1968 1645 2003 initio
1678 1972 1714 2003 et
1749 1968 1950 2003 aedificavit
1986 1968 2191 2012 ecclesiam,
2237 1969 2394 2003 definivit

161 2006 356 2052 κοὸομὴσας
380 2007 447 2051 τὴν
466 2008 655 2053 ἐκκλησίαν
681 2023 789 2055 ωρισε
810 2025 852 2045 το
877 2013 954 2045 τῶν
980 2016 1241 2059 χειροτονουμέ-

206 2111 276 2141 cap.
312 2099 381 2132 VII
399 2101 574 2133 summaria
595 2102 714 2134 habent
733 2102 865 2135 Nomoc.
891 2103 923 2135 L
946 2105 991 2136 tit.
1021 2105 1060 2137 10
1085 2105 1136 2143 (ex
1158 2104 1261 2143 Ath.);
1288 2104 1420 2137 Nomoc.
1445 2105 1545 2138 XIV
1565 2107 1609 2138 tit.
1633 2107 1664 2147 9,
1690 2112 1734 2138 32.

205 2156 276 2183 cap.
310 2144 399 2177 VIII
423 2146 540 2178 habent
565 2146 600 2178 Β
621 2148 652 2187 3,
676 2154 698 2187 1,
719 2155 750 2180 34
774 2155 802 2180 et
826 2149 900 2180 inde
925 2149 956 2181 L
983 2150 1015 2182 in
1041 2162 1112 2184 nov.
1137 2151 1197 2182 123
1218 2157 1295 2192 post
1319 2163 1391 2192 cap.
1420 2151 1469 2184 18.
1517 2151 1733 2183 Summarizlm
1758 2151 1889 2184 Nomoc.
1915 2152 1961 2183 tit.
1978 2150 2067 2182 XIV
2086 2152 2130 2183 tit.
2152 2153 2179 2190 1,
2199 2159 2235 2184 30
2261 2164 2299 2183 ex
2316 2152 2390 2186 Ath.

157 2236 270 2271 teneri
301 2241 336 2271 et
369 2236 464 2272 bona
502 2249 570 2272 sua
604 2239 839 2273 sanctissimis
871 2239 1032 2274 ecclesiis
1066 2240 1124 2274 vel
1151 2240 1400 2291 monasteriis,
1435 2241 1474 2275 in
1505 2240 1636 2286 quibus
1658 2244 1759 2282 sunt,
1796 2240 1998 2276 addicenda
2028 2252 2112 2277 esse.

2171 2242 2290 2287 Atque
2325 2241 2387 2287 qui

154 2286 324 2327 stuprare
356 2293 418 2316 eas
442 2287 506 2318 aut
527 2284 758 2318 matrimonio
789 2283 858 2318 sibi
888 2284 1040 2330 iunqere
1069 2284 1274 2335 ausi-sunt,
1309 2286 1381 2331 ipsi
1405 2297 1549 2331 quoque
1578 2285 1703 2332 qladio
1729 2285 1881 2321 obnoxii
1913 2290 2037 2328 erunt,
2067 2297 2263 2332 eorumque
2293 2287 2387 2322 bona

151 2326 264 2371 fiscus
288 2327 486 2372 occupabit.
535 2326 576 2362 Si
598 2328 691 2362 enim
715 2329 754 2362 in
777 2329 939 2373 antiquis
962 2328 1101 2374 leqibus
1123 2328 1340 2373 vtrqinibus,

1396 2341 1464 2365 uae
1495 2330 1597 2376 apud
1625 2330 1710 2365 illos
1732 2331 1770 2365 in
1799 2331 1961 2376 ipsorum
1984 2342 2128 2366 errores
2152 2331 2386 2373 vocabantur,

157 2371 340 2421 corruptis
364 2372 495 2416 capitis
510 2383 637 2417 poena
660 2372 831 2414 instabat,
855 2373 944 2423 quin
967 2372 1080 2407 multo
1105 2374 1222 2418 maqis
1244 2384 1313 2408 nos
1335 2385 1346 2408 ι
1374 2385 1427 2409 em
1447 2375 1485 2408 in
1509 2386 1582 2416 eas,
1607 2386 1700 2420 quae
1719 2386 1804 2410 vera
1822 2374 1866 2410 de
1879 2375 1945 2410 deo
1964 2376 2135 2417 sentiunt,
2158 2378 2386 2412 statuamus?

157 2426 218 2460 qui
244 2419 457 2457 castitatem,
482 2427 575 2461 quae
598 2417 755 2451 maxime
778 2417 946 2452 mulieres
968 2421 1087 2458 ornat,
1105 2418 1307 2463 praecipue
1330 2418 1369 2452 in
1388 2419 1669 2464 reliqiosissimis
1692 2419 1908 2454 diaconissis
1930 2421 2140 2456 conservari
2163 2422 2321 2465 velimus,
2346 2426 2387 2457 ut

161 2464 232 2494 tam
256 2459 351 2505 quod
373 2465 542 2495 naturam
567 2460 668 2496 decet
691 2460 907 2501 custodiant,
937 2472 1046 2507 quam
1070 2461 1170 2507 quod
1191 2462 1396 2497 sacerdotio
1421 2463 1570 2499 debetur
1592 2469 1743 2499 servent.

289 2504 369 2540 VH.

416 2503 486 2548 Qui
515 2516 599 2541 vero
628 2506 737 2541 semel
766 2506 960 2542 secundum
996 2506 1086 2542 haec
1117 2506 1262 2542 diaconi
1293 2507 1353 2559 vel·
1374 2508 1584 2560 presbyteri
1610 2509 1706 2554 facti
1737 2512 1841 2551 sunt,
1876 2509 2120 2545 sacerdotium
2151 2511 2252 2546 nullo
2275 2512 2383 2547 modo

156 2549 419 2595 derelinquant.
466 2549 573 2592 Quod
594 2561 668 2586 non
690 2551 808 2586 solum
832 2551 877 2587 de
893 2551 1124 2598 presbyteris
1147 2556 1183 2587 et
1206 2551 1371 2587 diaconis
1394 2564 1594 2596 sancimus,
1619 2564 1741 2589 verum
1764 2554 1872 2589 etiam
1894 2555 1927 2589 si
1951 2555 2032 2601 quis
2053 2555 2297 2591 subdiaconus
2320 2561 2384 2592 aut

155 2594 267 2629 lector
312 2599 390 2630 orte
411 2595 470 2637 sit,
494 2606 540 2630 ne
562 2595 623 2631 ille
647 2596 789 2642 quidem
807 2597 974 2642 priorem
999 2601 1133 2632 statum
1157 2597 1344 2648 relinquat
1366 2602 1403 2633 et
1422 2598 1471 2633 ad
1493 2599 1603 2633 aliam
1628 2599 1736 2634 vita-m
1757 2600 2018 2645 transferatur,
2043 2601 2161 2636 sciens
2183 2613 2232 2643 se,
2257 2603 2291 2636 si
2313 2602 2384 2637 tale

155 2638 245 2684 quid
288 2640 413 2681 ecerit,
443 2640 636 2675 secundum
659 2640 714 2683 id,
745 2641 846 2687 quod
868 2653 891 2676 a
915 2642 1020 2677 nobis
1042 2642 1115 2676 iam
1139 2646 1373 2678 constitutum
1403 2648 1474 2686 est,
1510 2649 1575 2679 aut
1602 2644 1640 2679 in
1670 2644 1808 2679 curiam
1839 2656 1918 2679 cum
1950 2645 2053 2680 bonis
2075 2647 2168 2688 suis,
2202 2652 2267 2682 aut
2288 2648 2320 2682 si
2344 2648 2382 2682 in

148 2689 369 2730 paupertate
392 2685 512 2731 declat,
533 2685 583 2720 ad
605 2685 828 2721 cohortalem
852 2687 1099 2722 condicionem
1122 2687 1305 2722 detrusum
1329 2688 1385 2722 iri.

288 2729 384 2765 VIII.

444 2730 569 2776 Neque
605 2736 723 2767 tamen
758 2732 895 2777 effusas
928 2731 1030 2767 decet
1060 2732 1145 2777 fieri
1180 2732 1219 2766 in
1254 2737 1444 2778 posterum
1479 2733 1834 2780 reliqiosissimorum
1872 2735 2085 2771 clericorum
2121 2736 2379 2773 ordinationes.

155 2773 262 2825 Quod
287 2775 380 2810 enim
404 2774 474 2810 huc
497 2786 611 2821 usque
652 2780 771 2812 actum
795 2781 867 2819 est,
899 2778 968 2813 etsi
991 2777 1177 2812 emendari
1201 2778 1381 2824 oportuit,
1413 2782 1573 2815 attamen
1595 2784 1755 2831 propter
1780 2783 1918 2826 tempus
1940 2780 2196 2827 relinquimus:
2229 2793 2274 2818 ne
2298 2794 2381 2818 vero

153 2830 191 2854 in
221 2824 411 2866 posterum
448 2824 578 2856 temere
609 2777 705 2866 gant
738 2833 825 2857 neve
858 2822 898 2857 in
933 2821 1183 2857 detrimentum
1213 2823 1522 2858 sanctissimarum
1557 2824 1789 2859 ecclesiarum
1821 2829 1977 2868 vertant,
2014 2827 2204 2862 sancimus.

2263 2828 2382 2873 Atque

153 2875 397 2910 quaecumque
440 2865 485 2900 de
526 2876 569 2901 eo
610 2878 741 2912 qenere
775 2867 813 2901 in
849 2867 1078 2903 sanctissima
1115 2878 1249 2914 maqna
1289 2867 1439 2903 ecclesia
1479 2868 1586 2904 liuius
1620 2870 1742 2915 reqiae
1778 2874 1926 2906 nostrae
1968 2871 2124 2907 civitatis
2162 2876 2199 2907 et
2229 2874 2380 2908 sanctis-

151 2909 251 2944 simis
281 2909 439 2945 ecclesiis
466 2910 532 2946 sub
560 2910 625 2946 illa
649 2912 856 2947 constitutis
884 2912 1123 2958 reliquisque,
1155 2924 1249 2958 quae
1280 2912 1339 2947 liic
1368 2916 1472 2955 sunt,
1507 2913 1667 2950 obtinere
1697 2918 1899 2961 oporteret,
1929 2927 1972 2951 ea
2002 2916 2153 2964 speciali
2184 2917 2263 2963 leqe
2286 2929 2381 2953 com—

147 2954 256 3000 plexi
284 2966 415 2990 sumus.
463 2953 509 2991 In
542 2956 706 2991 omnibus
732 2968 816 2992 vero
848 2956 939 2992 locis
969 2957 1176 3000 extraneis,
1208 2958 1241 2992 si
1269 2957 1411 3003 quidem
1441 2958 1491 3002 is,
1525 2959 1590 3005 qui
1615 2959 1660 2995 ab
1690 2959 1795 2995 initio
1828 2961 2016 2997 constituit
2039 2966 2149 3009 atque
2178 2962 2382 3008 aedificavit

197 3047 217 3079 2
230 3059 278 3089 sq.
302 3046 341 3079 ἐν
356 3044 406 3080 οἷς
423 3039 514 3089 ἦσαν
532 3046 574 3080 τὸ
593 3045 713 3081 πάλαι.
744 3047 781 3081 οἱ
799 3045 838 3081 δὲ
857 3045 1034 3082 ταύταςΑ
1052 3049 1064 3093 ΙΙ
1081 3049 1232 3094 φθεῖραι

151 3087 173 3132 ἢ
196 3091 324 3168 fimat}
341 3094 400 3174 Ιαιέῐ
418 3102 536 3146 nitores
556 3093 705 3147 accipere
726 3096 784 3144 apt
808 3104 1018 3149 corrumpere
1040 3095 1094 3171 §g
1103 3092 1230 3147 τολμή-

152 3146 279 3213 gagg?
299 3138 352 3221 01'1]'
373 3139 685 3225 ne'ss'fffflssssfflss
706 3149 1048 3225 ἷῆναῖζξίοᾞῖλ.
1072 3139 1232 3227 ςῗιῖινάῗημ

152 3224 232 3258 θῶς
252 3227 293 3265 Α,
315 3239 373 3259 om.
394 3240 412 3262 ς
431 3226 442 3270 ΙΙ
462 3229 501 3260 10
530 3225 563 3269 ἢ]
587 3223 607 3270 ἢ
632 3228 677 3260 Μ
691 3226 727 3260 οἱ
748 3229 780 3260 Α
799 3228 810 3270 ΙΙ
826 3230 951 3271 κοσμεῖ
969 3226 1230 3273 φυλάττεσθαι]

152 3266 402 3314 φυλάττεσθαι
422 3274 575 3313 κοσμίως
594 3273 625 3305 A
656 3271 667 3315 ΙΙ
699 3275 735 3306 11
763 3269 1018 3317 διαφερόντως]
1044 3277 1230 3316 competens

151 3315 197 3394 {AE
219 3317 256 3349 17
280 3311 406 3368 nav-ei]
430 3312 498 3404 {An
511 3316 522 3360 ΙΙ
545 3315 668 3401 Ῑξξείἢ]
675 3314 717 3395 Bi}
726 3318 757 3351 A
773 3318 785 3360 ΙΙ
802 3320 845 3402 '159
865 3315 1162 3397 μετατάττεσθαὶ
1174 3318 1230 3398 Ad}

151 3372 687 3450 00zth‘t‘i'i‘ssssfflaffssgssi‘h
711 3366 1187 3452 &Z‘ssssssifsssfffff‘iyffgoi
1203 3412 1228 3450 1,

149 3460 175 3492 3,
184 3459 218 3485 52
227 3452 333 3492 (53),5.
344 3459 371 3485 9.
380 3459 423 3485 10.
433 3452 516 3485 Nov.
528 3453 565 3492 V,
574 3454 594 3485 6
603 3451 614 3495 Η
626 3454 668 3486 22
676 3448 729 3485 ὢν
738 3453 790 3488 Ac,-
797 3453 929 3487 Nomoc.
938 3453 1027 3487 XIV
1026 3456 1086 3495 tii]
1098 3468 1154 3488 om.
1164 3456 1210 3487 M
1217 3455 1229 3501 [Ι

150 3498 193 3530 24
214 3492 263 3530 Οὗ
277 3494 564 3539 μὴν-σιτήσεις
580 3494 634 3538 46,
649 3504 665 3531 6
690 3499 722 3531 in
735 3499 809 3539 fine
822 3499 940 3541 capitis
954 3500 973 3532 8
994 3512 1102 3532 errore
1117 3513 1229 3533 manus

147 3543 255 3583 prima
280 3543 406 3585 repetiit
430 3544 463 3575 in
487 3542 540 3576 L:
575 3554 658 3585 quae
682 3544 715 3576 in
741 3543 846 3575 altera
869 3550 943 3576 utra
962 3551 1061 3587 parte
1080 3546 1152 3578 sola
1176 3558 1228 3578 ex-

149 3593 220 3619 tant
242 3587 484 3630 discrepantiae
508 3588 619 3621 notavi
640 3584 682 3620 L‘
710 3595 740 3621 et
766 3583 819 3620 L'‘
849 3588 860 3629 ΙΙ
890 3584 931 3620 οὗ
959 3584 1033 3632 μήν
1064 3601 1103 3623 τε
1135 3603 1228 3631 κεχυ-

148 3632 299 3673 μέναςΑ
314 3631 326 3675 ΙΙ
343 3632 407 3665 τοῦ
427 3630 551 3667 λοιποῦ
573 3645 630 3666 om.
647 3632 680 3665 B
696 3631 709 3676 ΙΙ
728 3634 767 3666 27
790 3633 934 3677 ἐφίεμεν
948 3631 1001 3667 L'‘
1022 3633 1035 3676 ΙΙ
1056 3636 1098 3669 28
1122 3632 1230 3668 αὐτὰς

149 3676 209 3716 Μ]
233 3672 318 3710 αὐτὸ
337 3678 459 3714 ΕΑΒς
477 3679 488 3720 ΙΙ
505 3679 547 3711 29
568 3674 682 3723 ἁγίων
698 3674 751 3710 L''
769 3676 782 3722 Η
798 3680 928 3725 χωρεῖν
949 3691 1005 3713 om.
1024 3680 1056 3712 A
1075 3678 1086 3724 ΙΙ
1104 3682 1144 3713 30
1166 3672 1230 3712 οὖν

151 3732 210 3755 om.
232 3722 262 3755 L
281 3722 292 3765 ΙΙ
308 3718 399 3755 κατά
424 3735 465 3756 τε
486 3722 554 3766 τὴν
574 3724 605 3756 Α
631 3721 644 3767 ΙΙ
670 3724 709 3757 31
734 3721 891 3769 μεγάλην
912 3736 969 3758 om.
994 3720 1066 3769 L'ss
1091 3723 1227 3768 βασιλί-

1301 3047 1360 3083 δος
1370 3047 1420 3082 L‘'
1441 3051 1453 3086 ΙΙ
1469 3048 1600 3092 ταύτης
1612 3046 1754 3093 ἡμῶνΑ
1770 3050 1782 3093 ΙΙ
1802 3053 1843 3085 32
1863 3053 1923 3083 καὶ
1935 3050 2048 3084 τάς-
2058 3050 2241 3094 ἐκκλησίας
2253 3067 2309 3087 om.
2321 3055 2355 3086 B
2369 3054 2380 3098 Η

1302 3097 1342 3127 33
1365 3096 1424 3127 καὶ
1444 3092 1550 3128 ἄλλας
1569 3093 1632 3128 τὰς
1652 3095 1856 3130 ἐνταῦθαᾼ
1871 3095 1883 3139 ΙΙ
1901 3095 2073 3141 γίνεσθαι
2089 3098 2122 3130 Β
2138 3099 2150 3140 Η
2168 3098 2283 3131 ταῦτα
2297 3100 2378 3140 LE]

1300 3137 1416 3182 τούτῳ
1431 3140 1484 3182 τῷ
1500 3141 1569 3181 Μς,
1584 3153 1641 3173 om.
1655 3141 1686 3173 A
1704 3140 1716 3181 ΙΙ
1733 3142 1775 3174 34
1796 3137 2050 3186 περιλάβωμεν
2063 3142 2099 3174 Β
2117 3141 2129 3186 ΙΙ
2146 3140 2258 3185 νόμῳ]
2272 3141 2377 3186 τύπῳ

1300 3186 1341 3217 Α.
1364 3186 1426 3218 Est
1446 3187 1573 3218 novella
1594 3185 1658 3218 III
1670 3185 1681 3228 ΙΙ
1702 3187 1743 3219 36
1769 3181 1901 3231 ὥρισεν
1915 3194 1991 3229 post
2012 3188 2145 3232 μέτρον
2170 3190 2237 3229 (46,
2255 3190 2280 3230 1)
2306 3191 2376 3223 coll.

1300 3227 1352 3262 L‘'
1373 3229 1384 3273 ΙΙ
1400 3230 1631 3275 χειροτονιῶν
1651 3231 1735 3272 Α(ς)

1347 3323 1360 3353 1
1389 3320 1574 3352 efficientur
1596 3322 1681 3363 vuly.
1699 3321 1710 3363 Ι]
1730 3323 1750 3354 2
1774 3321 1895 3353 sanctis
1920 3322 2146 3364 (sanctissimis
2165 3322 2228 3364 R2)
2253 3323 2375 3366 aplica-

1298 3365 1390 3397 bitur
1413 3365 1446 3398 R
1476 3363 1489 3408 ΙΙ
1516 3367 1535 3399 3
1558 3375 1611 3398 eas
1634 3367 1703 3406 aut]
1729 3377 1782 3398 eas
1807 3368 1838 3398 et
1861 3367 1911 3399 R¹
1935 3366 1946 3409 ΙΙ
1967 3369 1988 3400 4
2012 3368 2266 3409 praesumpserit
2291 3369 2328 3402 V
2335 3371 2343 3389 ¹
2364 3369 2376 3416 Ι]

1298 3413 1315 3443 7
1332 3421 1442 3442 errore
1457 3410 1488 3442 R
1506 3409 1518 3452 ss
1534 3411 1553 3444 8
1567 3421 1626 3443 nos
1640 3410 1689 3451 V]
1705 3424 1763 3446 om.
1776 3412 1845 3444 RT
1856 3411 1867 3453 ΙΙ
1887 3413 1906 3444 9
1921 3411 2130 3444 definiuimus
2144 3413 2176 3445 V
2194 3412 2206 3456 ΙΙ
2226 3415 2264 3447 12
2280 3414 2376 3447 debet

1298 3455 1347 3488 R¹
1374 3454 1386 3497 ΙΙ
1418 3456 1455 3488 13
1478 3457 1716 3488 conseruentur
1739 3457 1772 3490 R
1795 3455 1807 3500 ΙΙ
1837 3458 1875 3489 15
1901 3454 2089 3497 relinquere
2116 3458 2145 3490 R
2161 3459 2173 3499 11
2191 3459 2374 3491 sacerdotio

1298 3501 1349 3533 Ra
1376 3499 1388 3543 ΙΙ
1422 3501 1461 3533 16
1487 3500 1595 3541 Quod]
1621 3501 1804 3542 quidemV
1828 3501 1839 3544 ΙΙ
1865 3501 2070 3544 presbyteros
2094 3505 2126 3534 et
2149 3502 2350 3538 diaconosT
2369 3504 2375 3547 Ι

1301 3547 1339 3578 17
1375 3545 1477 3577 lectos
1506 3546 1558 3578 Ra
1588 3544 1601 3589 ΙΙ
1631 3547 1672 3579 18
1715 3557 1801 3578 sema
1835 3546 1882 3579 Β*
1909 3546 1921 3588 ΙΙ
1953 3547 1995 3579 22
2034 3547 2217 3589 deponetur
2246 3551 2331 3593 vulq.
2369 3548 2374 3593 Ι

1299 3591 1340 3623 26
1361 3589 1472 3631 1166161
1485 3590 1518 3623 V
1521 3591 1530 3610 ¹
1548 3589 1559 3633 ΙΙ
1579 3592 1709 3633 oportet
1722 3591 1759 3624 V
1776 3590 1788 3634 ΙΙ
1808 3593 1847 3624 27
1874 3593 1997 3632 tamen]
2021 3590 2069 3624 tn‘i
2087 3592 2126 3626 V
2137 3593 2149 3636 ΙΙ
2165 3593 2304 3626 siuimus
2317 3594 2355 3627 V
2360 3595 2373 3615 ³

1301 3648 1362 3665 *u
1387 3635 1512 3667 iuimus
1536 3635 1573 3668 V
1580 3637 1589 3656 ¹
1606 3635 1618 3676 ΙΙ
1637 3638 1679 3670 28
1704 3639 1855 3679 prompte
1880 3637 2082 3681 Homberyk,
2105 3642 2240 3681 propter
2265 3641 2342 3673 libri
2361 3639 2374 3684 ss

1299 3682 1341 3713 29
1357 3680 1484 3721 uenire]
1499 3681 1608 3713 ueniri
1621 3681 1659 3714 V
1671 3682 1744 3713 iure
1758 3682 1789 3713 R
1808 3680 1820 3725 ΙΙ
1838 3683 1875 3715 31
1900 3681 2010 3723 regiae
2028 3685 2158 3716 nostrae
2171 3684 2216 3724 R]
2238 3686 2370 3717 nostrae

1298 3725 1407 3766 regiae
1430 3725 1467 3758 V
1484 3726 1569 3770 vulq.
1585 3725 1598 3770 ss
1617 3726 1817 3767 constitutis]
1842 3726 1980 3761 ciuitate
2000 3727 2078 3773 Rau
2098 3731 2139 3764 33
2159 3729 2303 3772 spiritali
2324 3730 2369 3763 R¹
