2612 4016
1275 918 1361 982 ΙΙ.

319 1039 771 1104 APPENDIX
829 1040 1608 1108 CONSTITUTIONUM
1661 1018 2321 1111 -DISPERSARUM,

758 1357 852 1406 DE
899 1288 1402 1408 ADSORIPTICIlIS
1449 1358 1541 1407 ET
1585 1355 1888 1407 COLONIS.

878 1435 965 1481 Imp.
990 1434 1212 1472 lastinianus
1236 1435 1327 1480 Aug.
1352 1433 1540 1470 Dominico
1564 1433 1763 1479 praefecto.
2452 1442 2471 1473 5

340 1500 636 1546 (Praefatio.)
670 1501 847 1539 Adierunt
870 1505 1030 1539 nostram
1054 1502 1282 1539 serenitatem
1306 1501 1599 1546 Lugdunensium
1623 1501 1848 1538 habitatores
1868 1503 1905 1537 et
1926 1501 1996 1537 hoc
2017 1511 2083 1538 nos
2108 1501 2323 1537 docuerunt:
2370 1503 2430 1538 uia

206 1547 290 1580 ante
320 1546 569 1591 proposuimus
599 1546 723 1590 legem,
755 1557 820 1592 per
851 1558 958 1593 quam
985 1548 1153 1584 iussimus
1185 1548 1304 1584 adseri
1331 1547 1433 1583 ticios
1463 1546 1519 1582 vel
1551 1547 1698 1583 colonos
1723 1546 1992 1583 commiscentes
2017 1556 2057 1582 se
2079 1546 2202 1582 liberis
2222 1547 2360 1583 mulieri
2386 1558 2428 1584 us

205 1599 396 1634 procreare
423 1590 516 1627 filios
548 1591 595 1627 ad
625 1592 890 1629 similitudinem
913 1593 1117 1636 liberorum,
1150 1596 1213 1635 [et]
1238 1603 1282 1629 ex
1331 1602 1373 1629 oc
1396 1591 1641 1628 detrimentari
1658 1591 1791 1628 fundos
1815 1595 1851 1627 et
1873 1601 1996 1628 eorum
2019 1591 2235 1634 functiones,
2258 1593 2427 1628 receden-

206 1634 303 1670 tibus
333 1635 498 1680 agricolis
528 1636 624 1672 velut
654 1646 699 1672 ex
731 1641 833 1673 utero
865 1637 977 1675 libero
1009 1638 1298 1684 procedentibus.

1213 1726 1370 1762 CAPUT
1394 1726 1422 1762 1.

344 1791 392 1826 Et
414 1790 483 1826 hoc
507 1791 723 1835 corrigentes
747 1792 937 1835 sancimus,
962 1793 1158 1829 secundum
1182 1795 1335 1829 veterem
1358 1792 1471 1836 legem
1493 1792 1537 1827 de
1560 1792 1798 1837 adscripticiis
1819 1794 1855 1827 et
1878 1792 2013 1828 colonis
2039 1792 2245 1828 constitutis
2260 1793 2425 1839 agricolis
2452 1800 2492 1832 10

209 1835 304 1879 quod
334 1835 495 1870 nascitur
526 1835 792 1880 adscripticium
824 1840 860 1872 et
884 1838 1048 1873 colonum
1071 1837 1164 1881 fie1i3
1197 1837 1260 1873 sed
1283 1837 1315 1872 si
1337 1837 1415 1872 sola
1438 1836 1548 1872 fuerit
1573 1836 1700 1871 mulier
1722 1837 1836 1872 libera
1859 1837 2056 1872 constituta
2079 1847 2159 1872 cum
2184 1839 2423 1889 procreaverit

206 1880 318 1923 filios,
348 1885 435 1915 tunc
462 1890 545 1924 ergo
576 1880 675 1916 nullo
707 1881 811 1916 modo
842 1882 999 1933 patimur
1027 1882 1121 1918 laedi
1143 1892 1188 1918 ex
1208 1882 1277 1917 hoc
1301 1882 1445 1927 penitus
1468 1880 1619 1916 liberum
1643 1882 1795 1924 uterum,
1829 1883 1869 1915 ut
1892 1890 1983 1926 quae
2006 1881 2088 1917 talis
2113 1881 2239 1917 mulier
2261 1883 2325 1918 tali
2349 1883 2424 1920 viro

207 1925 346 1960 sociata
376 1924 503 1967 fuerit,
535 1935 649 1970 neque
680 1926 907 1971 adscripticio
931 1937 1046 1972 neque
1071 1927 1218 1971 colono3
1250 1926 1289 1962 in
1311 1927 1381 1962 hoc
1403 1926 1648 1962 tantummodo
1674 1935 1762 1962 casu
1786 1925 1969 1962 obtinente
1991 1926 2078 1970 lege.
2128 1926 2315 1963 Sancimus
2339 1937 2422 1973 ergo

206 1969 407 2012 generalem
436 1969 559 2013 legem,
591 1973 633 2005 ut
664 1970 726 2015 qui
750 1980 794 2005 ex
816 1970 1044 2016 adscripticio
1069 1975 1105 2007 et
1128 1972 1254 2008 colono
1276 1973 1384 2006 natus
1408 1972 1463 2006 est
1486 1970 1600 2015 patris
1623 1974 1788 2005 naturam
1811 1974 1992 2015 sequatur.
2040 1970 2100 2006 Sic
2123 1981 2205 2016 ergo
2230 1974 2267 2007 et
2288 1972 2422 2008 indem-

206 2013 301 2048 nitas
333 2013 411 2049 fisci
444 2014 673 2050 collatoribus
705 2015 788 2055 erit,
845 2025 949 2052 arens
982 2016 1175 2052 carissime.
1223 2016 1302 2051 Hoc
1326 2025 1409 2058 ergo
1432 2014 1613 2049 medentes
1637 2018 1862 2059 praesentem
1885 2014 2152 2061 dispositionem
2172 2015 2421 2061 disposuimus,
2449 2023 2489 2056 15

207 2067 312 2137 quam
343 2059 532 2137 odbservare
563 2062 662 2137 {uam
692 2059 818 2095 celsitu
845 2060 935 2095 'nem
965 2061 1146 2097 sancimus
1176 2060 1214 2095 in
1246 2059 1409 2096 omnibus
1441 2058 1652 2105 Illyricianis
1681 2059 1864 2104 partibus,
1896 2064 1938 2095 ut
1969 2069 2042 2095 non
2077 2059 2205 2095 exinde
2228 2062 2422 2098 deminutio

208 2103 258 2137 ai
283 2111 330 2138 ua
379 2103 505 2138 ominis
528 2103 564 2139 in
581 2106 712 2139 eratur.

195 2191 197 2193 ι
260 2113 281 2147 q
338 2147 626 2193 (Epilogus.)
670 2148 751 2184 Tua
783 2148 891 2193 igitur
924 2148 1038 2193 gloria
1072 2157 1164 2193 quae
1198 2149 1302 2185 nobis
1334 2149 1411 2185 visa
1442 2151 1528 2185 sunt
1557 2151 1594 2185 et
1625 2158 1690 2194 per
1720 2148 1815 2184 hanc
1845 2148 1956 2193 legem
1987 2149 2146 2186 divinam
2176 2149 2425 2195 significantur

190 2191 349 2227 'effectui
373 2192 577 2237 mancipare
606 2193 772 2236 festinet,
803 2194 916 2229 multa
947 2193 1150 2228 imminente
1182 2194 1304 2229 decem
1328 2194 1502 2230 librarum
1526 2193 1605 2229 auri
1629 2194 1688 2238 qui
1712 2203 1791 2228 eam
1814 2193 1997 2230 violaverit
2020 2198 2084 2230 aut
2107 2195 2326 2232 concesserit
2347 2195 2421 2231 vio-

205 2236 357 2273 landam.
405 2237 489 2273 Dat.
507 2238 585 2274 VII.
611 2238 658 2274 id.
683 2238 796 2284 April.
823 2238 890 2274 GP.
915 2238 998 2284 imp.
1023 2238 1080 2274 dn.
1105 2238 1293 2275 Iustiniani
1316 2238 1427 2285 (pp.)
1445 2240 1538 2283 Aug.
1564 2248 1659 2275 anuo
1683 2238 1780 2274 XIV.
1801 2238 1939 2276 Iustino
1962 2239 2052 2286 (vc.)
2076 2249 2174 2277 cons.
2256 2243 2302 2283 [a.
2328 2243 2420 2284 540]
2446 2244 2488 2278 20

1284 2416 1321 2452 11

251 2485 475 2536 IUSSIO
522 2485 903 2537 IUSTINIANI
949 2444 1585 2605 ΙΜΡΕΙὲιξζἙἏΙΞΙΞΝΞΒΟ
1631 2485 2029 2537 PRIVILEGrIO
2078 2486 2379 2539 OONOILII

204 2628 402 2673 Imperator
432 2630 650 2666 lastinianus
681 2630 939 2667 Alamannicus
972 2630 1148 2667 Gothicus
1179 2630 1378 2666 Francicus
1408 2629 1644 2666 Germanicus
1675 2629 1830 2666 Anticus
1863 2629 2035 2666 Alanicus
2058 2629 2302 2668 Uuandalicus
2324 2631 2419 2667 Afri-

206 2683 316 2710 canus
339 2674 454 2720 (pius)
477 2674 563 2712 felix
593 2675 738 2712 inolitus
770 2675 884 2712 victor
915 2685 959 2712 ac
982 2676 1589 2766 triumplazigiffgmssgassililgustus
1612 2674 1774 2711 Daciano
1798 2674 2072 2720 metropolitano
2094 2676 2242 2721 Byzacii
2263 2678 2301 2712 et
2324 2677 2420 2713 omni
2444 2680 2487 2714 25

338 2786 540 2823 Restitutus
561 2790 598 2824 et
620 2787 808 2824 Heraclius
830 2787 1113 2824 reverendissimi
1135 2788 1201 2824 viri
1223 2787 1379 2823 omnium
1402 2787 1662 2834 quodammodo
1686 2785 1795 2822 vestri
1820 2785 1962 2822 concilii
1984 2786 2210 2822 sacerdotum
2232 2797 2305 2823 non
2328 2788 2421 2824 rela-

205 2829 337 2865 tionem
368 2834 508 2867 tantum
536 2832 599 2868 sed
629 2833 745 2878 ipsam
777 2833 844 2869 visi
867 2836 951 2869 sunt
973 2833 1145 2868 adtulisse
1168 2832 1422 2878 praesentiam
1453 2832 1638 2869 relucebat
1660 2839 1813 2875 namque
1834 2830 1872 2866 in
1895 2830 1946 2866 eis
1969 2831 2108 2876 puritas
2131 2834 2271 2867 vestrae
2294 2836 2420 2868 aucto-

205 2874 320 2910 ritatis
352 2878 388 2911 et
417 2876 520 2912 vitae.
566 2877 644 2914 Nec
675 2878 791 2914 solum
822 2877 1075 2914 ecclesiasticis
1107 2877 1227 2914 causis
1261 2876 1325 2913 sed
1352 2878 1462 2913 totius
1485 2876 1690 2923 provinciae
1712 2874 1926 2911 utilitatibus
1944 2875 2174 2920 profuerunt,
2203 2875 2359 2912 dicentes
2383 2879 2420 2913 et

339 2965 426 3009 App.
451 2967 475 3000 I
494 2975 540 3000 est
563 2969 595 3001 in
616 2968 700 3002 IuLv
723 2969 869 3010 (contulit
896 2968 1051 3011 Girard)‚
1085 2970 1223 3003 eiusdem
1252 2969 1341 3002 Utin.
1368 2976 1397 3002 et
1423 2969 1575 3010 Trivulz„
1595 2974 1772 3011 praeterea
1796 2967 1830 3001 in
1855 2967 1924 3011 leye
1947 2966 2098 3001 Romana
2119 2967 2272 3001 canonice
2295 2974 2420 3011 compta

206 3010 288 3052 (cod.
315 3009 423 3044 Paris.
440 3013 550 3046 12448
574 3013 618 3054 [l]
642 3014 775 3047 contulit
796 3013 954 3056 Krt'a'qer).

340 3056 427 3099 App.
451 3057 496 3090 II
512 3064 559 3091 est
581 3059 614 3091 in
637 3058 701 3092 Iul.
732 3058 883 3092 Utinensi
903 3058 1048 3101 (contulit
1070 3058 1224 3100 Haencl),
1250 3058 1299 3092 ed.
1323 3058 1479 3092 Pithoeus
1497 3070 1534 3102 p.
1552 3058 1616 3091 237
1643 3057 1752 3091 codice
1775 3068 1851 3090 usus
1869 3056 1988 3100 iynoto.

250 3200 272 3231 4
295 3199 492 3242 ascriptieiis
508 3201 591 3234 IuLP
609 3202 669 3242 (cic
691 3204 827 3246 semper)
850 3202 890 3236 de
913 3202 1081 3245 scriptitio
1105 3204 1138 3236 et
1161 3202 1279 3236 colono
1347 3203 1381 3235 et
1404 3215 1462 3237 om.
1480 3203 1494 3237 l
1525 3201 1538 3247 [Ι
1568 3201 1811 3246 significantem
1833 3201 1916 3235 Iul!
1935 3198 1958 3242 l,
1991 3213 2073 3234 corr.
2098 3200 2196 3234 Kroll
2223 3200 2420 3243 (significata

207 3253 246 3275 ex
260 3242 325 3275 fine
341 3244 493 3277 nouellae
506 3246 518 3278 l
533 3245 545 3288 ΙΙ
563 3248 582 3279 5
599 3246 775 3281 Dominico
790 3258 845 3290 pp.
859 3247 991 3291 Illyrici
1007 3249 1089 3282 coni.
1107 3248 1256 3282 BIiraeus
1268 3247 1279 3292 ΙΙ
1347 3248 1509 3290 Miraeus)
1533 3247 1546 3291 ss
1573 3249 1614 3282 19
1635 3247 1752 3279 effectu
1770 3248 1782 3279 l
1797 3246 1810 3289 ss
1834 3245 1958 3278 mulcta
1976 3246 1988 3278 l
2001 3244 2014 3289 ss
2031 3245 2259 3278 imminentem
2273 3246 2356 3280 Iul!
2375 3247 2388 3279 l
2407 3247 2419 3287 ΙΙ

207 3287 394 3321 eadierunt
407 3289 507 3322 Kroll
516 3297 546 3323 et
557 3291 710 3332 Skutsch]
728 3292 913 3326 docuerunt
931 3291 1280 3336 librissligdinensium
1347 3293 1390 3326 20
1424 3295 1546 3326 subscr.
1582 3292 1648 3325 dat.
1679 3291 1741 3324 sub
1769 3290 1815 3325 id.
1847 3290 1891 3332 (d.
1920 3291 1949 3332 ἱ)
1985 3289 2101 3332 aprilis
2139 3290 2420 3334 constantinopoli

206 3331 300 3370 Iulffl,
324 3331 604 3374 ligdiniensiuml
626 3335 639 3378 ΙΙ
662 3339 679 3369 7
706 3335 825 3379 legem]
853 3338 932 3371 eod.
948 3338 1070 3379 11,48‚
1085 3344 1120 3371 24
1145 3340 1187 3381 cf.
1204 3350 1277 3371 nov.
1348 3336 1437 3374 (-lim
1454 3336 1484 3381 ἱ)
1515 3337 1594 3380 imp.
1619 3336 1704 3370 dom.
1729 3346 1786 3368 nn.
1819 3335 1936 3377 (dnm.
1956 3335 1984 3375 ἱ)
2015 3334 2200 3368 iustiniano
2230 3345 2306 3377 aug.
2330 3345 2418 3368 anno

213 3375 353 3409 CLXII
372 3390 397 3410 c.
415 3379 435 3410 2
461 3377 474 3422 ΙΙ
502 3380 789 3414 commiscentibus
812 3382 895 3416 IuLP
913 3383 925 3415 l
940 3382 952 3425 ΙΙ
977 3382 1176 3415 mulieribus
1191 3395 1248 3416 om.
1268 3383 1280 3415 l
1347 3383 1413 3423 (an.
1438 3383 1544 3423 IulJ’)
1575 3382 1701 3415 iustino
1725 3381 1870 3422 (austino
1887 3380 1917 3421 I)
1949 3379 2082 3413 consule
2105 3379 2189 3413 lum
2212 3381 2225 3413 l
2252 3380 2265 3423 ΙΙ
2297 3381 2339 3414 22
2363 3379 2418 3412 hio

206 3418 218 3458 ΙΙ
234 3420 254 3452 8
268 3429 430 3461 proquare
448 3422 486 3465 ΙΙΙ
503 3422 602 3464 filios]
619 3423 740 3458 liberos
757 3427 770 3458 l
784 3425 797 3469 ΙΙ
814 3427 847 3459 et
866 3427 927 3460 del.
945 3427 1083 3460 Skutsch
1102 3427 1114 3470 ΙΙ
1130 3429 1150 3462 9
1163 3437 1278 3469 proce·
1346 3426 1488 3460 habetur
1511 3426 1618 3459 iussio
1648 3426 1736 3459 Utin.
1751 3424 1764 3469 ΙΙ
1792 3424 1969 3467 privilegio
1995 3425 2094 3465 Pida]
2121 3424 2302 3467 priuilegia
2330 3424 2416 3457 Utin.

207 3462 320 3496 dentes
336 3465 418 3497 lum
433 3465 446 3509 ΙΙ
467 3468 507 3501 10
524 3470 556 3499 et
572 3469 635 3501 hoc
652 3470 675 3509 l]
695 3480 734 3502 ex
749 3470 811 3502 hoc
827 3471 910 3503 IulJ'
928 3472 941 3515 ΙΙ
965 3473 1001 3505 11
1020 3471 1109 3513 quod
1128 3471 1278 3505 nascitur
1346 3470 1534 3515 privilegiis
1559 3469 1661 3504 Zach.
1677 3470 1690 3514 fl
1709 3471 1750 3504 23
1775 3469 1936 3503 Uizaceni
1966 3469 2051 3502 Utin.
2071 3468 2160 3503 Pitk.
2186 3470 2280 3508 (idem
2303 3480 2333 3500 ν.
2358 3468 2416 3507 26)

208 3519 266 3539 οηι.
284 3509 296 3539 l
312 3508 324 3550 ΙΙ
340 3508 462 3542 fierieri
478 3511 490 3543 l
503 3513 515 3552 fl
536 3513 577 3544 12
601 3514 705 3554 utque
719 3515 802 3547 lum
819 3514 856 3558 ΙΙΙ
878 3517 917 3548 13
939 3516 1118 3558 adscriptio
1136 3517 1164 3549 1⁰
1179 3518 1191 3559 ΙΙ
1210 3527 1278 3549 non
1346 3517 1359 3561 ΙΙ
1382 3518 1425 3550 24
1447 3515 1593 3558 gottious
1623 3515 1710 3549 Utin.
1736 3514 1822 3548 Pith.
1853 3518 1866 3558 u
1894 3514 1934 3547 27
1960 3512 2150 3546 hereacleus
2178 3513 2264 3547 Utin.
2288 3511 2302 3555 fl
2326 3511 2415 3552 quod

206 3550 310 3602 {uerit
334 3553 522 3587 Zachariae
551 3551 613 3596 (ὦς
642 3557 705 3599 τῆς
734 3554 898 3600 τοιαύτης
925 3559 1093 3605 γυναικὸς
1122 3560 1277 3603 τοιούτῳ
1346 3560 1389 3594 ad
1411 3560 1546 3594 modum
1575 3561 1675 3601 Utin„
1700 3559 1789 3601 quod
1812 3558 1854 3591 ad
1876 3557 1973 3591 modo
1999 3558 2095 3600 Pala,
2120 3569 2202 3591 corr.
2228 3554 2415 3590 Zachariae

207 3591 311 3669 “⁹332
326 3597 587 3646 (ἴυζευκθδίσης)
604 3600 616 3643 ΙΙ
636 3603 677 3634 14
700 3602 852 3643 generali
869 3603 942 3644 lege
965 3607 1047 3638 coni.
1065 3603 1251 3639 Zachariae
1266 3604 1278 3650 ΙΙ
1344 3604 1357 3651 ΙΙ
1380 3607 1423 3640 28
1446 3605 1550 3648 ipsam
1576 3603 1773 3644 Zachariae]
1796 3613 1858 3637 sua
1880 3601 1966 3636 Pala.
1990 3601 2110 3644 (Utin.)
2127 3600 2207 3644 nusi
2236 3600 2322 3633 Utin·
2340 3599 2353 3637 ll
2371 3601 2413 3635 29

211 3638 251 3670 15
299 3649 345 3670 ⁸01
362 3639 557 3693 Zachariae]
573 3643 650 3677 fisco
665 3646 759 3687 Iam,
784 3657 803 3679 a
827 3646 904 3679 fisco
921 3649 955 3679 et
970 3649 1008 3689 ΖΗ
1026 3649 1088 3681 hoc
1105 3650 1223 3690 Kroll]
1240 3651 1277 3683 in
1346 3652 1380 3683 et
1400 3658 1475 3694 post
1496 3649 1643 3683 dicentes
1667 3661 1725 3682 om.
1750 3648 1838 3682 Pieli.
2090 3666 2094 3668 *

208 3680 271 3713 hoo
282 3681 385 3715 Iul.²²l
399 3683 412 3725 ΙΙ
428 3694 598 3725 posuimus
612 3689 623 3721 l
637 3689 648 3728 ΙΙ
671 3689 711 3722 16
728 3700 823 3731 quem
836 3691 940 3724 IulJ’l
955 3691 968 3734 ΙΙ
985 3692 1164 3725 diminutio
1177 3694 1190 3726 l
1204 3693 1217 3736 fl
1236 3695 1277 3728 18
