2580 4022
1325 91 1413 160 ἠιξ

267 118 372 160 Nov.
398 117 588 160 CXLVII
616 129 677 170 pr.
1962 134 2022 164 ms
2050 134 2254 172 RELIQUIS
2283 135 2485 167 Punmcrs

265 226 346 261 τοὺς
369 227 500 259 τοῦτον
522 224 785 269 μανθάνοντας
808 226 1004 269 προθεῖναι
1027 225 1120 259 κατὰ
1135 223 1244 259 πόλιν
1261 225 1341 259 ἑκά-

265 282 364 312 στην,
377 267 515 303 εἰδότας
538 268 586 303 αἱς
600 270 717 302 ταῦτα
735 269 1026 314 παραφυλάττειν
1037 269 1152 313 χρεὼν
1166 268 1343 314 ἡμετέραν

265 311 507 366 ἀγανάκτησιν
533 312 710 366 ’δεδιότας
759 314 840 348 Dat.
868 314 926 349 VI.
952 314 999 349 id.
1025 314 1131 349 Febr.
1159 315 1340 366 opt..imp·
1456 315 1538 351 Dat·
1558 315 1618 352 VI.
1639 316 1687 352 id.
1705 317 1812 354 Febr.
1831 319 1899 354 ΟΡ.
1923 319 2007 365 imp.
2025 321 2081 356 dn.
2102 320 2289 357 Iustiniani
2312 331 2372 366 pp.
2392 321 2481 366 Aug.

263 359 322 393 dn.
354 358 543 394 Iustiniani
573 369 633 404 pp.
660 360 750 404 Aug.
782 368 875 395 anno
899 358 1029 395 XXVI.
1055 368 1112 404 pc.
1137 359 1259 395 Basssu
1282 371 1335 395 vc.
1371 363 1499 396 alanno
1523 361 1654 398 XXVI.
1680 373 1737 407 pc.
1762 364 1873 399 Basili
1896 375 1948 399 vc.
1974 375 2067 402 anno
2092 366 2174 402 XII.

262 412 357 439 anno
379 402 459 438 XII.
1293 407 1338 446 [a.
1355 408 1432 447 553]

745 561 847 608 ῑῑιιῖῐ
1855 574 2030 612 CXLVII.
2214 577 2323 612 Auth.
2342 576 2484 613 cxxv.

260 638 396 674 ῼΣΤΕ
447 639 552 674 ΤΑΣ
604 639 1042 675 ΕΠΟΦΕῙΛΟΜΕΝΑΣ
1090 639 1339 675 ΛΟῙΠΑΔΑΣ
1409 640 1474 675 DE
1506 639 1728 685 RELIQUIS
1761 641 1978 678 PUBLICIS
2007 642 2108 678 NON
2134 642 2400 680 EXIGENDIS
2421 644 2485 679 ET

260 684 383 717 ΤΟῙΣ
421 684 677 718 ΕΠΑΡΧΟῙΣ
715 686 753 719 Η
789 686 912 720 ΤΑΙΣ
950 683 1267 720 ΙιΑΙίΟτΙΤΙΟΣΙΝ
1303 686 1340 720 Η
1408 685 1475 719 DE
1518 685 1827 723 DISCUSSIONE
1864 687 2186 725 DIVERSARUM
2218 689 2483 726 ACTIONUM.

260 729 382 762 ΤΟΙΣ
417 729 696 763 ΠΡΙΒΑΤΟΙΣ
731 730 768 763 Η
798 731 888 765 Tm
918 730 1053 763 θΕΙῼΙ
1083 730 1339 765 ΠΑΤΡΙΜΟ-

259 774 364 807 ΝΙῼΙ
387 774 759 808 ΣῩΓΧῼΡΕΙΣΘΑΙ
790 776 853 809 ΕΝ
880 775 1040 808 ΠΑΝἸῚ
1069 775 1194 808 ΕΙΔΕΙ
1219 775 1396 809 AXP110

259 819 365 852 ΤΗΣ
403 819 774 853 ΠΑΡΕΛΘΟΥΣΗΣ
813 820 1054 854 ΕΒΔΟΜΙ-ΙΣ
1093 821 1340 855 ΕΠΙΝΕΜΗ-

438 863 567 898 ΣΕΩΣ
591 864 685 898 ΚΑΙ
709 864 887 898 ΑΥΤΗΣ
912 865 1163 898 ΟΦΕΙΑΕΙΝ.

256 926 294 963 Ὁ
318 925 424 963 αὐτὸς
446 927 614 973 βασιλεὺς
625 925 839 973 Ἀρεοβίνὸῳ
864 931 916 972 τῷ
943 927 1170 973 ἐνδοξοτάτῳ
1191 928 1337 975 ἐπάρχῳ

256 975 333 1008 τῶν
368 973 476 1018 ἱερῶν
510 978 747 1018 πραιτιορίων
778 976 838 1017 τῆς
862 971 937 1007 Ἕω
969 977 1028 1008 καὶ
1060 971 1134 1009 ἀπὸ
1168 975 1338 1017 ἐπάρχων

320 1020 383 1061 τῆς
406 1016 615 1062 εὐδαίμονος
639 1019 769 1061 ταύτης
793 1017 932 1054 πόλεως
955 1022 1016 1052 καὶ
1039 1019 1278 1067 στρατηλάτῃ.
1353 1023 1393 1056 15

1682 930 1781 967 Idem
1802 932 1893 977 Aug.
1914 933 2132 969 Ariobindae
2155 943 2216 979 pp.

299 1085 610 1131 (Προοίμιον.)
651 1086 698 1119 Εἰ
721 1089 779 1120 καὶ
805 1085 967 1129 δαπάνης
991 1087 1058 1121 νῖν
1082 1085 1214 1130 πολλῆς
1238 1087 1337 1133 εἴπερ

255 1133 344 1165 ποτὲ
375 1132 428 1173 τῷ
459 1130 695 1171 πολιτεύματι
727 1130 789 1174 δεῖ,
816 1131 996 1174 τοσαύτην
1018 1133 1194 1177 μεγέθους
1219 1130 1336 1166 ἐπίὸο-
1406 1142 1511 1177 quam
1542 1133 1731 1177 aliquando
1765 1133 1982 1179 reipublicae
2006 1138 2158 1178 oportet,
2189 1137 2325 1170 tantam
2348 1137 2482 1179 magni-

255 1187 315 1209 σιν
342 1172 507 1219 εὐμενείᾳ
537 1175 691 1220 λαβόντι
722 1176 812 1209 θεοῦ
845 1179 904 1210 καὶ
933 1176 1023 1220 πρὸς
1054 1177 1121 1219 τὴν
1152 1178 1212 1217 τῆς
1236 1189 1336 1222 προς·
1405 1177 1537 1212 tudinis
1583 1178 1840 1222 praebitionem
1882 1179 2097 1222 benignitate
2132 1180 2322 1224 accipienti
2357 1180 2413 1215 dei
2448 1182 2485 1216 et

255 1220 368 1263 θ’ήκης
401 1217 598 1266 ἀναλογίαν
634 1223 705 1254 τοῖς
741 1224 998 1266 περικειμένοις
1032 1220 1337 1265 προςπολεμοῦντι
1405 1223 1585 1266 augmenti
1605 1223 1650 1257 ad
1667 1223 1839 1258 rationem
1857 1224 2150 1269 superimpositos
2168 1226 2385 1269 expugnanti
2401 1225 2483 1261 bar·

253 1266 460 1312 βαρβάροις,
492 1267 616 1300 πᾶσαν
647 1262 745 1309 ὅμως
769 1267 983 1308 ἐπινοοῦμεν
1007 1265 1110 1310 ὁδόν,
1134 1263 1182 1300 ὠς
1206 1264 1254 1300 ἂν
1278 1270 1392 1301 καὶ20
1407 1267 1523 1311 baros,
1547 1277 1685 1302 omnem
1710 1271 1830 1303 tamen
1853 1268 2070 1313 providimus
2095 1269 2197 1313 viam,
2221 1273 2345 1314 utpote
2368 1273 2404 1305 et
2422 1281 2482 1305 ex-

253 1317 300 1343 τα
333 1311 395 1353 τῆς
426 1314 590 1355 χορηγίας
620 1308 787 1344 ἀκώλυτοι
818 1314 959 1356 γένοιτο
995 1314 1054 1344 καὶ
1077 1309 1189 1354 μηδὲν
1211 1310 1336 1357 φιλαν-
1406 1322 1597 1357 pensarum
1629 1323 1702 1349 non
1726 1313 1908 1358 prohibita
1930 1314 2019 1348 fiant
2042 1317 2078 1349 et
2101 1313 2199 1348 nulla
2218 1314 2484 1351 misericordiae

254 1356 424 1400 θρωπίας
459 1353 550 1389 εἶδος
585 1358 667 1397 περὶ
702 1356 785 1390 τοὺς
816 1355 997 1401 ὑποτελεῖς
1031 1356 1112 1390 τοὺς
1151 1354 1337 1401 ἡμετέρους
1406 1357 1543 1401 species
1575 1357 1673 1393 circa
1695 1358 1875 1393 subiectos
1898 1362 2041 1394 nostros
2064 1358 2294 1402 relinquatur.
2343 1359 2483 1404 Quanta

254 1399 581 1444 παραλιμπάνοιτο.
630 1398 698 1434 ὅσα
732 1402 799 1444 μὲν
830 1403 895 1434 οὑν
927 1404 1000 1434 τοῖς
1032 1401 1202 1435 ἑκάστοτε
1231 1413 1333 1446 προς
1407 1402 1516 1446 igitur
1549 1402 1696 1447 singulis
1716 1403 2027 1448 interpellantibus
2051 1403 2153 1439 nobis
2177 1406 2214 1439 et
2237 1403 2356 1440 debita
2378 1415 2482 1449 prae-

253 1447 371 1479 ιοῦσιν
394 1443 480 1488 ἡμῖν
503 1448 562 1479 καὶ
583 1448 668 1491 χρέα
692 1448 978 1490 προτεινομένοις
994 1444 1151 1489 δημόσια
1170 1450 1229 1479 καὶ
1245 1445 1332 1481 ἆπο-
1403 1447 1632 1483 tendentibus
1656 1447 1803 1493 publica
1822 1452 1857 1483 et
1872 1448 2028 1493 inopiam
2043 1448 2253 1484 redditionis
2270 1453 2483 1494 praeparate

252 1494 335 1534 ρίαν
366 1492 429 1532 τῆς
457 1488 667 1524 ἀποδόσεως
692 1491 841 1534 ἑτοίμως
867 1490 1169 1535 φιλοτιμούμεθα,
1202 1495 1260 1524 καὶ
1286 1490 1333 1525 ὠς-
1349 1493 1388 1526 25
1403 1502 1678 1536 remuneramus,
1705 1496 1739 1528 et
1756 1493 1906 1537 qualiter
1924 1494 2042 1528 nullus
2061 1493 2338 1529 misericordiam
2354 1499 2482 1539 petens

252 1532 367 1568 οἰδεῑς
397 1534 679 1590 φιλανθρωπίας
711 1533 854 1577 δεηθεὶς
885 1535 1065 1580 ἄπρακτοι
1098 1538 1136 1568 ἐκ
1168 1537 1229 1579 τῆς
1251 1535 1331 1578 ιξμε-
1403 1537 1479 1571 sine
1510 1540 1595 1572 actu
1627 1548 1649 1572 a
1679 1540 1803 1573 nostra
1835 1539 1983 1573 recessit
2013 1538 2122 1581 facie,
2159 1538 2227 1572 hoc
2261 1539 2379 1574 dicere
2411 1550 2483 1575 non

253 1583 355 1624 τέρας
387 1581 613 1624 ανεχιόρησεν
638 1579 768 1624 ὅψεως,
801 1581 908 1614 τοῦτο
933 1580 1047 1626 λέγειν
1071 1578 1133 1622 οἰχ
1157 1580 1331 1627 ἡμέτερόν
1401 1586 1562 1617 nostrum
1587 1585 1659 1625 est,
1691 1594 1755 1627 pro
1781 1583 1836 1618 his
1857 1583 1999 1628 scriptis
2025 1586 2061 1618 et
2083 1583 2169 1628 ipsis
2194 1583 2256 1628 qui
2279 1594 2480 1619 remunera-

253 1627 341 1668 ἐστι,
375 1626 448 1658 τῶν
477 1623 567 1669 ὑπὲρ
591 1623 720 1659 τούτου
743 1628 999 1671 γεγραμμένων
1022 1625 1249 1671 γραμμάτων
1273 1629 1331 1659 καὶ
1400 1626 1514 1662 tiones
1540 1630 1755 1673 acceperunt
1776 1628 2029 1664 attestantibus
2053 1628 2167 1664 nobis.
2211 1628 2279 1664 sed
2303 1629 2384 1674 quia
2408 1640 2481 1665 mo·

253 1666 376 1703 αὗτῶν
406 1670 484 1703 τῶν
515 1670 578 1703 τὰς
606 1669 806 1714 φιλοτιμίας
830 1669 1024 1713 λαβύιτων
1049 1670 1329 1717 ἐπιμαρτυρούν-

1473 1087 1766 1134 (Praefatio.)
1811 1089 1891 1125 Etsi
1923 1098 2080 1133 expensa
2106 1089 2220 1125 multa
2247 1100 2344 1126 nunc
2378 1100 2485 1136 super

387 1760 470 1793 Nov.
493 1761 666 1793 CXLVII
686 1761 741 1800 (---
754 1760 903 1793 Auchent.
925 1760 1083 1802 CXXV)
1111 1760 1234 1793 Graece
1258 1769 1345 1794 extat
1368 1763 1401 1794 in
1423 1763 1505 1794 ML.
1528 1780 1571 1786 ·—
1594 1763 1683 1804 Epz't.
1712 1763 1832 1795 Theoti.
1861 1765 1935 1796 147.

251 1916 449 1952 vinciarum
471 1915 658 1961 praesides
682 1915 759 1960 leqe
783 1919 909 1950 nostra
928 1915 1142 1960 praemissa,
1168 1918 1207 1950 ut
1230 1915 1302 1960 ipsi
1325 1926 1467 1995 quoque
1489 1926 1532 1950 ea
1548 1919 1801 1961 coquoscentes
1816 1916 1853 1950 in
1870 1915 2024 1963 sinqulis
2039 1916 2240 1954 civitatibus
2251 1923 2475 1964 proponant,

251 1971 331 1996 cum
353 1961 470 1996 sciant
493 1959 582 1996 llaec
605 1970 746 1996 necesse
770 1970 845 1995 esse
865 1959 1054 1996 observare
1077 1970 1139 1995 cos
1163 1964 1323 1995 nostram
1346 1961 1384 1994 in
1419 1960 1629 2006 ’qnationem
1653 1961 1794 1995 veritos

1273 2157 1462 2195 CXLVII.

256 2226 318 2263 UT
344 2225 562 2270 RELIQUA
593 2223 730 2269 QUAE
757 2223 1036 2262 DEBENTUR
1067 2224 1382 2262 PRAEFECTIS
1415 2216 1948 2263 VEL'LARGJTIONJBUS
1977 2226 2075 2263 VEL
2107 2227 2353 2265 PRIVATIS
2381 2230 2480 2268 VEL

249 2271 406 2308 SACRO
436 2269 756 2307 PATRIMONIO
786 2270 848 2306 IN
878 2271 1030 2352 011111Ιῇ1
1028 2270 1813 2353 ἓῆΕῗῇῗΙέᾒίὲἷνῚῖᾒΝἷΊᾷὶὲρὲᾔὶῖϋΕ
1835 2272 1903 2308 AD
1925 2272 2292 2311 PRAETERJTAM
2314 2274 2479 2312 SEPTI-

248 2383 350 2420 Ia'em
373 2386 559 2430 Auquslus
581 2383 787 2420 Areobindo
818 2383 1079 2429 gloriosissimo
1109 2383 1299 2464 pil-,aefegto
1329 2394 1436 2462 samio
1465 2384 1654 2465 praettorio
1681 2383 1836 2420 Orientis
1863 2389 1898 2420 et
1928 2395 1978 2420 ex
2005 2385 2198 2431 praefecto
2227 2385 2334 2422 huius
2354 2387 2477 2433 felicis

1095 2439 1140 2463 ur
1165 2439 1196 2463 ιε
1221 2439 1241 2464 e
1279 2439 1395 2474 maqis
1410 2439 1453 2464 ro
1475 2439 1521 2464 mi
1539 2440 1550 2464 ι
1567 2439 1636 2464 um.

383 2497 647 2541 Praefatio.
697 2496 851 2532 Tametsi
882 2507 990 2539 nunc,
1021 2497 1054 2532 si
1077 2507 1258 2542 umquam,
1290 2496 1410 2532 multis
1433 2496 1632 2543 sumptibus
1654 2507 1713 2532 res
1730 2496 1880 2544 publica
1904 2496 2052 2543 indiqet,
2080 2508 2176 2550 quae
2200 2502 2339 2534 tantum
2363 2500 2477 2536 incre-

247 2546 402 2579 mentum
428 2541 689 2587 maqnitudinis
711 2541 768 2577 dei
792 2541 1010 2588 beniqriitate
1033 2542 1127 2588 cepit
1149 2546 1184 2577 et
1204 2551 1276 2587 pro
1300 2541 1443 2576 ratione
1465 2542 1683 2576 accessionis
1706 2541 1798 2578 bella
1821 2542 2153 2578 circumiacentibus
2169 2542 2334 2579 barbaris
2349 2545 2476 2591 infert,

249 2593 367 2623 tamen
395 2597 517 2623 omnes
548 2587 625 2622 vias
654 2586 915 2632 excoyitamus,
943 2590 983 2622 ut
1012 2590 1046 2623 et
1075 2596 1258 2632 expensae
1286 2586 1365 2621 sine
1395 2586 1646 2632 impedimento
1677 2586 1770 2631 fiant
1792 2590 1826 2622 et
1849 2586 1950 2622 nulla
1974 2587 2208 2623 humanitatis
2227 2599 2245 2622 s
2272 2589 2364 2625 ecies
2386 2601 2476 2635 αι’-αα

246 2633 425 2669 subiectos
448 2635 595 2679 nostros
609 2632 932 2677 praetermittatur.
973 2632 1092 2678 Atque
1115 2641 1223 2677 quam
1246 2631 1358 2666 multa
1381 2631 1427 2666 iis
1450 2632 1516 2677 qui
1536 2642 1679 2677 quoque
1703 2635 1863 2678 tempore
1885 2641 1953 2667 nos
1975 2632 2110 2668 adeunt
2132 2636 2167 2668 et
2185 2643 2239 2678 pu
2265 2633 2335 2669 lica
2358 2634 2477 2671 debita

247 2688 421 2723 suamquc
451 2677 489 2712 in
515 2676 685 2712 solvendo
709 2677 869 2723 inopiam
891 2676 1145 2722 praetendunt,
1162 2679 1338 2722 prompto
1363 2676 1482 2711 animo
1505 2675 1720 2722 larqiamur,
1745 2681 1854 2722 utque
1877 2687 1979 2712 nemo
2004 2677 2070 2723 qui
2090 2676 2307 2713 humanitati
2330 2683 2479 2715 nostrae

246 2722 465 2769 supplicavit
494 2732 534 2757 rc
564 2722 702 2767 infecta
731 2732 754 2757 a
785 2725 978 2774 conspectu
1009 2725 1135 2757 nostro
1167 2721 1388 2763 discesserit,
1419 2720 1487 2756 hoo
1517 2720 1637 2756 dicere
1667 2731 1741 2756 non
1769 2725 1933 2756 nostrum
1956 2727 2019 2762 est,
2053 2731 2132 2756 cum
2156 2721 2201 2756 de
2224 2722 2293 2758 Ιιοο
2315 2723 2476 2771 scriptae

249 2767 390 2803 litterae
412 2770 519 2813 atque
542 2767 625 2813 ipsi,
650 2767 713 2812 qui
737 2766 969 2803 liberalitates
992 2767 1244 2813 impetrarant,
1269 2766 1508 2802 testimonium
1532 2765 1635 2801 nobis
1654 2769 1851 2811 praestent.
1894 2764 2024 2800 Verum
2048 2766 2219 2811 quoniam
2242 2767 2415 2813 exiquum
2440 2772 2476 2804 et

293 2937 313 2970 3
333 2936 401 2969 dat.
424 2935 482 2968 VI.
507 2934 552 2967 id.
577 2933 656 2967 Feb.
679 2946 699 2970 ς
728 2934 843 2967 datum
867 2932 895 2971 ς’
922 2937 1159 2980 φεβρουαριόυ
1183 2935 1272 2976 Am]
1297 2933 1327 2967 d.

248 2981 294 3014 id.
318 2981 400 3013 febr.
426 2981 471 3013 M
485 2978 703 3022 ἑξεφωνήθη
726 2982 813 3022 μηνὶ
837 2983 1064 3025 φεβρουαρίῳ
1092 2980 1212 3013 ΤΙιεοά.
1230 2979 1242 3023 11
1261 2979 1328 3011 ΟΡ.

249 3045 291 3050 —
309 3025 408 3059 XXV
433 3036 452 3060 ς
483 3022 665 3067 βασιλείας
682 3019 937 3059 Ἰουστινιανοῦ
959 3026 1057 3058 ἔτους
1081 3022 1131 3060 κς’
1157 3025 1232 3058 Aah.
1257 3024 1327 3056 ἔτει

249 3070 300 3106 κς’
320 3071 439 3103 leaod.
463 3070 529 3102 CR.
556 3069 610 3101 dn.
635 3069 713 3102 iust.
738 3080 795 3112 pp.
820 3080 895 3112 aug.
923 3070 964 3103 M
990 3070 1002 3114 11
1029 3072 1047 3102 5
1069 3080 1118 3112 pe.
1147 3069 1252 3101 Basili
1276 3078 1326 3100 uc.

249 3126 302 3147 an.
327 3115 410 3147 XII.
436 3126 455 3150 ς
477 3113 567 3157 μετὰ
591 3113 660 3156 τὴν
684 3113 765 3155 (τὴν
789 3127 846 3147 om.
863 3116 997 3156 Theod.)
1022 3110 1200 3148 ὑπατείαν
1216 3117 1324 3146 Βασι-

1442 2935 1461 2967 3
1490 2935 1611 2968 subscr.
1631 2940 1802 2976 praestant
1826 2934 2033 2967 Pistoriensis
2057 2941 2086 2967 et
2108 2933 2348 2967 Escorialensis
2363 2932 2375 2976 11
2401 2944 2472 2977 cap.

1398 2980 1475 3012 libri
1498 2978 1511 3022 11
1535 2978 1612 3011 inst.
1637 2989 1692 3021 pp.
1717 2988 1785 3020 cog.
1812 2988 1866 3011 un.
1891 2978 1979 3020 (ante
2001 2978 2096 3020 Pisi.)
2121 2978 2222 3011 XXV
2239 2979 2318 3012 libri
2340 2978 2473 3020 (XXVI

1395 3020 1447 3057 tea·
1471 3019 1551 3057 mss.²
1580 3024 1722 3064 Connus)
1739 3022 1750 3067 11
1771 3025 1791 3056 4
1814 3033 1885 3066 pac.
1912 3023 1994 3056 Pis-t.
2014 3023 2025 3066 11
2048 3023 2144 3056 basili
2168 3023 2264 3064 Pisi]
2290 3036 2347 3056 om.
2368 3025 2446 3056 Esc.
2462 3025 2474 3063 11

1396 3079 1449 3103 an.
1471 3069 1547 3101 Esc.
1579 3069 1656 3100 ante
1681 3068 1760 3101 Pist.
1791 3068 1803 3111 11
1833 3069 1852 3101 6
1877 3080 1947 3101 που.
1970 3069 2066 3101 CXL
2077 3068 2149 3101 VII
2164 3083 2203 3096 =
2219 3069 2315 3100 Auth.
2340 3068 2479 3102 CXXV

1397 3127 1454 3146 om.
1480 3114 1525 3155 R,
1549 3114 1630 3147 inter
1655 3119 1902 3155 extravagantes
1926 3114 1957 3145 in
1984 3115 2160 3155 appendice
2185 3115 2225 3146 ab
2247 3113 2312 3145 alio
2337 3113 2472 3146 librario

249 3158 343 3192 λείου
367 3157 584 3203 (βελισαρίου
609 3160 678 3192 cod.
701 3160 835 3200 Theoti.)
858 3158 900 3192 τὸ
925 3155 973 3203 ιβ’
993 3161 1067 3192 Αιίι.
1090 3160 1208 3192 ΤΙιεοιί.
1233 3158 1325 3190 basii.

250 3215 301 3236 uc.
327 3215 427 3237 conss.
455 3205 499 3237 M
524 3203 536 3246 11
570 3206 587 3237 7
618 3205 705 3237 rubr.
739 3205 828 3248 Περὶ
857 3201 1112 3248 συγχωρήσεως
1141 3200 1328 3237 λοιπάδων

251 3246 434 3291 δημοσίων
460 3249 579 3282 Themi.
603 3249 659 3291 (cfl
684 3251 771 3281 rubr.
807 3261 878 3282 nov.
901 3249 1118 3290 CXLVIII)
1146 3248 1159 3292 11
1189 3245 1326 3293 ὄφειλο-

250 3295 356 3330 μένας
379 3295 475 3327 index
498 3294 543 3325 M
555 3292 567 3336 11
584 3295 603 3327 8
625 3292 814 3334 largitiosin
838 3295 935 3327 indeo:
960 3294 1006 3326 M
1021 3291 1256 3339 λαργιτιῶσιν
1279 3295 1327 3326 in-

252 3340 312 3370 dex
338 3339 367 3371 L
391 3337 613 3381 λαργιτίοσιν
637 3339 708 3370 ML
735 3340 766 3371 in
792 3346 877 3371 textu
894 3338 906 3381 11
925 3341 944 3373 9
969 3337 1164 3383 προβάτοις
1185 3339 1281 3371 index
1296 3338 1326 3370 L

252 3382 262 3425 11
278 3381 502 3425 πατριμολίο)
519 3395 568 3424 pr.
594 3380 868 3425 πατριμοναλίω
886 3396 967 3416 corr.
986 3384 1052 3416 ind.
1067 3383 1099 3416 L
1115 3382 1127 3426 11
1149 3384 1189 3416 12
1209 3378 1327 3417 αἰτοῖῖ

253 3429 316 3459 ind.
344 3428 375 3460 L
390 3427 403 3470 11
424 3429 463 3460 13
495 3422 716 3470 ἆρρεοβίνὸω
741 3428 772 3460 L
791 3427 803 3471 11
821 3429 863 3461 14
883 3424 974 3461 §aias
999 3429 1028 3460 L
1048 3427 1060 3470 11
1080 3429 1120 3461 16
1146 3427 1202 3467 Εἰ]
1227 3423 1248 3468 ἦ
1273 3429 1325 3461 cit.

255 3472 374 3504 leeod.
400 3473 468 3504 cod.
497 3472 509 3514 11
530 3468 710 3505 δαπάναις
727 3472 796 3505 νῦν
819 3470 966 3506 πολλαῖς
989 3473 1019 3505 L
1039 3471 1052 3509 ΙΙ
1067 3470 1159 3515 ἥπερ
1182 3483 1271 3506 ποτε
1294 3472 1325 3504 L

253 3526 351 3557 super
376 3526 472 3556 quam
497 3517 531 3555 (i.
557 3528 582 3548 e.
608 3513 710 3560 ὑπὲρ)
735 3516 915 3558 aliquando
932 3530 951 3554 ς
968 3517 980 3561 11
1007 3519 1046 3551 17
1070 3516 1244 3561 μεγέθους
1267 3529 1324 3550 om.

253 3560 284 3591 L
307 3562 319 3603 11
348 3562 387 3594 18
412 3559 491 3592 θεῶ
518 3561 565 3592 La
589 3560 602 3604 11
631 3563 671 3595 19
694 3562 962 3605 superimpositos
986 3574 1006 3598 ς
1021 3561 1033 3606 11
1059 3564 1100 3595 20
1124 3559 1327 3605 βαρβάρους

254 3603 304 3635 La
318 3605 341 3678 ί11
372 3605 424 3679 2Ξ
438 3601 560 3636 ὁπόσα
583 3605 614 3637 L
640 3604 653 3649 11
682 3615 813 3647 προσιν
837 3608 908 3649 (sic)
934 3607 978 3640 M
998 3608 1011 3650 11
1041 3607 1083 3641 29
1112 3604 1326 3649 φιλοτιμίας]

253 3658 314 3688 τιμ
333 3658 370 3679 &G

1456 3160 1462 3166 .
1640 3159 1646 3166 .
1724 3158 1734 3170 ,
1891 3162 1905 3179 v
2426 3158 2432 3164 .
2458 3175 2472 3182 .-

1395 3165 1557 3244 ῗιιίιζίέέαῗ,
1572 3158 1887 3246 ἷξέἰῗὶηςοβυάῖῗ
1898 3201 1910 3245 11
1936 3156 2473 3246 Ι167ὁζὲἓῐζςαῖίιη.ωῐζι11ῐιαῐξι3υιῖἷῖ11

1398 3250 1437 3281 17
1469 3249 1601 3291 oportet
1626 3248 1672 3287 Τ]
1705 3249 1753 3279 est
1783 3249 1915 3290 oportet
1938 3247 1974 3288 V,
1999 3257 2066 3279 esse
2088 3248 2218 3290 oportet
2240 3247 2328 3290 vulq.
2359 3247 2371 3289 11
2397 3249 2470 3278 tan-

1395 3295 1467 3325 tum
1487 3294 1518 3326 T
1533 3292 1544 3335 11
1563 3293 1603 3326 18
1626 3291 1833 3334 praebitione
1847 3292 1879 3324 T
1892 3291 1904 3335 11
1923 3291 2138 3333 benignitatis
2159 3291 2214 3334 Vn
2232 3290 2425 3333 accipientis
2443 3291 2477 3324 V

1394 3337 1594 3380 accipientes
1619 3337 1657 3378 T,
1682 3349 1764 3370 corr.
1788 3337 1875 3380 vuly.
1905 3336 1918 3379 11
1949 3338 1988 3370 19
2014 3335 2212 3377 *augmenti
2242 3335 2285 3368 ad
2311 3335 2366 3377 (ad
2388 3345 2469 3376 aug-

1394 3382 1498 3414 menti
1521 3383 1633 3424 vuly.)]
1658 3381 1828 3423 augmenti
1852 3383 1884 3414 et
1905 3381 1969 3415 VT
1991 3380 2004 3424 11
2032 3381 2192 3414 rationem
2216 3381 2314 3424 ναῖς]
2337 3379 2469 3422 patroni

1402 3427 1465 3459 VT
1491 3425 1749 3468 (proportionem
1775 3426 1966 3467 Heimbaclz)
1998 3426 2011 3468 11
2043 3435 2234 3468 expugnans
2268 3425 2351 3462 libri,
2384 3435 2466 3455 corr.

1393 3472 1478 3513 vuly.
1508 3471 1521 3514 11
1551 3472 1592 3504 20
1615 3470 1841 3513 praeuidimus
1861 3471 1898 3512 V,
1922 3470 2132 3513 providemus
2155 3470 2240 3512 vuly.
2265 3467 2278 3511 11
2306 3469 2344 3501 21
2372 3466 2468 3499 nulla

1393 3517 1492 3558 vulffi]
1518 3515 1646 3548 nullam
1670 3516 1703 3549 T
1721 3514 1853 3548 nullum
1875 3515 1909 3549 V
1924 3516 1937 3558 11
1962 3517 2004 3548 22
2028 3515 2152 3559 species
2174 3513 2273 3555 υιιί9.]
2296 3520 2387 3554 spem
2410 3512 2471 3545 VT

1393 3561 1403 3603 11
1419 3560 1630 3602 relinquatur
1649 3561 1693 3602 V]
1718 3559 1910 3602 relinquant
1936 3560 1968 3593 T
1987 3559 2000 3602 11
2026 3561 2069 3594 24
2096 3558 2246 3601 inopium
2267 3554 2352 3606 VTss
2379 3556 2466 3588 redi-

1393 3605 1495 3638 tionis
1518 3606 1735 3647 praeparante
1761 3605 1816 3647 Τ11
1836 3606 1877 3638 27
1902 3603 2062 3646 scriptum
2088 3603 2143 3646 Τ11
2162 3602 2203 3635 28
2227 3600 2385 3633 atestibus
2409 3600 2465 3634 uel

1359 3651 1364 3688 Ι
1393 3650 1614 3684 atestantibus
1638 3650 1694 3694 Τ11
1710 3649 1873 3684 modicum
1894 3649 1981 3692 vulq.
