2586 3990
140 132 198 167 ΕΤ
228 130 318 169 Dm
345 130 622 171 AMARIMBUS

1224 116 1310 164 597

1998 122 2046 167 N
2048 135 2115 168 ov.
2138 121 2328 167 CXXIII
2357 123 2382 166 3

1143 231 1304 269 CAPUT
1327 233 1393 270 III.

182 301 239 337 Εἴ
254 311 308 336 τις
329 302 456 345 μέντοι
477 299 517 333 ἐκ
538 298 616 334 τῶν
632 299 849 335 ἐπισκόπων
871 300 942 334 εἴτε
966 298 1038 345 πρὸ
1054 300 1118 343 τῆς
1134 297 1227 335 ἰδίας

137 349 356 394 χειροτονίας
390 344 460 379 εἴτε
491 344 584 389 μετὰ
620 345 690 389 τὴν
719 349 945 392 χειροτονίαν
976 343 1143 393 βουληθῇ
1178 345 1226 380 τὰ

138 391 214 428 ἴδια
244 390 440 438 πράγματα
463 385 485 434 ἢ
508 393 613 436 μέρος
637 391 675 432 ἐξ
699 389 825 426 αὐτῶν
849 394 1088 438 προςαγαγεῖν
1109 391 1155 439 τῇ
1173 392 1226 426 ἐκ·

138 437 266 482 κλησίᾳ
289 429 329 481 ἧς
351 435 421 480 τὴν
445 434 646 481 ἱερωσύνην
670 436 860 483 λαμβάνει,
885 433 927 471 οὗ
951 437 1068 482 μόνον
1091 433 1133 471 οὗ
1157 450 1226 471 κω-

139 482 273 528 λύομεν
295 484 355 516 καὶ
376 479 495 525 πάσης
517 480 710 526 καταδίκης
732 486 793 517 καὶ
814 483 940 526 ποινῆς
962 483 1028 517 τοῦ
1046 482 1228 528 παρόντος

137 528 251 574 νόμον
283 526 479 574 ἐλεύθερον
512 524 627 563 αὐτὸν
657 528 750 563 εἶναι
775 528 1013 572 θεσπίζομεν,
1045 525 1136 562 ἀλλὰ
1167 531 1228 562 καὶ

137 572 278 610 παντὸς
313 574 465 608 ἐπαίνου
501 571 605 613 ἄξιον
640 577 823 619 κρίνομεν,
859 571 984 616 ἐπειδὴ
1020 575 1129 607 τοῦτο
1163 570 1228 608 οὔκ

138 622 239 654 ἐστὶν
270 614 467 666 ἆγορασία,
504 616 596 653 ἀλλά
632 619 825 665 προςφορά.
873 615 981 664 Ὑπὲρ
1018 619 1229 662 συνηθειῶν

138 663 179 699 δὲ
209 666 327 699 ἐκεῖνα
358 663 455 708 μόνα
487 666 756 722 συγχωΙροῦμενυ
771 664 998 711 παρέχεσθαι
1033 660 1108 699 ἀπὸ
1149 666 1228 698 τῶν

137 712 465 766 χειροτονουμένων
481 711 707 753 ἐπισκοπων,
731 723 840 745 ατινα
858 709 983 765 ἑφεξῆς
998 710 1051 752 τῷ
1070 708 1228 756 παρόντι
1245 713 1284 745 10
1297 711 1433 747 inserta
1467 715 1562 748 sunt.
1617 712 1786 747 Iubemus
1825 711 1934 756 igitur
1974 712 2200 749 beatissimos

138 769 241 800 νομῳ
265 757 465 802 ἐμφέρεται.
509 755 698 801 κελεύομεν
718 759 843 790 τοίνυν
861 766 943 790 τους
958 756 1026 800 μὲν
1041 767 1227 801 μακαριω-

137 801 267 836 τάτους
288 798 591 846 ἀρχιεπισκόπους
619 805 679 835 καὶ
707 798 947 847 πατριάρχας,
979 802 1143 834 τουτέστι
1165 801 1229 843 τῆς

138 849 381 892 πρεσβυτέρας
421 843 554 891 Ῥώμης
595 850 656 881 καὶ
697 844 1125 882 Κωνσταντινουπόλεως
1167 848 1228 880 καὶ

1363 301 1402 338 Si
1425 301 1504 347 quis
1528 303 1649 339 autem
1670 302 1923 348 episcoporum
1954 303 2029 340 sive
2052 307 2137 340 ante
2159 313 2263 340 suam
2286 301 2382 340 ordi-

1295 346 1477 383 nationem
1514 349 1587 385 sive
1621 351 1704 394 post
1739 347 1997 384 ordinationem
2032 349 2183 386 voluerit
2216 348 2382 395 proprias

1294 402 1353 429 res
1377 395 1443 429 aut
1465 396 1605 439 partem
1628 403 1752 430 earum
1775 393 1951 429 ecclesiae
1974 395 2104 431 offerre
2133 395 2237 431 cuius
2261 404 2382 431 sacer-

1296 437 1433 474 dotium
1463 440 1620 486 accepit,
1655 449 1729 475 non
1759 439 1988 485 prohibemus
2019 444 2055 476 et
2086 441 2182 477 omni
2217 440 2382 476 condem-

1264 484 1442 520 5natione
1474 488 1510 520 et
1541 495 1658 532 poena
1680 485 1881 530 praesentis
1904 485 1992 530 legis
2015 485 2166 522 liberum
2195 496 2276 522 eum
2299 495 2382 522 san-

1297 530 1427 574 cimus,
1473 530 1537 573 sed
1572 531 1678 567 etiam
1713 531 1809 566 omni
1844 530 1951 566 laude
1991 530 2135 576 dignum
2169 531 2383 575 iudicamus,

1298 575 1465 620 quoniam
1489 576 1557 612 hoc
1579 586 1652 611 non
1677 579 1731 611 est
1754 575 1899 621 emptio,
1923 576 1987 612 sed
2011 576 2156 613 oblatio.
2200 577 2272 613 Pro
2298 587 2383 612 con-

1298 621 1547 657 suetudinibus
1577 621 1641 657 illa
1663 621 1742 657 sola
1763 621 2003 666 permittimus
2029 622 2196 667 praeberi
2218 622 2264 658 ab
2288 621 2384 658 ordi-

1297 666 1393 702 natis
1429 666 1627 713 episcopis,
1672 676 1765 712 quae
1799 667 2059 712 subsequenter
2100 667 2282 712 praesenti
2293 713 2302 721 “
2306 667 2385 748 &egl

2267 724 2304 748 ui
2331 722 2386 748 em

1297 757 1590 803 archiepiscopos
1609 761 1647 793 et
1661 757 1899 803 patriarchas,
1921 757 1991 793 hoc
2007 760 2064 793 est
2079 758 2230 794 senioris
2283 768 2385 794 omae

1297 806 1333 838 et
1358 803 1717 848 constantinopoleos
1742 802 1795 849 <et
1817 802 2059 839 Alexandriae
2082 806 2120 839 et
2142 803 2386 849 Theopoleos>

1296 852 1333 883 et
1348 848 1694 895 Hierosolymorum,
1719 848 1750 884 si
1771 848 1913 894 quidem
1935 849 2155 885 consuetudo
2178 849 2289 885 habet
2313 848 2385 894 epi-

136 889 402 938 Ἀλεξανδρείας
436 896 497 926 καὶ
534 891 765 928 Θεουπόλεως
801 895 860 926 καὶ
893 889 1161 938 Ἱεροσολύμων,
1197 891 1228 925 εἰ
1296 894 1416 939 scopis
1439 895 1503 930 aut
1526 894 1667 930 clericis
1689 894 1727 929 in
1743 904 1867 930 eorum
1891 893 2116 930 ordinatione
2137 895 2255 930 minus
2279 905 2387 941 quam

138 940 206 991 μὲν
230 935 251 981 ἡ
274 935 454 981 συνήθεια
477 939 547 980 εχει
571 937 780 992 ἐπισκόποις
804 934 827 981 ἢ
847 937 1022 984 κληρικοῖς
1046 937 1086 971 ἐν
1103 937 1148 984 τῇ
1166 933 1227 969 αὖ·
1243 940 1283 973 15
1296 939 1364 974 XX
1386 939 1498 975 libras
1521 940 1602 975 auri
1626 940 1720 982 dari,
1751 939 1832 985 ipsa
1856 940 2078 977 solummodo
2105 940 2272 986 praeberi
2295 950 2387 986 quae

139 997 217 1018 των
247 986 451 1028 χειροτονία
483 982 640 1018 ἔλαττον
672 996 764 1028 ηπερ
796 983 832 1036 κη’
856 986 1001 1037 χρυσίου
1031 981 1152 1028 λίτρας
1176 979 1227 1016 δί-

139 1026 293 1072 δοσθαι,
325 1029 443 1062 ταῦτα
472 1029 570 1072 μόνα
599 1032 769 1073 παρέχειν
801 1040 894 1074 απερ
924 1043 946 1072 η
971 1026 1153 1072 συνήθεια
1175 1041 1227 1074 γι-

138 1073 288 1109 νώσκει·
313 1073 344 1107 εἰ
366 1071 406 1107 δέ
424 1072 536 1109 πλέον
560 1074 631 1127 πρὸ
649 1075 780 1108 τούτου
804 1075 869 1109 τοῦ
888 1073 1003 1118 νόμου
1027 1077 1228 1122 παρείχετο,

1298 985 1519 1021 consuetudo
1544 985 1788 1030 recognoscit,
1820 986 1902 1031 plus
1926 989 2048 1021 autem
2079 987 2125 1022 ab
2148 986 2219 1022 hac
2244 986 2385 1032 quanti-

1296 1033 1371 1065 tate
1402 1031 1491 1066 nihil
1514 1041 1625 1076 supra
1648 1031 1718 1066 XX
1741 1032 1820 1066 auri
1840 1031 1951 1067 libras
1977 1031 2154 1077 praeberi.
2202 1031 2386 1077 Metropo-

1296 1075 1379 1111 litas
1404 1080 1524 1112 autem
1543 1087 1565 1112 a
1579 1077 1728 1122 propria
1752 1077 1888 1122 synodo
1911 1080 1976 1112 aut
1996 1087 2019 1113 a
2034 1077 2252 1114 beatissimis
2276 1077 2385 1123 patri-

137 1117 252 1165 μηδὲν
275 1117 367 1165 ὑπὲρ
390 1118 453 1153 τὰς
475 1119 506 1153 κ’
523 1131 588 1154 του
603 1123 748 1164 χρυσίου
770 1118 890 1165 λίτρας
915 1117 1098 1154 δίδοσθαι.
1112 1162 1130 1174 n
1146 1119 1229 1174 τοὺς
1297 1121 1417 1157 archis
1440 1122 1625 1158 ordinatos
1650 1125 1686 1158 et
1706 1122 1797 1158 alios
1820 1133 1942 1158 omnes
1966 1123 2168 1169 episcopos,
2193 1123 2254 1177 qui
2277 1126 2341 1158 aut
2363 1133 2386 1159 a

139 1163 466 1219 deupnvponoitras
496 1164 578 1199 τοὺς
607 1163 680 1200 ὑπὸ
714 1166 777 1208 τῆς
799 1163 892 1199 ἰδίας
923 1163 1076 1200 συνόδου
1108 1178 1130 1208 η
1153 1164 1226 1200 υπὸ
1242 1167 1284 1200 20
1297 1167 1511 1211 patriarchis
1546 1170 1611 1203 aut
1638 1167 1876 1214 metropolitis
1912 1168 2133 1213 ordinantur,
2159 1169 2213 1215 <si
2245 1169 2387 1216 quidem

138 1224 215 1245 των
238 1210 533 1255 μακαριωτάτων
555 1211 794 1256 πατριαρχῶν
816 1213 1149 1267 χειροτονουμένους
1168 1213 1228 1245 καὶ

139 1257 221 1291 τοὺς
237 1255 364 1290 ἄλλους
379 1252 547 1291 ἅπαντας
571 1255 789 1291 ἐπισκόπους
811 1257 894 1291 τοὺς
917 1253 941 1301 ἢ
962 1253 1035 1292 ὑπο
1054 1269 1227 1303 πατριαρ-

138 1303 215 1346 χῶν
248 1299 271 1345 ἢ
304 1300 377 1337 ὑπὸ
403 1300 682 1348 μητροπολιτῶν
712 1305 1062 1348 χειροτονουμένους,
1100 1302 1130 1336 εἰ
1162 1304 1229 1347 μὲν

138 1348 187 1393 μὴ
219 1346 398 1382 ἐλάττονα
427 1345 456 1382 λ’
483 1351 628 1394 χρυσίου
660 1347 795 1393 λιτρῶν
826 1346 1002 1403 πρόςόδον
1035 1348 1106 1391 ἔχει
1129 1344 1151 1391 ἡ
1175 1349 1228 1382 ἐκ·

1298 1222 1370 1247 non
1393 1213 1567 1248 minorem
1586 1213 1691 1249 XXX
1707 1214 1786 1249 auri
1804 1213 1906 1249 libris
1930 1214 2083 1250 reditum
2106 1215 2217 1251 habet
2234 1214 2388 1251 ecclesia

1298 1258 1484 1304 ordinati,>
1518 1258 1604 1295 dare
1634 1270 1701 1305 pro
1733 1259 1967 1296 intronisticis
2003 1260 2145 1306 quidem
2182 1260 2315 1297 solidos
2347 1260 2386 1303 0,

1298 1303 1448 1339 notariis
1479 1307 1599 1340 autem
1628 1304 1830 1340 ordinantis
1862 1308 1898 1341 et
1927 1305 2007 1342 aliis
2037 1305 2324 1342 ministrantibus
2354 1305 2388 1342 ei

1298 1348 1335 1385 et
1356 1349 1576 1385 sollemniter
1598 1350 1859 1396 accipientibus
1883 1350 2017 1388 solidos
2034 1351 2133 1387 000.
2174 1352 2212 1388 Si
2227 1362 2310 1388 vero
2327 1361 2386 1387 ec-

139 1393 268 1438 κλησία
298 1394 363 1428 τοῦ
386 1396 712 1440 χειροτονουμένου,
744 1391 888 1428 διδόναι
921 1395 1011 1439 υπὲρ
1036 1394 1228 1441 ἐνθρονια-
1243 1394 1284 1428 25
1298 1396 1428 1431 clesiae
1451 1395 1588 1431 reditus
1612 1397 1730 1432 minus
1756 1396 1898 1441 quidem
1921 1407 2028 1442 quam
2052 1397 2156 1433 XXX
2171 1397 2252 1433 auri
2275 1398 2388 1434 libras

139 1440 277 1474 στικῶν
304 1440 374 1484 μὲν
396 1443 602 1484 νομίσματα
627 1439 669 1484 ρ’,
705 1443 885 1485 νοταρίοις
915 1437 956 1473 δὲ
984 1440 1047 1474 τοῦ
1068 1451 1228 1495 χειροτο-
1296 1451 1363 1486 per,
1385 1450 1520 1477 annum
1543 1441 1696 1477 reddant
1718 1452 1791 1478 non
1814 1441 1931 1478 minus
1956 1447 2075 1479 autem
2098 1443 2149 1486 X,
2185 1454 2250 1489 pro
2275 1443 2387 1479 intro-

139 1486 289 1520 νοῦντος
319 1487 380 1518 καὶ
410 1488 483 1519 τοῖς
512 1483 631 1519 ἄλλοις
661 1487 735 1520 τοῖς
759 1483 1003 1531 ὑπηρετοῦσιν
1034 1486 1135 1528 αυτῷ
1168 1487 1230 1518 καὶ
1297 1486 1436 1522 nisticis
1459 1486 1609 1533 <solidos
1628 1487 1655 1523 C
1674 1487 1771 1531 dari,
1796 1487 1878 1524 aliis
1901 1490 2022 1524 autem
2046 1489 2211 1526 omnibus
2235 1499 2280 1525 ex
2299 1499 2387 1525 con-

140 1530 179 1573 ἐξ
203 1531 312 1565 ἔθους
336 1528 562 1576 λαμβάνουσι
585 1535 792 1576 νομίσματα
808 1529 851 1566 τ’.
899 1531 931 1565 εἰ
955 1528 995 1565 δὲ
1018 1530 1058 1564 αἱ
1085 1531 1149 1565 τ””ς
1174 1531 1229 1564 ἐκ·
1297 1532 1486 1568 suetudine
1508 1533 1607 1579 perci
1632 1532 1807 1579 lentibus>
1830 1533 1962 1571 solidos
1981 1534 2051 1571 CC.
2100 1535 2138 1571 Si
2161 1544 2244 1578 vero
2267 1534 2387 1570 minus

139 1575 286 1633 κλησιας
309 1574 478 1632 πρόξοδοι
503 1575 656 1611 ἔλαττον
678 1578 747 1632 ,aega
771 1575 864 1633 &3129
885 1575 914 1611 λ’
940 1579 1083 1623 χρυσίου
1130 1579 1229 1621 ίτρας
1298 1577 1441 1623 quidem
1475 1588 1582 1626 quam
1686 1590 1759 1615 non
1794 1578 1912 1615 minus
1947 1583 2066 1617 autem
2100 1580 2135 1618 V
2165 1580 2244 1625 auri
2277 1580 2388 1616 libras

139 1635 209 1656 κατ
251 1623 421 1657 ἐνιαυτον
445 1620 679 1657 συντελοῦσιν
703 1636 767 1665 ουχ
790 1635 903 1666 ηττον
920 1619 961 1657 δὲ
975 1619 998 1665 ἢ
1015 1620 1111 1665 δέκα,
1137 1619 1228 1667 ὑπὲρ
1242 1623 1283 1657 30
1298 1624 1472 1661 ecclesiae
1514 1624 1651 1662 reditus
1689 1634 1769 1662 esse
1804 1625 2011 1673 contigerit,
2050 1636 2117 1673 pro
2151 1626 2388 1664 intronisticis

138 1669 207 1720 μὲν
231 1668 547 1713 ἐνθρονιαστικᾱὶν
579 1666 723 1703 διδόναι
753 1681 833 1712 νομ.
859 1666 903 1714 ρ’,
934 1670 1008 1703 τοῖς
1038 1665 1078 1722 δέ
1110 1665 1230 1702 ἄλλοις

141 1710 256 1748 ἅπασι
286 1716 360 1748 τοῖς
393 1714 431 1746 ἐκ
461 1713 658 1757 συνηθείας
691 1712 915 1758 λαμβάνουσι
939 1726 1018 1758 νομ.
1045 1725 1089 1748 σ.
1137 1713 1168 1747 εἰ
1193 1710 1233 1746 δὲ

140 1757 297 1794 ἔλαττον
355 1759 395 1793 ἐν
429 1757 523 1806 ἢπερ
557 1756 642 1793 δέκα
674 1756 738 1794 οὐκ
768 1759 925 1795 ἔλαττον
959 1757 1000 1793 δὲ
1021 1760 1100 1794 τῶν
1122 1761 1234 1795 πέντε

138 1807 283 1850 χρυσίου
318 1773 455 1850 λῖτριῦν
495 1804 560 1839 τὰς
594 1806 657 1849 τῆς
691 1804 876 1850 ἐκκλησίας
912 1804 1006 1840 εἶναι
1042 1803 1236 1851 προςόδους

206 1888 233 1909 c.
254 1875 320 1909 III
339 1877 382 1909 in.
408 1875 466 1918 (——
491 1876 510 1910 8
535 1871 732 1921 προςφορά)
758 1877 853 1910 habet
876 1876 1083 1920 Epanaqoye
1107 1876 1139 1918 8,
1156 1883 1188 1915 63
1213 1875 1420 1909 summarium
1444 1883 1483 1910 ex
1506 1875 1583 1910 Ath.
1610 1877 1726 1920 repetit
1750 1876 1930 1912 Nomoc.L
1956 1877 2002 1912 tit.
2017 1878 2060 1912 46
2079 1879 2196 1922 p.657
2218 1877 2320 1912 Vocll.
2348 1858 2351 1861 Δ

274 1964 340 2000 ΙΙΙ.
389 1963 432 2000 Si
454 1965 537 2010 quis
558 1975 644 2001 vero
669 1975 720 2001 ex
743 1976 762 2000 e
791 1965 926 2012 iscopis
949 1965 1024 2002 sive
1046 1968 1131 2001 ante
1155 1965 1374 2004 creationem
1398 1975 1502 2001 suam
1529 1965 1604 2007 sive
1625 1968 1714 2012 post
1735 1965 1955 2005 creationem
1977 1976 2038 2003 res
2059 1977 2147 2004 suas
2169 1965 2227 2004 vel
2241 1969 2390 2014 partem

141 2021 267 2048 earum
297 2009 469 2047 ecclesiae
500 2010 602 2045 cuius
632 1976 877 2046 sacerdlcitium
906 2011 1085 2057 suscipiat
1116 2009 1252 2056 offerre
1282 2010 1495 2062 velim-non
1522 2010 1639 2049 solum
1659 2010 1711 2062 'id
1740 2022 1814 2047 non
1844 2010 2081 2058 prohibemus
2110 2023 2263 2059 eumque
2293 2013 2390 2055 omni

142 2055 442 2093 condemnatione
473 2058 507 2090 et
537 2065 659 2100 poena
683 2055 891 2101 praesentis
915 2055 1005 2101 leqis
1030 2055 1179 2090 liberum
1203 2065 1279 2091 esse
1302 2065 1497 2098 sancimus,
1528 2055 1594 2091 scd
1617 2060 1724 2092 ettam
1750 2059 1850 2092 omni
1873 2056 1985 2100 laude,
2003 2056 2152 2104 dignum
2177 2057 2390 2103 iudicamus,

142 2101 315 2148 quoniam
339 2111 382 2136 ea
405 2110 480 2135 non
504 2100 637 2146 emptio
662 2103 726 2142 est,
750 2099 815 2135 sed
836 2099 983 2136 oblatio.
1031 2099 1109 2136 Pro
1129 2099 1450 2136 consuetudinibus
1473 2103 1592 2136 autem
1617 2101 1681 2136 illa
1703 2102 1784 2137 sola
1808 2102 1916 2138 abiis
1940 2102 2004 2148 qui
2019 2103 2183 2149 episcopi
2205 2108 2389 2148 creantur,

139 2146 326 2195 praestari
346 2145 599 2192 permittimus,
623 2156 718 2191 quae
741 2144 910 2191 deinceps
924 2145 1115 2192 praesenti
1141 2145 1219 2196 lcqe
1241 2146 1462 2181 inseruntur.
1511 2144 1681 2182 Iubemus
1704 2147 1819 2193 iqitur
1843 2147 2067 2185 beatissimos
2090 2148 2390 2197 archiepiscopos

141 2197 176 2229 et
194 2190 451 2239 patriarchas,
484 2190 524 2225 id
546 2194 601 2226 est
624 2190 753 2227 veteris
776 2190 916 2226 Romae
937 2194 975 2227 et
1001 2190 1335 2241 Constantinopolis
1364 2194 1400 2226 et
1421 2190 1675 2227 Alexandriae
1697 2196 1734 2228 et
1758 2191 1955 2239 Theopolis
1978 2196 2016 2229 et
2038 2192 2389 2241 Hierosolymorum,

141 2239 174 2274 si
199 2237 343 2284 quidem
376 2235 598 2273 consuetudo
630 2240 685 2272 est
717 2239 759 2272 ut
789 2236 971 2283 episcopis
1001 2238 1067 2271 aut
1097 2235 1239 2271 clericis
1269 2235 1308 2271 in
1340 2246 1466 2272 eorum
1498 2237 1683 2273 creatione
1712 2238 1832 2274 minus
1862 2248 1972 2284 quam
2002 2238 2132 2286 viqinti
2163 2240 2249 2276 auri
2276 2240 2390 2281 librae

142 2284 283 2326 dentur,
314 2293 357 2318 ea
386 2282 468 2363 sloga
491 2280 672 2362 ²⁹25ng
727 2292 795 2318 uae
818 2280 1040 2317 consuetudo
1065 2281 1254 2327 aqnoscit;
1285 2281 1344 2316 sin
1370 2280 1462 2328 plus
1492 2285 1576 2318 ante
1605 2281 1702 2319 hanc
1726 2282 1838 2329 leqem
1859 2284 2140 2335 praestabatur,
2174 2284 2268 2321 nihil
2289 2285 2390 2329 ultra

142 2329 271 2376 viqinti
294 2328 378 2364 auri
416 2339 425 2362 ι
451 2337 515 2362 ras
587 2337 630 2362 rt.

574 2373 581 2379 ·
717 2327 984 2379 etropolitanos
1007 2330 1126 2362 autem
1157 2326 1220 2372 qui
1243 2337 1267 2362 a
1291 2326 1445 2363 concilio
1477 2337 1544 2362 suo
1577 2327 1633 2364 vel
1661 2338 1687 2364 a
1719 2327 1934 2364 beatissimis
1956 2329 2186 2375 patriarchis
2217 2335 2390 2368 creantur

142 2380 179 2411 et
202 2379 342 2411 ceteros
374 2383 497 2409 omnes
519 2382 711 2419 episcopos

767 2383 803 2408 uz
834 2372 891 2409 vel
918 2383 940 2408 a
964 2371 1196 2419 patriarchis
1223 2371 1281 2408 vel
1308 2383 1331 2407 a
1355 2371 1645 2419 metropolitanis
1666 2377 1852 2418 creantur,
1883 2373 1917 2409 si
1941 2373 2085 2426 quidem
2115 2385 2191 2414 non
2214 2377 2389 2417 minorem

142 2420 295 2467 triqinta
319 2419 402 2454 auri
426 2418 528 2454 libris
551 2417 707 2454 reditum
756 2418 837 2454 abet
861 2417 1011 2454 ecclesia
1034 2417 1112 2453 eius
1134 2417 1200 2463 qui
1221 2420 1379 2460 creatur,
1406 2417 1496 2454 dare
1513 2428 1588 2464 pro
1610 2417 1860 2455 cathedratico
1884 2418 2025 2459 solidos
2048 2424 2200 2465 centum,
2229 2422 2389 2461 notariis

142 2470 262 2502 autem
286 2465 363 2501 eius
386 2464 450 2510 qui
473 2468 576 2499 creat
598 2466 634 2500 et
656 2464 784 2500 ceteris
815 2464 879 2510 qui
901 2463 935 2499 ei
957 2463 1168 2499 ministrant
1197 2466 1234 2499 et
1262 2473 1313 2499 ex
1334 2463 1596 2500 consuetudine
1623 2464 1811 2511 accipiunt
1839 2464 1980 2503 solidos
2003 2468 2192 2506 trecentos.
2242 2465 2310 2503 Sin
2332 2477 2389 2504 ec-

142 2512 274 2548 clesiae
297 2509 437 2546 reditus
459 2509 578 2544 minus
601 2508 745 2555 quidem
769 2519 878 2555 quam
903 2508 1056 2555 triqinta
1080 2508 1164 2544 auri
1188 2508 1301 2545 libras
1322 2518 1396 2544 non
1415 2509 1534 2544 minus
1557 2513 1676 2546 autem
1701 2520 1810 2556 quam
1833 2509 1954 2546 decem
1976 2521 2044 2557 per
2059 2522 2196 2547 annum
2218 2512 2388 2557 reddunt,

138 2568 210 2604 pro
234 2555 482 2593 cathedratico
515 2554 603 2590 clare
633 2553 771 2591 solidos
794 2559 954 2595 centum,
987 2553 1116 2590 ceteris
1145 2558 1266 2589 autem
1298 2553 1462 2590 omnibus
1491 2555 1558 2601 qui
1586 2565 1636 2591 ex
1660 2555 1919 2592 consuetudine
1950 2557 2135 2603 accipiunt
2164 2557 2300 2597 solidos
2318 2558 2388 2598 du-

143 2605 278 2640 centos.
326 2600 393 2638 Sin
420 2600 524 2647 forte
552 2600 711 2637 minores
741 2599 883 2647 quidem
913 2600 1033 2636 decem
1063 2609 1138 2635 non
1168 2599 1327 2636 minores
1358 2602 1478 2637 autem
1509 2599 1669 2647 quinque
1699 2601 1783 2637 auri
1814 2600 1916 2637 libris
1945 2601 2119 2640 ecclesiae
2141 2602 2281 2642 reditus
2303 2605 2388 2649 sint,

1307 2690 1362 2735 7ΙΙ
1391 2694 1408 2725 7
1434 2691 1496 2726 hoc
1521 2695 1600 2735 non]
1626 2703 1694 2726 non
1717 2693 1782 2726 hoc
1805 2704 1874 2728 non
1898 2694 1950 2728 Ra
1972 2692 1985 2739 ΙΙ
2012 2695 2060 2727 est
2083 2707 2141 2729 om.
2166 2695 2228 2740 Vfl
2250 2696 2331 2737 Pro]
2357 2698 2390 2730 et

1298 2748 1359 2780 pro
1386 2737 1465 2781 T²ss
1483 2739 1503 2772 8
1528 2737 1622 2771 illam
1645 2738 1750 2771 solam
1777 2739 1809 2772 T
1817 2738 1829 2765 -¹
1852 2740 1962 2773 autem
1986 2739 2047 2775 illa
2068 2739 2141 2778 sola
2161 2742 2246 2785 vulq.
2263 2740 2278 2786 {l
2293 2752 2389 2785 prae-

1298 2782 1381 2824 beri]
1407 2781 1486 2826 pbri
1506 2785 1544 2826 (i.
1559 2797 1586 2818 e.
1599 2784 1798 2828 presbyteri)
1816 2784 1870 2825 ΙΤι
1886 2785 1944 2826 (id.
1965 2786 2017 2819 15.
2038 2785 2120 2830 17³1}
2140 2787 2160 2820 9
2184 2787 2388 2830 subsequam

1298 2830 1355 2861 tur
1372 2828 1466 2863 RV*
1484 2828 1496 2872 ΙΙ
1522 2831 1562 2864 10
1579 2829 1697 2872 igitur]
1716 2840 1795 2872 ergo
1815 2830 1849 2864 V
1865 2830 1972 2873 igitur
1991 2831 2195 2865 consuetudo
2211 2832 2260 2866 R¹
2279 2832 2292 2876 ΙΙ
2314 2833 2388 2875 qui—

1298 2873 1374 2906 dem
1397 2886 1456 2908 om.
1478 2874 1602 2919 Vvuly.
1618 2875 1641 2919 ,ΙΙ
1673 2877 1712 2911 11
1738 2875 1883 2911 seniores
1905 2876 1956 2910 7ι
1984 2876 1996 2920 ΙΙ
2028 2878 2070 2917 12
2096 2879 2129 2910 et
2154 2890 2212 2912 om.
2237 2878 2271 2913 T
2279 2878 2291 2898 ¹
2314 2878 2326 2923 ss
2356 2881 2388 2913 et

1298 2919 1516 2953 alexandrine
1541 2921 1619 2957 add.
1635 2920 1696 2962 1⁷²,
1727 2922 1759 2954 et
1779 2920 2001 2955 Alexandriae
2025 2924 2059 2958 et
2078 2922 2283 2967 'Rheopoleos
2307 2925 2385 2965 add.

1299 2965 1384 3008 vulq.
1410 2964 1422 3008 ΙΙ
1448 2966 1489 3000 14
1513 2964 1549 2999 in
1574 2978 1632 3000 om.
1647 2965 1698 3003 R¹
1715 2965 1727 3009 ΙΙ
1750 2966 1997 3005 ordinationem
2021 2966 2133 3010 RVT,
2158 2982 2242 3004 corr.
2266 2970 2352 3013 cuiq,

1298 3020 1417 3043 manus
1439 3020 1538 3052 quam
1559 3011 1609 3045 Va
1633 3021 1798 3053 nusquam
1819 3011 1898 3055 3111
1916 3014 1956 3048 15
1978 3012 2084 3056 ipsam
2103 3013 2154 3048 13²
2183 3015 2274 3057 ipsas
2300 3015 2333 3048 Τ
2340 3014 2353 3035 ¹
2381 2969 2388 3058 Ι

191 2696 207 2730 1
221 2694 346 2737 μέντοι
363 2692 400 2725 ἐκ
417 2705 476 2725 om.
486 2692 610 2736 Epan„
635 2691 673 2725 ἐκ
690 2699 817 2725 erasum
831 2692 957 2729 videtur
973 2692 1007 2725 in
1020 2691 1052 2725 L
1067 2690 1080 2735 ΙΙ
1100 2692 1119 2726 2
1134 2688 1229 2726 κατὰ

143 2739 196 2774 Bt
211 2738 224 2780 ΙΙ
247 2741 270 2773 4
290 2734 333 2771 οὗ
357 2736 473 2781 μόνον
497 2750 554 2771 om.
568 2749 588 2774 ς
604 2737 617 2781 ΙΙ
643 2739 663 2772 9
687 2733 739 2778 δὲ]
763 2737 804 2769 τὲ
820 2737 881 2778 L‘¹‚
902 2750 961 2770 om.
975 2737 1045 2771 δυ.
1060 2738 1094 2779 L,
1111 2749 1131 2774 ς
1148 2738 1161 2781 ΙΙ
1188 2739 1229 2772 10

142 2783 274 2830 ὑφεξὴς
296 2784 328 2818 L
346 2782 359 2827 ΙΙ
378 2785 416 2818 11
441 2783 509 2827 μὲν
533 2795 592 2816 οηι.
606 2783 635 2817 S
651 2781 664 2827 ΙΙ
683 2784 723 2818 12
748 2781 966 2817 ἐπισκόπους
984 2782 1037 2816 B⁶
1049 2783 1183 2817 Nomoc.
1197 2784 1230 2818 L

144 2833 189 2865 tit.
202 2831 243 2864 16
255 2828 267 2875 ΙΙ
279 2825 513 2874 πατριάρχας]
530 2824 639 2862 πόσοι
654 2827 723 2861 εἰσὶ
739 2826 960 2873 πατριάρχαι
973 2830 1080 2862 adscr.
1091 2829 1138 2862 Μ
1138 2842 1165 2862 s.
1175 2842 1204 2863 υ.
1219 2828 1231 2874 ΙΙ

141 2877 307 2910 τουτέστι
332 2888 390 2908 om.
406 2876 457 2908 B⁶
479 2874 493 2918 ΙΙ
520 2875 560 2908 13
584 2876 827 2919 πρεσβυτέρας
850 2876 883 2908 in
901 2887 967 2908 ras.
984 2874 1032 2908 M
1046 2873 1059 2918 ΙΙ
1085 2875 1127 2908 15
1152 2874 1229 2910 ἐπι-

143 2920 297 2955 σκόπους
316 2916 339 2963 ἢ
357 2917 543 2964 κληρικούς
556 2919 603 2953 Μ
614 2921 626 2961 ΙΙ
644 2920 685 2955 16
707 2917 885 2953 ἔλλαττον
897 2920 941 2958 (et
955 2921 1002 2953 sic
1017 2920 1153 2974 semper)
1170 2920 1202 2954 L
1219 2919 1231 2965 ΙΙ

142 2965 264 3010 λίτρας
277 2966 324 2999 Μ
326 2966 355 2998 S
363 2968 393 3006 ς]
417 2964 552 3009 λιτρῶν
568 2965 637 2998 LB
653 2964 667 3008 ΙΙ
694 2966 733 2999 17
755 2960 778 3006 ἦ
795 2963 975 3007 συνήθεια
989 2974 1160 3010 γινωσκει
1176 2966 1230 3004 ὃς

143 3010 196 3045 B!
208 3011 308 3053 (Iul.)]
332 3010 378 3052 τῆ
397 3008 578 3052 συνηθεία
599 3011 740 3055 γίνεται
753 3010 826 3043 ML
849 3006 871 3052 ἡ
891 3008 1072 3052 συνήθεια
1089 3013 1230 3056 γίνεται

143 3057 196 3090 B⁶
212 3056 224 3099 ΙΙ
254 3056 294 3090 18
318 3055 349 3097 εἰ
373 3051 682 3099 δὲ-παρείχετο]
707 3054 784 3098 plus
807 3057 917 3088 autem
942 3055 983 3089 ab
1007 3056 1070 3089 hac
1095 3057 1228 3098 quanti·
1301 3056 1342 3090 16
1365 3058 1580 3097 recognoscat
1602 3057 1636 3090 V
1651 3056 1663 3100 ΙΙ
1685 3056 1761 3098 plus
1783 3058 1908 3097 autem]
1932 3067 2088 3100 pauno
2112 3058 2164 3092 V¹
2180 3063 2195 3103 ss
2216 3058 2386 3101 quantita-

143 3102 212 3135 tate
236 3112 256 3138 ς
272 3100 285 3144 ΙΙ
302 3099 387 3145 πρὸ]
408 3101 513 3155 μέχρι
537 3100 671 3136 Nomoc.
686 3100 717 3133 L
733 3101 780 3134 tit.
798 3101 849 3141 16,
866 3113 925 3135 om.
940 3100 969 3134 S
982 3100 995 3138 ΙΙ
1017 3102 1058 3136 19
1082 3112 1136 3135 πα
1159 3103 1229 3144 έχε-
1298 3103 1366 3133 tem
1381 3101 1433 3134 Ra
1450 3100 1462 3144 ss
1482 3103 1521 3135 17
1548 3103 1660 3144 supra]
1682 3102 1766 3153 ⁴sunt
1789 3101 1840 3153 R}
1856 3101 1869 3145 ΙΙ
1887 3101 1990 3135 libras
2013 3103 2089 3136 auri
2109 3103 2167 3146 711
2185 3105 2226 3140 18
2248 3105 2386 3148 proprio

144 3146 238 3180 σθαι
252 3147 283 3180 L
300 3146 312 3190 ΙΙ
338 3147 381 3180 20
398 3144 472 3180 απὸ
489 3144 567 3179 τῶν
583 3145 653 3178 LB
670 3145 683 3188 ΙΙ
701 3145 744 3179 22
761 3143 843 3179 τοὺς
862 3158 921 3180 om.
935 3146 968 3179 L
986 3144 999 3190 ΙΙ
1015 3141 1090 3179 ἀπὸ
1104 3113 1204 3181 [1538
1219 3146 1230 3190 ΙΙ
1307 3146 1363 3189 Vll
1380 3156 1399 3178 a
1424 3159 1483 3180 om.
1497 3146 1566 3181 RT
1586 3146 1600 3190 ΙΙ
1629 3148 1668 3181 19
1693 3146 1856 3181 ordinatis
1878 3147 1932 3180 7ιι
1957 3147 1970 3191 ΙΙ
1991 3150 2022 3189 a]
2048 3153 2065 3182 a
2087 3148 2126 3190 V,
2144 3161 2203 3182 om.
2217 3149 2288 3186 ΒΤ
2304 3148 2317 3194 ΙΙ
2343 3150 2385 3184 20

145 3194 188 3227 23
213 3187 287 3225 ἀπὸ
310 3192 391 3233 LB,
417 3203 475 3224 om.
489 3201 508 3227 ς
531 3190 543 3234 ΙΙ
569 3192 611 3225 25
635 3189 939 3234 ἐνθρονιαστικοῦ
963 3190 995 3224 L
1016 3190 1029 3236 ΙΙ
1057 3192 1099 3226 29
1123 3189 1228 3237 ἥπερ]
1298 3191 1504 3234 patriarchas
1531 3192 1564 3226 T
1571 3190 1581 3211 ¹
1607 3194 1620 3235 ΙΙ
1644 3191 1844 3225 ordinant-m
1867 3191 1918 3226 71
1942 3192 2135 3233 ordinanter
2156 3193 2235 3237 7311
2259 3193 2288 3226 si
2312 3195 2386 3237 qui-

144 3234 236 3282 ὖπὲρ
253 3237 284 3270 L
303 3235 315 3280 ΙΙ
331 3234 454 3281 λίτρας
471 3237 538 3276 Se]
562 3233 699 3280 λιτρῶν
718 3236 830 3270 MLB
843 3236 975 3270 Nomoc.
988 3237 1020 3270 L
1035 3238 1080 3270 tit.
1097 3237 1139 3271 16
1154 3236 1168 3281 ΙΙ
1187 3238 1229 3272 33
1299 3237 1372 3269 dem
1397 3256 1439 3260 —
1465 3238 1507 3271 22
1532 3236 1681 3270 ordinati
1702 3238 1854 3280 supplevi
1875 3249 1943 3276 cum
1965 3238 2093 3274 Beckio
2114 3237 2128 3281 ΙΙ
2155 3239 2198 3272 23
2222 3239 2386 3275 ordinatis

144 3282 336 3370 <sasai
348 3280 493 3372 ”aas
510 3280 699 3370 etim
716 3277 808 3370 &Ji
825 3280 1067 3360 ‘zrssfflfl
1086 3282 1130 3316 ³4
1152 3294 1230 3328 w·

1301 3283 1353 3316 Τ*
1374 3281 1386 3325 ιι
1413 3281 1496 3315 anos
1522 3281 1570 3315 R¹
1594 3281 1607 3326 n
1632 3283 1673 3317 25
1698 3282 1849 3316 redditus
1872 3282 1950 3316 VB²
1985 3282 2133 3318 redditos
2156 3283 2293 3325 <redime
2308 3277 2384 3328 Tb)

1299 3326 1411 3361 R¹T¹
1440 3326 1452 3369 ΙΙ
1480 3328 1523 3361 26
1547 3337 1616 3360 non
1637 3327 1761 3369 minus]
1797 3326 1826 3360 si
1848 3327 1960 3361 minus
1986 3326 2045 3370 V3,
2069 3329 2175 3362 verbis
2218 3331 2330 3370 autem
2349 3329 2384 3364 X

1301 3373 1419 3407 lineola
1432 3373 1591 3408 subducta
1603 3375 1721 3413 notatis
1738 3371 1750 3417 ΙΙ
1776 3383 1837 3416 pro
1852 3392 1892 3397 —-
1907 3374 2011 3416 598,4
2031 3373 2159 3408 reditus
2178 3374 2300 3409 habeat
2324 3389 2383 3417 om.

1299 3418 1360 3460 R¹‚
1385 3419 1462 3452 add.
1487 3425 1517 3452 et
1538 3431 1565 3452 ε.
1579 3431 1609 3452 υ.
1634 3425 1665 3453 et
1687 3420 1721 3452 in
1745 3431 1847 3462 marq.
1867 3419 1967 3452 schol.
1983 3419 2017 3455 R
2041 3418 2054 3463 ΙΙ
2076 3419 2315 3455 intromesticis
2334 3421 2384 3455 7ι

1298 3463 1526 3496 introincestis
1537 3463 1571 3497 R
1582 3463 1708 3506 (schol.)
1731 3463 1957 3504 intronicestis
1969 3462 2020 3496 R²
2035 3463 2048 3508 ΙΙ
2066 3465 2107 3499 27
2130 3464 2204 3506 dari
2227 3467 2305 3507 add.
2319 3467 2383 3510 ΤΒ,

1300 3509 1427 3542 solidos·
1441 3509 1465 3541 0
1484 3508 1556 3542 dari
1579 3527 1622 3532 —
1647 3510 1689 3543 28
1708 3508 1972 3553 percipientibus
1987 3510 2136 3553 supplevi
2150 3510 2230 3554 (sim.
2245 3512 2348 3556 vulq.)

1300 3556 1342 3588 29
1368 3554 1501 3596 quidem
1526 3566 1583 3589 om.
1607 3553 1665 3598 711
1679 3554 1755 3588 auri
1772 3553 1867 3588 libris
1884 3554 1935 3590 T2
1960 3553 2063 3588 libras
2082 3556 2158 3590 auri
2177 3556 2350 3600 R(schol.)
2378 3512 2385 3602 l

1300 3601 1342 3633 30
1360 3599 1495 3633 ecclesie
1514 3618 1556 3624 —
1575 3600 1652 3642 598,
1668 3607 1684 3634 8
1702 3599 1837 3642 quidem
1854 3599 1977 3635 solidos
1996 3613 2058 3634 scr.
2075 3600 2126 3634 ,Τ2
2141 3603 2175 3636 in
2187 3604 2290 3643 rasti
2303 3615 2355 3637 vv.
2378 3604 2384 3649 Ι

1298 3645 1447 3679 redditus
1460 3645 1494 3679 R
1503 3645 1569 3680 VT
1573 3645 1617 3686 (et
1629 3647 1676 3680 sic
1688 3646 1790 3690 infra)
1807 3645 1820 3689 ΙΙ
1844 3655 1906 3688 pro
1918 3664 1962 3670 -—
1975 3647 2053 3689 598,
2067 3653 2082 3680 3
2101 3647 2257 3690 ecclesiae
2271 3648 2382 3683 reddi-

1298 3692 1354 3724 tus
1372 3700 1441 3725 esse
1457 3691 1638 3733 contigerit
1655 3691 1774 3729 lineola
1789 3692 1949 3725 subducta
1965 3699 2055 3726 notat
2078 3691 2130 3725 V³
2144 3692 2158 3738 ΙΙ
2182 3693 2382 3735 intremuisti-

1299 3736 1347 3770 ois
1367 3736 1402 3772 V
1426 3735 1652 3772 introincestis
1672 3736 1845 3781 Ructat.)
1875 3736 2032 3772 tronostis
2056 3737 2134 3783 TO)

193 3420 209 3453 1
219 3420 307 3452 rubr.
322 3416 360 3450 Si
373 3416 546 3460 episcopus
560 3418 637 3449 ante
651 3415 928 3451 consecrationem
945 3426 1039 3450 suam
1051 3416 1107 3453 uel
1116 3419 1232 3461 postea

144 3474 196 3498 res
212 3473 288 3497 suas
305 3461 441 3496 ecclesie
457 3460 619 3497 obtulerit
638 3461 709 3496 Vin
722 3474 824 3506 mar-9.
843 3462 880 3495 Si
898 3462 1070 3506 episcopus
1087 3473 1140 3500 res
1151 3473 1231 3498 suas

146 3509 283 3543 ecclesie
304 3508 432 3542 dederit
455 3508 533 3554 ante
554 3507 835 3541 consecrationem
854 3507 910 3541 uel
930 3509 1006 3550 post
1034 3508 1110 3546 Tin
1125 3522 1229 3554 man-9.

147 3556 198 3595 (ex
210 3555 287 3597 Iul.)
305 3553 318 3598 fl
336 3555 356 3588 2
379 3554 454 3596 post
469 3556 564 3586 suam
584 3550 832 3586 ‘ordinationem
848 3553 918 3587 ΕΤ
936 3552 949 3598 n
969 3555 988 3589 3
1012 3555 1124 3596 partes
1144 3555 1196 3589 Va
1219 3556 1231 3599 Η

147 3601 271 3641 earum]
288 3610 401 3634 earum
413 3600 539 3641 (eorum
547 3598 611 3641 Ra)
628 3598 706 3632 dum
718 3600 847 3642 partem
863 3608 976 3633 earum
988 3597 1064 3644 13¹ss
1076 3599 1231 3635 ecclesiae

123 3666 125 3668 -
148 3644 279 3678 auferre
301 3645 352 3679 7ι
387 3644 565 3679 aecclesiae
590 3644 697 3678 oferre
720 3643 876 3677 aecclesie
901 3643 951 3678 R¹
974 3644 980 3688 Ι
1012 3646 1038 3679 Ἰ4
1062 3647 1142 3686 non]
1168 3647 1228 3690 leq.

146 3690 230 3734 <non
248 3689 363 3735 modo>
379 3690 471 3724 non?
488 3690 500 3736 ΙΙ
519 3690 621 3732 omni]
646 3689 782 3725 omnino
795 3690 829 3724 R
854 3702 894 3721 u
911 3689 961 3724 Τ1
988 3690 1229 3735 Ιβοιιᾱθῐηρῐια-

146 3735 271 3771 tionem
293 3736 341 3770 T¹
359 3736 372 3782 ss
390 3738 408 3770 5
435 3738 521 3779 eum]
547 3745 613 3769 esse
634 3736 668 3770 V
685 3746 759 3770 eum
776 3745 845 3770 esse
862 3735 914 3770 Τ2
931 3735 944 3780 ΙΙ
960 3736 980 3770 6
1005 3735 1229 3771 iudicauimus
