2618 4010
294 121 398 164 NOV.
414 119 618 163 LXXXII
650 123 713 164 13.
747 123 798 162 14

1355 115 1437 164 4⁰8

292 233 445 274 κρατεῖν,
475 226 567 275 ὅπερ
597 230 633 264 σι’
660 227 827 275 ἡμέτεροι
847 229 1050 285 βούλονται
1064 206 1066 209 -
1080 227 1195 274 νόμοι.
1239 230 1272 264 εἰ
1293 229 1360 276 γὰρ
1428 227 1552 264 volunt
1572 228 1677 274 leges.
1713 228 1754 265 Sl
1771 230 1950 268 enim'sub
1966 231 2205 312 tpzellatione
2229 231 2272 266 lis
2296 230 2516 275 fiatsiudex‘

1689 133 1751 165 DE
1777 131 2004 166 IUDICIBUS
2033 132 2091 163 ΕΤ
2120 132 2181 164 m·
2208 131 2505 165 NULLA'msz

292 273 455 327 ἔκκλητοι·
484 271 507 317 ἡ
530 272 610 317 δίκη
639 277 804 321 γένηται,
838 287 859 310 ο
890 277 959 320 μὲν
993 271 1360 327 δικαστὴςυδεχέσθω
1430 272 1571 318 quidem
1594 273 1770 325 {suscipiat
1789 275 1904 312 modis
1926 286 2022 312 omm
2047 287 2089 313 us
2114 276 2269 312 oblatam
2293 275 2504 329 appellatio-

292 330 438 353 παντως
460 319 530 362 τὴν
553 316 807 364 ἐπιδιδομένην
829 321 953 366 ἔφεσιν
977 315 1059 353 οὐδ’
1085 331 1210 353 οτιουν
1233 330 1365 354 παντε-

291 362 362 398 λῶς
374 365 694 417 προφασιζόμενος,
714 361 774 411 ἐφ’
789 356 843 399 ὦν
859 361 952 399 ὅλως
967 363 1107 404 ἔξεστιν
1123 362 1367 406 ἐκκαλεῖσθαι,

1433 327 1513 353 nem
1536 317 1624 353 nihil
1647 318 1790 363 penitus
1809 329 2003 364 excusans,
2033 321 2070 357 in
2094 321 2223 366 quibus
2254 330 2397 356 ommno
2420 321 2506 357 licet

1433 362 1626 415 appellare,
1650 363 1820 399 auxilium
1837 374 1920 400 vero
1945 365 2040 402 eirea
2063 366 2320 411 appellationes
2343 365 2505 402 omnibus

291 406 313 451 ἡ
331 406 371 443 δὲ
386 410 424 443 ἐκ
439 422 517 444 των
538 407 719 452 ἐκκλήτων
735 409 894 454 βοήθεια
910 410 1002 444 πᾶσι
1018 408 1242 453 προκείσθω,
1259 405 1310 442 δι’
1327 401 1368 451 ἧς
1403 411 1422 443 5
1434 407 1583 449 adiacet,
1608 417 1672 452 per
1695 408 1790 452 quod
1813 408 1897 445 licet
1914 409 2011 446 laeso
2034 415 2071 446 et
2117 411 2194 446 ueri
2217 415 2253 446 et
2273 411 2402 446 mereri
2426 420 2504 447 cor-

292 453 410 494 ἔξεστι
431 454 485 497 τῷ
509 453 684 499 βλαβέντι
710 457 771 489 καὶ
792 453 1013 500 μέμψασθαι
1034 456 1095 486 καὶ
1117 455 1235 496 τυχεῖν
1259 455 1368 488 ἐπαγ·

292 497 488 542 ορθώσεως
518 495 540 542 ἢ
565 498 664 544 παρὰ
687 500 766 534 τῶν
790 500 931 545 ἐφετῶν
954 494 978 541 ἢ
1001 494 1091 543 παρ’
1106 495 1211 543 ἡμῶν
1234 494 1370 542 αὐτῶν,

292 544 392 588 εἴπερ
414 544 462 579 εἰς
485 541 576 588 ἡμᾶς
599 542 622 588 ἡ
646 545 765 590 ψῆφος
789 543 964 586 ἐνεχθείη.

1434 452 1627 488 rectionem
1651 456 1715 487 aut
1736 452 1783 488 ab
1798 451 1854 489 his
1873 453 1935 499 qui
1949 454 1993 490 de
2007 464 2099 500 appe
2126 460 2244 491 atione
2258 455 2420 493 iudicant
2441 458 2506 492 aut

1435 506 1459 533 a
1481 496 1583 534 nobis
1606 497 1706 543 ipsis,
1730 497 1762 534 ei
1784 497 1832 534 ad
1850 508 1916 534 noa
1940 501 2113 536 sententia
2134 500 2322 539 referatur.

1263 677 1418 714 CAPUT
1441 677 1537 714 XIV.

351 759 394 791 Εἰ
418 755 460 791 δε·
479 770 516 792 τι
547 761 726 803 κρίνοντες
758 757 792 790 οὶ
820 754 986 791 δικασταὶ
1017 759 1202 800 νομίσαιεν
1232 753 1362 802 ἀμφισ-

1479 757 1518 793 Si
1548 747 1633 802 qnid
1663 757 1783 792 autem
1819 755 2004 793 audientes
2038 757 2172 794 iudices
2203 759 2405 804 putaverint
2428 768 2507 795 esse

291 801 494 856 βητήσιμον
516 800 797 856 εἴναι,(δι’δομεν
821 798 940 836 αὐτοῖς
963 799 1091 836 ἄδειαν
1113 801 1160 835 τὰ
1179 804 1261 845 περὶ
1286 800 1364 836 τού-
1382 805 1422 837 10
1435 802 1599 845 dubium,
1631 801 1756 838 damus
1791 801 1843 837 eis
1863 801 2042 837 licentiam
2062 802 2104 838 de
2135 803 2191 840 bis
2213 804 2379 840 nuntiare
2403 804 2507 840 nobis

291 860 356 882 του
379 860 529 891 μηνυειν
552 849 599 882 εἰς
621 848 722 890 ημᾶς,
745 850 805 880 καὶ
829 844 1097 881 πυνθάνεσθαί
1117 859 1157 880 τε
1179 844 1283 890 ἡμῶν
1307 849 1367 880 καὶ

291 891 501 936 μανθάνειν
534 893 579 927 τὰ
610 890 756 932 δέοντα,
792 895 851 925 καὶ
882 888 979 926 οὕτω
1015 891 1056 926 τὸ
1091 894 1270 937 πρακτέον
1299 890 1365 937 ’ὑφ-

291 938 462 984 ηγεῖσθαι
484 941 545 971 καὶ
568 940 684 972 ποιεῖν
708 933 847 971 δικαίας
869 949 910 970 τε
932 933 1009 981 ἅμα
1032 939 1092 970 καὶ
1116 934 1280 983 εὐλόγους
1302 937 1366 971 τὰς

291 987 429 1028 κρίσεις.

1435 851 1470 883 et
1501 847 1688 883 consulere
1719 857 1802 890 nos,
1834 850 1874 882 ut
1904 846 2045 882 discant
2098 858 2166 884 uae
2188 849 2388 886 necessaria
2411 851 2507 890 sunt,

1436 895 1473 928 et
1502 893 1554 927 ita
1584 892 1679 937 quod
1707 891 1881 936 agendum
1911 895 1967 927 est
1998 892 2176 937 explicent
2197 895 2236 929 et
2255 893 2391 930 faciant
2412 894 2508 930 iusta

1435 938 1539 973 simul
1562 936 1859 981 rationabiliaque
1881 936 2022 972 iudicia.

347 1025 579 1083 ςἘπίλσγο
589 1027 634 1072 ς.)
685 1025 733 1061 ‘H
756 1030 879 1081 τοίνυν
911 1027 956 1079 σὴ
986 1024 1141 1081 ᾇπεροχὴ
1172 1026 1219 1081 τοὶ
1251 1039 1365 1072 παρα·
1382 1031 1422 1063 15
1478 1027 1528 1073 <E
1541 1038 1564 1072 p
1577 1027 1614 1062 il
1627 1037 1647 1062 ο
1658 1037 1682 1071 g
1692 1038 1716 1062 u
1729 1026 1778 1072 S.)
1826 1026 1907 1062 Tua
1939 1026 2046 1071 igItur
2080 1026 2271 1062 eminentia
2305 1037 2396 1072 quae
2428 1029 2507 1074 pla-

292 1084 431 1108 σταντα
464 1086 550 1117 ημιν
585 1076 644 1106 καὶ
679 1070 740 1106 διὰ
775 1086 842 1115 την
877 1085 954 1106 των
982 1074 1166 1116 ημετέρων
1195 1071 1368 1115 υπηκόων

292 1115 468 1164 ὠφέλειαν
503 1120 738 1164 πεπραγμένα
773 1118 891 1151 ταῦτα
927 1118 990 1152 ἐπί
1022 1129 1061 1151 τε
1092 1119 1155 1160 τῆς
1185 1115 1366 1160 βασιλείου

291 1163 473 1210 προθήσει
496 1164 603 1197 στοᾶς
634 1165 697 1198 ἐπί
716 1175 757 1196 τε
786 1163 863 1196 τῶν
886 1160 1008 1196 ἄλλων
1028 1163 1150 1207 μερῶν
1178 1163 1240 1205 τῆς
1261 1163 1367 1208 μεγά-

291 1208 351 1252 λης
382 1206 514 1251 ταύτης
537 1206 651 1262 ’ἡμῶν
682 1206 837 1249 πόλεως,
869 1204 957 1242 dis-ta
986 1203 1103 1242 ἅπασι
1132 1208 1250 1241 ταῦτα
1272 1210 1367 1254 γενέ-

1436 1075 1587 1108 cuerunt
1610 1072 1712 1107 nobis
1736 1074 1773 1107 et
1794 1075 1940 1117 propter
1955 1075 2157 1107 nostrorum
2176 1072 2415 1108 subiectorum
2438 1074 2507 1108 uti-

1436 1117 1572 1153 litatem
1593 1119 1695 1162 gesta
1717 1121 1812 1160 sunt,
1836 1117 1924 1152 haec
1945 1117 2033 1152 etin
2052 1116 2226 1161 imperiali
2241 1119 2421 1162 proponat
2442 1118 2506 1154 ba·

1436 1163 1536 1197 silica
1558 1166 1594 1197 et
1617 1162 1655 1197 in
1678 1161 1757 1198 aliis
1777 1162 1940 1207 partibus
1965 1165 2109 1197 nostrae
2131 1171 2170 1197 re
2195 1162 2250 1198 'ae
2273 1162 2444 1206 civitatis,
2468 1164 2509 1198 ut

1437 1207 1607 1243 universis
1631 1207 1720 1243 haec
1743 1207 1833 1242 fiant
1859 1206 2067 1248 manifesta,
2099 1209 2136 1241 et
2190 1207 2307 1243 iscant
2333 1207 2418 1252 quia
2445 1217 2510 1252 per

291 1254 386 1289 σθαι
409 1266 560 1309 φανεροί,
591 1256 652 1287 καὶ
673 1252 811 1297 μαθεῖν
834 1248 894 1287 ὅτι
923 1250 984 1286 διὰ
1014 1252 1169 1287 πάντων
1193 1250 1287 1306 ,ἡμῖν
1309 1255 1367 1297 μέ·
1382 1254 1424 1287 2Ο
1436 1252 1554 1288 omnia
1576 1252 1679 1288 nobis
1703 1262 1791 1288 cura
1821 1257 1876 1287 est
1899 1262 2020 1288 eorum
2043 1251 2207 1288 utilitatis
2229 1253 2365 1298 pariter
2390 1256 2426 1288 et
2449 1262 2508 1288 ae-

291 1298 343 1334 λει
371 1300 435 1342 τῆς
458 1311 581 1333 αυτων
603 1298 652 1332 oia
682 1297 799 1333 αλείας
827 1311 868 1332 τε
897 1300 957 1331 καὶ
988 1295 1275 1343 ἀπραγμοσυνης.

335 1344 418 1380 Dat.
435 1354 487 1379 VI.
504 1343 551 1379 id.
569 1343 658 1388 Apri
675 1371 683 1379 .
701 1343 771 1379 ΟΡ.
797 1343 879 1388 imp.
905 1342 965 1378 dn.
990 1342 1176 1378 Iustiniani
1197 1353 1257 1388 pp.
1275 1343 1366 1386 Aug.

291 1399 386 1426 anno
407 1388 507 1437 XIII.
532 1388 672 1434 Apione
693 1399 726 1425 v.
751 1398 783 1424 c.
809 1397 907 1424 cons.

1436 1299 1634 1378 Ψίξῖῗῗὲη.
1658 1342 1707 1378 id.
1723 1342 1836 1388 April.
1855 1342 1923 1378 cp,
1947 1343 2031 1388 imp.
2049 1342 2109 1378 dn.
2125 1342 2313 1378 Iustiniani
2336 1353 2396 1388 pp.
2415 1343 2507 1388 Aug.

1326 1391 1373 1430 [a.
1389 1390 1466 1430 539]
1535 1397 1629 1423 anno
1650 1387 1749 1423 XIII.
1770 1388 1938 1433 Appione
1960 1399 1991 1424 v.
2011 1398 2042 1423 c.
2064 1398 2161 1423 cons.

289 1546 471 1588 volumus,
495 1544 595 1592 quod
617 1545 714 1598 leqes
736 1549 884 1581 nostrae
905 1544 1041 1581 volunt.
1088 1544 1183 1580 Nam
1205 1544 1238 1580 si
1261 1544 1298 1579 in
1323 1544 1384 1580 lite
1407 1544 1606 1591 appellatio
1630 1544 1897 1591 interponatur,
1927 1545 2041 1581 iudex
2063 1543 2206 1596 quidem
2229 1544 2510 1592 appellationem

289 1592 540 1639 interpositam
559 1591 722 1626 ommbus
736 1589 854 1626 modis
872 1590 1059 1641 susceptat,
1083 1589 1175 1625 m‘lzil
1186 1590 1300 1636 plane
1320 1589 1572 1641 praetendens,
1597 1589 1725 1635 quibus
1749 1589 1890 1642 quidem
1912 1590 1950 1642 in
1971 1600 2091 1626 causas
2110 1590 2255 1626 omnino
2280 1590 2363 1626 licet
2385 1590 2509 1671 qpfid·

1364 1637 1483 1670 raesto
1506 1639 1573 1677 stt,
1600 1645 1669 1681 per
1692 1635 1792 1680 quod
1813 1646 1845 1671 ez
1869 1646 1931 1681 qut
1957 1635 2076 1671 laesus
2099 1640 2153 1671 est
2175 1640 2209 1670 et
2232 1645 2298 1671 con
2325 1646 2402 1671 uera
2441 1646 2451 1670 a

289 1637 385 1680 lare,
408 1636 588 1673 auxilium
612 1638 730 1670 autem
752 1645 802 1671 ex
823 1634 1127 1682 appellatzonibus
1151 1635 1314 1670 omnibus

2455 1639 2510 1671 cet

289 1687 326 1719 et
347 1682 602 1718 correctionem
626 1682 820 1726 impetrare
843 1679 899 1716 vel
919 1680 964 1715 ab
987 1679 1032 1715 iis
1055 1680 1118 1726 qui
1141 1679 1185 1715 de
1208 1679 1319 1726 appel
1332 1679 1452 1715 atione
1475 1679 1637 1716 iudicant
1659 1680 1716 1715 vel
1737 1691 1760 1715 a
1782 1680 1887 1716 nobis
1910 1680 2019 1727 apsis,
2050 1681 2085 1716 si
2103 1680 2245 1726 quidem
2269 1692 2292 1716 a
2340 1691 2408 1716 nos
2429 1691 2508 1716 sen·

208 1726 222 1735 “
290 1727 402 1764 tentia
424 1738 465 1763 rc
487 1730 622 1762 eratur.

476 1771 521 1808 V.
568 1770 705 1814 Quodsi
728 1770 818 1817 quid
839 1770 975 1806 iudices
998 1769 1233 1806 diiudicatari
1257 1769 1400 1806 dubium
1424 1780 1499 1806 esse
1522 1770 1747 1812 existiment,
1782 1769 1910 1805 damus
1933 1770 1984 1805 eis
2008 1771 2146 1807 veniam
2170 1770 2214 1806 de
2236 1781 2281 1807 ea
2303 1781 2343 1806 re
2366 1770 2416 1805 ad
2441 1781 2509 1806 nos

288 1817 491 1864 referendi,
522 1821 564 1852 ut
585 1820 620 1852 et
643 1826 709 1851 nos
731 1815 923 1852 consulant
953 1819 988 1851 et
1011 1820 1235 1861 coqnoscant
1265 1815 1394 1862 quibus
1418 1826 1510 1862 opus
1533 1820 1604 1858 est,
1634 1819 1743 1861 atque
1766 1815 1820 1850 ita
1852 1815 1952 1861 quod
1974 1815 2154 1862 aqendum
2177 1819 2231 1851 est
2252 1815 2452 1862 expediant
2474 1820 2510 1852 et

288 1868 405 1900 uastas
427 1861 535 1898 simul
556 1871 601 1897 ac
622 1861 760 1896 rationi
783 1860 1031 1896 convenientes
1053 1861 1248 1896 sententias
1271 1860 1446 1905 efficiant.
1823 1877 1826 1879 ·

424 1907 666 1954 Epiloqus.
715 1905 793 1941 Tua
815 1906 930 1957 iqitur
953 1905 1154 1957 cublimitas
1177 1916 1271 1957 quae
1295 1906 1409 1957 nobis·
1423 1905 1646 1957 placuerunt
1675 1909 1713 1957 et
1731 1909 1887 1951 propter
1917 1905 2158 1957 subiectorum
2181 1910 2390 1942 nostrorum
2413 1906 2509 1942 utili-

290 1957 399 1990 tatem
422 1957 506 1989 acla
528 1955 625 1994 sunt,
655 1950 744 1988 haec
767 1955 804 1986 et
824 1961 863 1985 m
886 1961 990 1998 reqza
1010 1955 1155 1997 portum
1182 1956 1217 1986 et
1236 1961 1274 1985 m
1298 1954 1426 1986 ceterzs
1453 1951 1620 1997 partzbus
1650 1949 1757 1985 Imaus
1780 1961 1934 1997 maqnae
1966 1955 2122 1986 czvztatts
2144 1955 2292 1987 nostrae
2313 1955 2508 1998 proponet,

287 2002 328 2035 ut
352 1998 514 2034 omnibus
536 2007 580 2033 ea
603 1997 799 2042 manifesta
819 1995 925 2041 fiant,
948 2000 1058 2042 atque
1080 1995 1291 2041 intelle-qam
1311 1999 1487 2042 perpetuo
1503 1995 1606 2031 nobis
1622 2005 1732 2031 curae
1756 2005 1832 2031 esse
1855 1996 2017 2042 ipsorum
2040 2000 2077 2031 et
2097 1996 2326 2031 securitatem
2349 2001 2386 2031 et
2409 1999 2507 2031 tran-

287 2043 513 2091 quillitatem.

332 2203 352 2235 3
375 2199 445 2243 τὴν
463 2212 521 2234 om.
535 2200 567 2233 L
585 2198 598 2243 ΙΙ
613 2195 871 2241 ἐπιδεδομένην
886 2197 922 2230 Β
937 2195 950 2240 ΙΙ
969 2197 1104 2241 ἔφεσιν]
1130 2197 1248 2242 ἔφεσις
1265 2196 1366 2230 ἐστὶν

285 2244 308 2290 ἡ
326 2247 364 2279 ἐκ
380 2243 609 2290 δικαστηρίου
627 2243 674 2277 εἰς
692 2244 816 2287 ἕτερον
839 2240 1070 2286 δικαστήριον
1091 2239 1284 2287 μεταγωγή
1307 2243 1366 2274 ad-

288 2300 351 2326 noe.
368 2304 452 2325 man.
469 2303 531 2323 rec.
549 2292 582 2323 in
601 2291 747 2332 marqine
767 2289 813 2321 M
825 2287 838 2328 11
854 2289 875 2320 4
893 2285 1126 2320 ἐκκαλεῖσθαι
1140 2287 1188 2328 Β]
1214 2284 1367 2332 ἐγκαλεῖ·

286 2336 380 2371 σθαι
394 2337 450 2376 Μ,
475 2332 707 2368 ἐκκαλεῖσθαι
725 2352 765 2357 -
778 2335 798 2367 6
814 2331 936 2372 ἔξεστι
961 2345 1018 2365 om.
1034 2333 1065 2365 L
1082 2332 1095 2376 ΙΙ
1113 2334 1132 2367 5
1150 2333 1189 2365 ἐκ
1212 2344 1269 2365 om.
1286 2332 1336 2365 B⁶
1355 2330 1368 2376 ΙΙ

286 2379 511 2471 ’ἑῗῖῗὸῗθοῖῗ
530 2380 571 2459 a1d
567 2379 658 2459 {³53
670 2380 704 2457 ἕ
705 2392 749 2457 '13‘
758 2389 834 2465 „⁷³53
837 2388 891 2456 {²2ss
895 2376 992 2468 ίὲῗρῗ
997 2375 1367 2466 ἶέἷτᾎὸιῖῗέἒεέἒῖἴᾞ

290 2474 331 2507 16
354 2437 539 2516 ἡμεῖέραξν
556 2483 613 2503 om.
624 2471 655 2503 L
671 2471 684 2511 ΙΙ
706 2470 746 2503 18
763 2469 824 2511 τῆς
838 2464 991 2514 μεγάλης
1006 2465 1148 2510 ταύτης]
1173 2467 1282 2510 regiae
1295 2468 1329 2510 (ἰ.
1339 2480 1365 2501 ε.

286 2518 349 2561 τῆς
364 2513 561 2560 βασιλίδος)
580 2527 600 2552 ς
616 2514 629 2559 ΙΙ
647 2516 690 2549 22
704 2516 826 2548 subscr.
841 2526 898 2547 om.
912 2514 994 2551 Iul.;
1019 2512 1086 2546 dat.
1099 2516 1219 2546 ῖῐ-Ῑε-
1234 2514 1368 2556 reliquis

287 2565 412 2597 omissis
435 2562 483 2596 M
501 2562 599 2602 (unde
621 2560 689 2593 dat.
709 2569 771 2594 xv.
795 2559 829 2591 k.
855 2560 934 2602 Apr.
961 2559 1049 2592 dedit
1074 2558 1295 2599 Zachariae„
1319 2570 1367 2592 ee-

288 2610 414 2652 quimur
434 2618 454 2643 ς’
474 2614 504 2640 et
527 2607 614 2647 Am,
639 2607 697 2661 qui
715 2606 811 2639 habet
827 2601 964 2650 ἐγράφη
988 2604 1012 2639 ξ
1031 2600 1077 2636 ιὸ.
1101 2604 1149 2644 (ε’-ι
1167 2600 1262 2636 διοίτ.
1283 2603 1368 2645 cod.)

284 2650 420 2699 Ἀπριλ.
444 2649 627 2696 βασιλείας
651 2649 897 2683 Ιουστινιανοῦ
918 2647 961 2682 τὸ
983 2644 1032 2694 ιγ’
1049 2644 1223 2682 ὑπατείας
1238 2643 1368 2681 Ἀπίω·

287 2709 356 2733 νος.
384 2698 524 2731 Theod.:
557 2694 775 2750 έξεφωνήθη
805 2696 892 2738 μηνὶ
922 2690 1080 2738 οἱπριλίῳ
1111 2693 1174 2735 τῆς
1197 2689 1369 2727 ὑπατείας

287 2743 446 2778 Ἀπίονος
467 2743 541 2776 ἔτει
564 2744 607 2785 ιβ
648 2741 711 2784 τῆς
733 2737 917 2784 βασιλείας
936 2737 1191 2772 Ἰουστινιανοῦ

1490 2198 1512 2231 4
1532 2196 1620 2230 circa
1642 2198 1744 2241 only]
1769 2199 1885 2230 contra
1907 2198 1984 2231 libri
2002 2197 2014 2240 ΙΙ
2038 2197 2294 2240 appellationem
2318 2199 2350 2230 R
2368 2197 2382 2242 fl
2407 2200 2426 2232 5
2451 2198 2509 2231 ad-

1434 2243 1531 2275 uoeet
1547 2242 1615 2280 V03
1636 2243 1695 2285 leq.
1708 2238 1879 2276 adiacent?
1894 2241 1907 2286 ΙΙ
1925 2243 1992 2276 leso
2006 2241 2086 2275 licet
2103 2243 2136 2276 V
2146 2242 2159 2286 ΙΙ
2176 2245 2208 2275 et
2221 2243 2329 2284 queri]
2347 2242 2441 2285 quasi
2458 2243 2492 2276 V

1435 2287 1455 2320 6
1480 2287 1539 2329 qui
1563 2287 1616 2329 de]
1640 2287 1772 2329 quidem
1793 2288 1855 2331 Vn
1883 2290 1901 2321 7
1926 2289 2091 2320 sententia
2113 2289 2213 2331 vulo]
2238 2288 2377 2321 seientia
2401 2289 2477 2322 libri

1437 2334 1476 2367 11
1499 2334 1570 2374 nos]
1594 2332 1690 2365 nobis
1706 2332 1753 2366 R¹
1770 2332 1782 2376 ΙΙ
1802 2334 1898 2376 12sq.
1923 2332 2022 2366 simul
2044 2333 2132 2366 iusta
2153 2334 2186 2366 T
2199 2336 2211 2374 ΙΙ
2230 2334 2270 2367 13
2290 2333 2426 2375 iudicia]
2450 2335 2510 2366 tua

1435 2378 1512 2410 add.
1529 2377 1586 2421 ΤΙΙ
1606 2379 1645 2413 17
1671 2378 1707 2410 in
1731 2377 1782 2411 R³
1792 2379 1890 2421 vul9.]
1916 2391 1974 2411 om.
1999 2378 2121 2411 R'VT
2140 2378 2153 2422 ΙΙ
2182 2380 2225 2413 22
2248 2380 2509 2422 subscriptionem

1435 2423 1580 2466 dedimus
1603 2436 1642 2457 ex
1666 2423 1759 2456 codd.
1793 2423 1827 2456 V
1843 2430 1873 2456 et
1903 2423 2023 2457 Bamb.
2047 2423 2072 2457 I
2099 2431 2129 2457 et
2157 2424 2371 2457 Amor-acensi
2396 2422 2410 2467 ΙΙ
2437 2426 2508 2466 εἰῇ.

1434 2468 1531 2510 impr.
1549 2468 1582 2501 V
1593 2467 1605 2512 ΙΙ
1623 2468 1698 2501 d'tffi.
1716 2465 1865 2501 Vdomn.
1882 2468 2035 2502 Bamb.I
2052 2467 2158 2502 donus
2169 2469 2279 2503 Amor.
2297 2467 2310 2512 ΙΙ
2326 2468 2510 2502 iustiniano

1436 2513 1591 2546 Bame
1609 2513 1688 2547 iust.
1705 2513 1855 2547 VAmbr.
1877 2513 1890 2557 ΙΙ
1919 2515 2006 2556 Aug.
2032 2514 2214 2547 σπάνιον.
2239 2514 2253 2558 ΙΙ
2279 2514 2320 2548 23
2345 2513 2508 2557 Appiono]

1435 2561 1510 2600 aps).
1524 2559 1614 2637 1l7ibri
1628 2558 1642 2602 ΙΙ
1658 2567 1688 2591 v.
1702 2567 1729 2591 o.
1744 2570 1802 2593 om.
1818 2559 1937 2592 Bamb.
1952 2559 1977 2592 I
1995 2558 2009 2603 fl
2024 2568 2104 2593 coss.
2117 2559 2228 2593 Ambr.
2254 2569 2302 2592 eo.
2321 2568 2363 2592 ει.
2376 2559 2509 2601 Bamb.,

1436 2615 1495 2637 om.
