2618 4010
287 98 394 144 Nov.
426 98 562 141 LXIX
591 98 630 141 2.
655 100 680 139 3

1195 153 1286 163 ..-

286 220 348 244 νος
370 208 567 254 ὁριζέσθω,
593 209 710 262 φαμὲν
727 205 769 242 δὲ
791 206 857 243 τὸν
879 207 958 243 τῶν
981 209 1085 243 ἐννέα
1108 207 1251 252 μηνῶν
1275 203 1364 243 dien

286 256 440 296 ἐκεῖνον,
470 253 503 287 εἶ
532 254 599 298 μὲν
629 253 730 297 αυτῷ
760 254 814 297 τῷ
843 253 1061 298 μεμηνυκότι
1088 251 1265 295 πιστεύει,
1295 252 1363 297 τὴν

287 297 392 341 δίκην
413 299 540 341 ἐκείνῳ
558 296 698 341 ταύτην
721 299 940 345 ἐπιτρέπειν,
964 299 995 332 εἰ
1016 295 1056 332 δὲ
1075 296 1302 352 ἀλλοιότερόν
1325 309 1375 333 ‘n‘

288 341 374 389 πρὸς
398 344 534 377 ἐκεῖνον
558 346 700 389 φρονεῖ,
724 344 848 399 ἕτερον
867 345 954 391 γοῦν
974 345 1171 387 ἐκπέμπειν
1191 356 1257 378 τον
1276 355 1361 379 υπο-

287 386 480 433 ὃεξόμενον
495 389 584 424 πᾶσι
599 387 746 434 τρόποις
762 402 830 432 την
845 387 1031 436 ἀναγωγὴν
1046 391 1106 422 καὶ
1121 385 1362 433 πληρώσοντα

286 430 433 469 πάντως
455 432 502 467 τὰ
523 431 768 480 ψηφιζόμενα,
798 435 830 468 εἰ
852 434 900 479 μὴ
924 435 1041 479 ἔφεσις
1070 430 1359 477 ἀκολουθήσειεν,

286 479 357 512 εἴτε
389 480 450 513 ἐπὶ
479 480 640 522 μείζονος
671 479 744 514 εἴτε
771 480 831 516 ἐπὶ
857 477 1043 513 ἐλάττονος
1074 479 1199 513 αἰτίας.
1248 479 1294 513 Εἰ
1324 476 1364 512 δὲ

286 523 306 558 ὁ
329 525 396 569 μὲν
418 521 611 568 μηνύσειεν
635 522 654 558 ὁ
679 522 719 559 δὲ
740 521 805 560 οὐκ
828 526 1042 570 ἐπιτρέψειε,
1068 526 1129 558 καὶ
1153 521 1172 559 ὁ
1195 527 1364 572 τεταγμέ-

285 580 346 624 νος
369 567 598 627 παραδράμοι
622 569 764 627 χρόνος,
777 567 837 625 ,ὦς’
857 568 901 612 δὴ
920 573 1054 623 κυρίως,
1066 567 1274 616 πράττοντα
1297 568 1364 603 τὸν

1354 93 1442 142 352

1987 110 2048 142 11'1'
2077 108 2223 142 OMNES
2251 105 2501 141 ononmam·

1431 208 1502 245 hoc
1536 210 1592 243 est
1624 217 1748 244 novem
1782 208 1974 246 mensium:
2010 211 2052 245 ut
2080 209 2157 253 ille,
2195 209 2226 245 si
2260 207 2401 253 quidem
2433 207 2502 254 ipsi

1430 252 1611 289 nuntianti
1641 252 1772 296 credit,
1802 253 1900 290 litem
1925 255 1978 291 illi
2009 265 2087 291 eam
2117 253 2333 296 committat,
2365 253 2396 289 si
2418 262 2501 290 vero

1429 298 1527 335 aliud
1549 296 1684 343 aliquid
1705 297 1749 333 de
1765 297 1827 334 illo
1847 299 1955 345 sapit,
1977 300 2087 337 alium
2105 300 2235 345 dirigat
2254 300 2502 344 suscepturum

1430 343 1543 379 modis
1581 342 1744 378 omnibus
1778 343 1952 380 actionem
1989 348 2027 382 et
2061 356 2139 382 com
2165 346 2320 382 leturum
2359 343 2502 380 omnino

1397 393 1417 424 5
1431 398 1523 434 quae
1558 387 1781 423 decernenda
1815 391 1916 433 sunt,
1951 390 2019 427 nisi
2053 401 2146 437 appe
2174 391 2245 427 atio
2280 389 2390 426 fuerit
2419 389 2502 425 sub—

1432 436 1574 476 secuta,
1611 433 1683 469 sive
1713 433 1752 468 in
1781 433 1906 470 maiori
1939 435 2013 472 sive
2036 436 2096 472 -in-
2111 435 2239 473 minori
2269 445 2390 471 causa.
2440 434 2505 470 Sin

1421 480 1549 514 ‘autem
1572 478 1631 513 ille
1655 477 1796 523 quidem
1818 479 1959 516 nuntiet
1986 481 2048 517 ille
2070 491 2151 518 vero
2183 492 2255 518 non
2280 480 2434 524 ordinet,
2467 482 2513 516 et

1432 526 1607 560 statutum
1637 525 1798 559 transeat
1826 525 1983 570 tempus,
2014 528 2194 572 tamquam
2216 526 2317 562 firme
2341 527 2502 571 agentem

1433 579 1514 605 eum
1535 569 1595 615 qui
1615 573 1808 605 conventus
1830 573 1884 605 est
1908 573 2028 624 etopro
2051 572 2198 608 absente
2220 581 2374 618 persona
2397 571 2503 607 etiam

285 627 480 662 ῃτιαμενον
499 618 560 649 καὶ
575 628 665 670 υπερ
685 629 748 650 του
766 626 921 650 αποντος
936 626 1128 660 προςωπου
1149 617 1208 648 καὶ
1229 613 1364 649 ἄκοντα
1379 618 1420 651 10
1432 615 1579 651 invitum
1599 616 1803 660 praesentet
1825 615 1958 659 negotil
1981 616 2088 652 iudex
2111 617 2207 663 apud
2225 628 2329 654 suum
2346 616 2504 653 tribunal

286 659 589 706 παραστησάσθω
622 675 641 695 ο
672 662 732 704 τῆς
762 658 972 695 ὑποθέσεως
1007 657 1231 706 ἀκροώμενος
1266 659 1365 706 παρά

285 704 327 740 τὸ
344 706 475 741 οἰκεῖον
491 704 732 751 δικαστήριον,
757 708 816 740 καὶ
831 703 898 749 τὴν
919 703 1022 749 δίκην
1043 705 1210 747 ἐξετάσας
1229 707 1364 752 παρόν-

285 762 346 786 τος
363 752 427 786 τοῦ
448 750 516 795 τὴν
534 751 722 799 ἐναγωγὴν
744 749 988 797 ὑφισταμένου
1009 748 1281 794 καταδικαζέτω
1306 753 1365 785 καὶ

287 794 399 832 αὐτὸν
428 797 529 850 εἴπερ
558 795 770 852 ὑπεύθυνος(
786 800 926 843 φανείη,
959 799 1018 830 καὶ
1050 795 1138 842 πρός
1166 810 1206 844 γε
1229 798 1366 830 ἐκεῖνον

1434 665 1470 696 et
1501 670 1646 696 causam
1678 660 1883 696 examinans
1915 664 2103 706 praesente
2134 673 2177 699 eo
2208 663 2269 709 qui
2300 662 2503 699 conventio-

1433 716 1514 742 nem
1532 706 1690 752 suscepit
1711 705 1921 742 condemnet
1941 706 2047 742 etiam
2065 716 2155 751 eum,
2178 708 2215 744 in
2236 719 2305 753 quo
2329 707 2504 744 obnoxius

1434 752 1651 798 apparuerit,
1677 751 1824 796 insuper
1845 755 1880 787 et
1899 751 1999 787 illum
2023 756 2104 798 post
2125 753 2323 790 huiusmodi
2346 753 2503 790 admoni-

1433 797 1564 833 tionem
1585 798 1725 832 mittere
1743 797 1779 831 in
1796 797 2016 842 provinciam
2039 808 2111 833 non
2131 799 2313 843 volentem,
2337 799 2368 835 si
2386 802 2505 834 tamen

286 841 352 876 τὸν
366 855 457 897 μετα
473 841 540 886 τὴν
555 855 738 885 τοιαυτην-
751 840 957 886 υπόμνησιν
974 843 1156 888 ἐκπέμψαι
1172 841 1254 877 τινὰ
1274 841 1366 876 κατὰ
1380 846 1421 878 15
1435 843 1577 879 omnino
1602 842 1779 878 obnoxius
1798 843 2015 887 apparuerit.
2064 843 2114 878 Et
2137 843 2168 879 si
2183 844 2324 888 quidem
2343 845 2504 898 locuples

285 886 353 931 τὴν
382 901 507 934 χωραν
542 887 591 933 μὴ
621 887 872 933 βουληθέντα,
907 888 1007 933 εἴπερ
1039 884 1129 922 ὅλως
1162 885 1366 923 ὑπεύθυνος

285 938 425 980 φανείη.
472 936 533 967 καὶ
557 934 588 967 εἰ
610 935 678 978 μὲν
701 932 849 980 εὔπορος
872 933 941 976 εἴη,
975 930 1082 967 αὐτὸς
1103 931 1300 968 ἐκτιννύτω
1321 931 1366 967 τὰ

285 981 324 1013 ἐκ
347 981 408 1023 τῆς
431 977 563 1025 ψήφου,
595 980 626 1012 εἰ
647 977 687 1012 δὲ
709 976 853 1026 ἀπόρως
877 981 951 1021 ἔχοι
974 981 1034 1012 καὶ
1057 977 1105 1024 μὴ
1128 975 1252 1025 ἀρκοίη
1277 977 1366 1026 πρὸς

285 1023 328 1059 τὸ
354 1025 428 1059 πᾶν
452 1025 512 1067 τῆς
535 1022 746 1067 καταδίκης,
777 1026 978 1067 τηνικαῦτα
1007 1027 1069 1058 καὶ
1100 1026 1138 1059 ἐκ
1161 1023 1272 1070 (τῶν)
1300 1025 1365 1058 τοῦ

1435 889 1497 933 sit,
1529 889 1607 933 ipse
1630 888 1687 923 exi
1709 890 1791 923 atur
1822 898 1914 933 quae
1933 888 2077 924 decreta
2100 891 2200 933 sunt3
2231 889 2262 924 si
2283 895 2366 925 vero
2389 899 2504 925 mulus

1434 935 1481 970 sit
1513 934 1608 979 quod
1648 935 1697 968 ha
1723 935 1760 969 et
1789 937 1853 978 aut
1883 944 1956 969 non
1987 933 2145 969 sufficiat
2174 933 2212 970 in
2241 934 2311 979 ista
2341 934 2503 970 condem-

1433 980 1591 1023 natione,
1612 980 1700 1014 tunc
1719 980 1757 1013 et
1777 978 1820 1014 de
1836 979 1994 1015 absentis
2015 979 2122 1015 rebus
2146 979 2364 1026 compleatur
2381 979 2505 1017 victori

1435 1026 1601 1060 damnum
1624 1023 1837 1061 huiusmodi.

286 1067 444 1105 ἀπόντος
467 1066 765 1116 ἀναπληρούσθω
797 1083 851 1114 τῳ
882 1069 1083 1114 νενικηκότι
1108 1066 1130 1113 ἡ
1154 1071 1214 1105 ἐπὶ
1245 1071 1365 1114 τούτῳ
1379 1072 1421 1105 20

286 1118 404 1160 ζημία·

1280 1183 1436 1220 CAPUT
1459 1183 1525 1219 111.

336 1251 382 1285 Εἰ
406 1249 445 1285 δὲ
465 1248 547 1286 οὐδὲ
579 1246 685 1286 αὐτὸς
714 1255 842 1297 φανείη
874 1250 895 1286 ὁ
924 1250 990 1286 τὸν
1019 1249 1143 1298 κύριον
1173 1253 1234 1294 τῆς
1265 1249 1362 1294 δίκης

284 1295 595 1344 παραστήσασθαι
626 1296 828 1332 κελευσθεὶς
859 1295 881 1340 ἢ
911 1296 977 1331 τὸν
1001 1294 1091 1342 ὑπὲρ
1124 1295 1233 1332 αὐτοῦ
1264 1301 1361 1342 νομί-

283 1354 358 1388 μως
373 1342 616 1397 ,πράττοντοῃ
652 1341 735 1377 τότε
762 1341 948 1377 καλείσθω
979 1345 1046 1387 μὲν
1077 1344 1121 1391 τῇ
1153 1343 1217 1377 τοῦ
1250 1342 1362 1386 νόμου

1483 1251 1519 1286 Si
1544 1260 1625 1287 vero
1649 1261 1763 1296 neque
1793 1251 1871 1297 ipse
1894 1252 2101 1296 apparuerit
2133 1251 2194 1298 qui
2224 1251 2401 1288 dominum
2434 1252 2506 1289 litis

1431 1301 1658 1342 praesentare
1681 1297 1799 1333 iussus
1823 1300 1877 1332 est
1900 1302 1963 1332 aut
1979 1298 2040 1343 qui
2055 1308 2121 1343 pro
2146 1307 2187 1332 eo
2208 1297 2362 1342 legitime
2378 1308 2506 1342 cogan-

1430 1347 1501 1384 tur,
1532 1346 1620 1378 tunc
1643 1345 1791 1378 vocetur
1815 1342 1953 1387 quidem
1983 1343 2141 1388 legitima
2164 1352 2262 1386 voce,
2294 1353 2366 1379 non
2389 1346 2508 1380 autem

285 1391 408 1443 qaewilfl,
428 1401 494 1442 x[ny
524 1386 719 1422 υπακούων
753 1386 794 1422 δὲ
823 1386 1129 1430 καταδικαζέσθω
1165 1391 1225 1422 καὶ
1256 1385 1363 1423 ἀπών
1377 1391 1419 1423 25
1433 1387 1625 1423 oboediens
1651 1388 1908 1424 condemnetur
1931 1392 1968 1423 et
1992 1389 2122 1424 absens
2147 1388 2341 1424 secundum
2366 1389 2508 1426 schema

284 1447 376 1468 κατα
399 1447 441 1468 το
466 1431 686 1478 καλούμενον
713 1435 791 1468 τῶν
815 1431 1054 1480 ἐρημοὸικίων
1077 1435 1203 1477 σχῆμα.
1251 1432 1270 1467 ὁ
1295 1431 1363 1480 γὰρ

284 1478 377 1514 κατὰ
393 1482 612 1527 προπέτειαν
629 1476 967 1523 ἀπολιμπανόμενος
982 1478 1064 1514 κατ’
1082 1477 1188 1513 οὐδὲν
1204 1478 1249 1514 ἄν
1267 1478 1363 1513 ἐλάτ-

283 1538 361 1560 των
392 1525 456 1559 τοῦ
481 1522 661 1572 παρόντος
683 1525 888 1569 νομισθείη.
934 1525 966 1559 εἰ
988 1528 1113 1569 μέντοι
1146 1522 1164 1559 ὁ
1188 1527 1255 1569 μὲν
1278 1525 1365 1559 ἴσως

285 1583 385 1617 παρα
409 1566 577 1624 ε’νοιτοιῆ
598 1569 749 1610 στείλειέ
769 1583 871 1613 τινα,
904 1568 923 1604 ὁ
946 1568 985 1604 δὲ
1008 1569 1252 1626 κατηγορήσας
1275 1567 1364 1605 ἀπο-

1434 1433 1529 1478 quod
1549 1434 1752 1479 appellatur
1771 1433 2021 1469 eremodicium
2041 1434 2090 1476 (id
2105 1436 2161 1469 est
2175 1433 2339 1470 desertae
2354 1438 2505 1480 causae).

1433 1479 1525 1514 Nam
1557 1479 1618 1525 qui
1647 1489 1712 1524 per
1743 1479 2002 1515 contumaciam
2033 1479 2179 1523 deserit,
2210 1480 2247 1514 in
2271 1480 2369 1516 nullo
2394 1481 2508 1516 minor

1433 1528 1623 1570 praesente
1645 1525 1842 1570 putabitur.
1889 1524 1925 1560 Si
1948 1535 2030 1561 vero
2053 1525 2113 1560 ille
2136 1524 2276 1571 quidem
2299 1525 2422 1561 forsan
2445 1527 2506 1562 ad-

1433 1570 1568 1606 venerit
1591 1574 1655 1605 aut
1670 1570 1807 1606 miserit
1825 1571 2037 1616 quempiam,
2059 1572 2248 1606 accusator
2269 1573 2387 1606 autem
2405 1571 2506 1614 desit,

286 1616 366 1662 λειφ
399 1619 481 1671 dm,
504 1628 588 1650 τοτε
620 1619 680 1649 καὶ
704 1614 848 1669 ,ἀφιέτω
881 1615 947 1650 τὸν
971 1617 1190 1672 ἐναγομενον
1218 1618 1278 1649 καὶ
1305 1614 1365 1650 τὰς
1377 1617 1419 1650 30
1432 1619 1519 1651 tunc
1552 1619 1588 1651 et
1618 1616 1803 1657 absolvere
1834 1626 1933 1651 reum
1967 1618 2003 1652 et
2028 1616 2157 1652 damna
2187 1616 2263 1652 eius
2293 1616 2426 1653 mederi
2449 1627 2506 1653 08.-

288 1665 414 1705 ζημίας
439 1662 541 1704 αυτῷ
557 1661 785 1706 θεραπευσαι
809 1662 875 1695 τὸν
892 1674 1121 1707 συκοφαντην
1140 1675 1363 1709 καταναγκα-

287 1710 390 1750 ζέτω.
433 1704 530 1740 οὕτω
561 1703 630 1754 γὰρ
659 1707 805 1740 ἔσονται
833 1710 970 1754 μέτριοι
999 1704 1147 1750 πάντες,
1181 1703 1276 1741 οὕτω
1301 1708 1365 1741 τοῦ

284 1750 506 1797 πλημμελεῖν
522 1751 735 1794 παύσονται,
756 1748 869 1786 οὕτως
889 1750 952 1795 οὐχ
967 1749 1160 1800 ἡγήσονται
1177 1750 1364 1786 δύνασθαι

284 1801 306 1835 1
341 1797 384 1833 τὸ
408 1796 577 1832 πλουτεῖν
600 1798 664 1831 τοῦ
685 1795 1001 1853 δικαίουῖκρατεῖν.
1049 1800 1121 1832 Καὶ
1144 1793 1184 1831 οὗ
1209 1796 1363 1841 λέληθεν

1432 1662 1681 1697 lumniatorem
1706 1665 1819 1707 cogat.
1867 1661 1926 1697 Sic
1950 1666 2055 1698 erunt
2081 1662 2270 1706 temperati
2294 1672 2424 1706 omnes,
2457 1663 2508 1698 sic

1432 1717 1582 1753 peccare
1607 1708 1814 1751 cessabunt,
1845 1707 1898 1743 sic
1924 1718 1996 1743 non
2018 1707 2199 1754 putabunt
2229 1708 2427 1754 potentiam
2451 1708 2503 1745 di-

1432 1752 1596 1788 vitiarum
1621 1753 1777 1788 iustitiae
1801 1753 2015 1798 praevalere.
2479 1769 2483 1774 -

1431 1800 1451 1834 1
1498 1798 1575 1834 Nec
1598 1797 1688 1833 latet
1711 1809 1776 1834 nos
1802 1798 1885 1843 quia
1909 1798 2032 1834 forsan
2055 1808 2169 1845 neque
2192 1798 2262 1834 hoc
2286 1798 2439 1834 sufficiet
2461 1799 2507 1835 ad

284 1841 383 1888 ἡμᾶς,
408 1842 456 1877 ὠς
475 1843 562 1877 ἴσως
584 1839 667 1877 οὐδὲ
688 1844 795 1877 τοῦτο
819 1847 920 1889 αρκεῖ
941 1842 1028 1890 πρὸς
1047 1842 1275 1886 τελειοτάτην
1297 1844 1361 1878 τοῦ
1376 1845 1418 1878 35
1431 1843 1725 1889 perfectissimam
1749 1853 1879 1879 causae
1902 1844 2085 1888 medelam,
2120 1854 2199 1879 cum
2222 1844 2419 1887 iudicantes
2443 1855 2506 1891 po-

284 1888 493 1936 πράγματος
513 1888 728 1935 θεραπείαν,
754 1889 832 1923 τῶν
851 1887 1078 1931 δικαζόντων
1106 1892 1180 1923 τοῖς
1203 1887 1361 1923 δυνατω·

284 1938 398 1980 τέροις
427 1932 563 1979 μᾶλλον
594 1931 616 1977 ἢ
646 1937 719 1968 τοῖς
747 1932 791 1968 τὰ
816 1932 1022 1981 δικαιότερα
1045 1933 1273 1979 βουλομένοις
1303 1937 1363 1968 καὶ

285 1983 490 2027 ἐπιχωρίοις
508 1981 766 2025 χαριζομένων.
803 1976 882 2013 ἀλλ’
901 1976 997 2024 ὅμως
1016 1980 1119 2024 ἴσμεν
1143 1977 1185 2014 τό
1209 1993 1248 2026 ys
1268 1978 1362 2014 πλεῖ-

284 2038 373 2061 στον
403 2026 482 2060 τῶν
511 2022 744 2070 ἀδικημάτων
773 2024 1066 2078 θεραπεύσαντες
1091 2026 1137 2073 τῇ
1161 2025 1364 2070 νομοθεσίᾳ

1431 1889 1645 1924 tentioribus
1679 1889 1792 1933 magis
1828 1899 1934 1934 quam
1969 1889 2119 1925 iustiora
2153 1889 2352 1925 volentibus
2390 1892 2427 1925 et
2463 1890 2508 1926 ad

1431 1934 1633 1979 provincias
1664 1934 1886 1970 venientibus
1916 1937 2109 1979 praestent.
2159 1934 2229 1971 Sed
2258 1937 2377 1970 tamen
2407 1936 2505 1971 novi-

1432 1990 1510 2015 mus
1531 1980 1682 2025 plurima
1699 1980 1954 2015 iniustitiarum
1975 1984 2099 2015 curata
2120 1980 2166 2016 ab
2185 1980 2255 2015 hac
2274 1980 2506 2025 legislatione,

1432 2025 1542 2070 magis
1567 2029 1698 2068 autem,
1724 2029 1892 2070 quantum
1917 2025 1964 2061 ad
1987 2036 2051 2062 nos
2075 2029 2140 2070 est,
2173 2028 2289 2062 totum
2314 2026 2381 2061 erit
2404 2037 2507 2062 sana-

283 2070 410 2118 ταύτῃ,
430 2068 567 2116 μᾶλλον
586 2068 627 2105 δὲ
645 2070 687 2105 τό
702 2083 743 2117 γε
759 2067 821 2116 ἐφ’
836 2069 921 2115 ἡμῖν
936 2084 978 2105 το
999 2072 1074 2106 πᾶν
1089 2074 1193 2105 ἔσται
1211 2070 1363 2117 τεθερα-
1377 2073 1420 2105 40

281 2163 447 2210 finiatur,
479 2172 604 2197 novem
627 2162 800 2197 mensium
824 2161 993 2196 dicimus:
1027 2166 1067 2196 ut
1095 2160 1168 2203 ille,
1199 2161 1231 2195 si
1255 2159 1398 2206 quidem
1430 2161 1501 2207 ipsi
1531 2161 1594 2207 qui
1625 2162 1804 2197 nuntiavit
1837 2161 1996 2206 confidit,
2032 2161 2127 2196 hanc
2150 2161 2246 2197 litem
2276 2160 2332 2197 illi
2354 2163 2508 2206 mandet,

283 2208 341 2244 sin
371 2218 456 2243 vero
489 2206 645 2242 alienam
676 2206 719 2242 de
750 2216 792 2242 eo
824 2206 1036 2242 sen-tentiam
1060 2205 1184 2249 habet,
1217 2205 1371 2249 alterum
1395 2209 1491 2241 certe
1511 2206 1632 2253 *mittat
1657 2207 1720 2252 qui
1743 2206 1905 2242 omnibus
1931 2206 2049 2241 modis
2071 2207 2248 2242 actionem
2270 2208 2366 2242 susci
2393 2208 2445 2243 iat
2475 2214 2510 2244 et

239 2285 250 2295 ,
285 2254 432 2290 omnino
464 2252 662 2288 iudicatum
692 2251 829 2295 solvat,
863 2251 935 2297 nisi
962 2250 1161 2298 appellatio
1184 2254 1307 2287 secuta
1330 2251 1396 2293 sit,
1428 2252 1503 2287 sive
1533 2251 1571 2286 in
1595 2253 1732 2288 maiore
1760 2252 1834 2289 sive
1865 2252 1904 2287 in
1928 2252 2067 2288 minore
2090 2263 2215 2287 causat
2257 2250 2335 2295 Quo
2361 2253 2394 2288 si
2417 2253 2510 2289 alter

285 2298 427 2346 quidem
451 2297 686 2340 nuntiaverit,
719 2297 812 2332 alter
835 2301 954 2332 autem
973 2307 1047 2332 non
1069 2296 1308 2343 mandaverit,
1338 2300 1374 2332 et
1398 2301 1536 2343 tempus
1560 2298 1792 2333 constitutum
1818 2298 2013 2340 transierit,
2046 2297 2159 2333 iudea:
2182 2308 2314 2333 causae
2335 2309 2415 2333 eum
2447 2299 2510 2345 qui

284 2348 481 2380 conventus
503 2347 558 2379 est
578 2349 759 2389 tamquam
784 2343 940 2389 leqitime
962 2343 1070 2378 etiam
1087 2354 1162 2389 pro
1174 2353 1338 2389 persona
1362 2341 1508 2378 absente
1527 2347 1693 2378 acturum
1712 2343 1875 2389 quamvis
1896 2343 2043 2379 invitum
2059 2342 2219 2389 proprio
2239 2342 2373 2378 iudicio
2391 2344 2507 2386 sistat,

284 2395 394 2443 atque
417 2400 529 2426 causa
552 2389 764 2425 examinata
786 2392 977 2435 praesente
1000 2399 1043 2424 eo
1068 2389 1131 2434 qui
1155 2389 1332 2423 actionem
1354 2389 1508 2423 sustinet
1530 2393 1565 2424 et
1587 2389 1705 2435 ipsum
1730 2388 1948 2431 condemnet,
1972 2389 2004 2424 si
2023 2388 2165 2435 quidem
2189 2388 2325 2424 noxius
2346 2399 2507 2441 apparu-

283 2439 364 2479 erit,
396 2439 432 2471 et
453 2435 602 2481 insuper
631 2434 731 2469 illum
763 2434 826 2480 qui
857 2441 946 2480 post
977 2433 1154 2469 eiusmodi
1183 2433 1464 2469 admonitionem
1494 2433 1546 2468 in>
1558 2434 1787 2480 provinciam
1819 2434 1975 2480 aliquem
2005 2434 2145 2470 mittere
2171 2433 2304 2476 noluit,
2342 2444 2374 2469 st
2402 2434 2507 2470 modo

285 2480 431 2516 omnino
463 2481 600 2516 noxius
629 2479 855 2526 apparuerit.
903 2480 1022 2526 Atque
1052 2490 1136 2515 reus
1171 2480 1204 2514 si
1225 2478 1387 2525 locuples
1410 2480 1477 2522 sit,
1513 2479 1591 2526 ipse
1621 2479 1740 2515 solvat
1767 2479 1984 2522 iudicatum,
2017 2480 2075 2514 sin
2099 2483 2217 2514 autem
2239 2479 2345 2526 inops
2374 2479 2424 2515 sit
2444 2490 2509 2515 nec

285 2526 444 2563 iudicato
469 2526 569 2561 omni
590 2536 640 2561 ex
661 2529 768 2571 parte
791 2525 882 2560 satis
903 2525 1034 2570 faciat,
1059 2529 1133 2560 tum
1156 2524 1264 2560 etiam
1287 2535 1338 2560 ex
1361 2523 1518 2560 absentis
1541 2525 1647 2560 rebus
1672 2525 1799 2560 victori
1823 2524 1992 2560 damnum
2016 2536 2059 2560 ea
2082 2525 2120 2559 in
2144 2536 2184 2560 re
2209 2524 2442 2560 resarciatur.

418 2571 484 2607 ΠΙ.
533 2569 576 2606 Si
591 2582 674 2607 vero
699 2582 744 2606 ne
767 2571 800 2605 is
816 2570 960 2616 quidem
984 2575 1195 2617 compareat
1218 2571 1283 2616 qui
1304 2569 1485 2605 dominum
1510 2570 1585 2606 litis
1608 2570 1664 2606 vel
1685 2581 1764 2606 eum
1783 2571 1849 2616 qui
1861 2581 1937 2618 pro
1959 2570 2080 2607 eodem
2100 2569 2255 2616 leqitime
2277 2573 2368 2616 aqat
2384 2570 2510 2607 sistere

284 2620 405 2654 iussus
427 2621 498 2660 est,
531 2622 604 2651 tum
633 2620 780 2652 vocetur
811 2616 952 2662 quidem
979 2616 1069 2662 leqis
1093 2625 1195 2659 voce,
1257 2614 1363 2650 uodsi
1393 2626 1468 2650 non
1500 2615 1678 2658 oboediat,
1711 2614 1839 2650 absens
1865 2627 2009 2668 quoque
2038 2614 2294 2651 condemnetur
2316 2615 2509 2651 secundum

283 2665 444 2711 formam
475 2661 772 2698 eremodiciorum
804 2672 897 2708 quae
928 2661 1172 2708 appellantur.
1226 2661 1295 2704 (ui
1324 2661 1417 2697 enim
1479 2661 1813 2696 er.contumaciam
1843 2660 2014 2696 iudicium
2045 2660 2193 2703 deserit,
2229 2659 2510 2707 haudquaquam

284 2708 443 2756 inferior
473 2707 692 2743 iudicabitur
722 2718 764 2743 eo
797 2707 860 2753 qui
882 2718 1063 2754 praesens
1093 2711 1156 2742 est.
1205 2705 1248 2742 Si
1272 2711 1389 2742 tamen
1418 2706 1446 2742 il
1459 2717 1478 2742 e
1502 2706 1644 2752 quidem
1666 2706 1769 2751 forte
1793 2706 1927 2742 venerit
1960 2709 2023 2741 aut
2046 2705 2183 2741 miserit
2206 2705 2374 2752 aliquem,
2406 2717 2510 2742 accu-

284 2758 388 2791 sator
411 2754 530 2789 autem
553 2752 656 2796 desit,
682 2759 766 2788 tunc
789 2757 823 2788 et
845 2763 945 2788 reum
970 2751 1128 2787 dimittat
1150 2756 1186 2788 et
1209 2751 1423 2788 detrimenta
1447 2752 1481 2787 ei
1504 2752 1682 2787 resarcire
1705 2751 2001 2786 calumniatorem
2021 2755 2139 2798 coqat.
2187 2749 2248 2786 Ita
2272 2751 2366 2786 enim
2390 2762 2511 2788 omnes

285 2804 306 2837 1
351 2800 574 2836 continentes
589 2803 706 2841 erunt,
731 2799 782 2833 ita
795 2808 954 2850 peccare
970 2797 1142 2845 desinent,
1166 2797 1219 2833 ita
1242 2809 1316 2833 non
1337 2796 1522 2844 putabunt
1540 2808 1650 2844 posse
1673 2796 1819 2833 divitias
1842 2797 2015 2832 iustitiam
2030 2807 2214 2842 superare.
2282 2795 2407 2842 Neque
2423 2796 2511 2833 latet

285 2857 352 2882 nos
373 2845 536 2891 fortasse
566 2854 613 2879 ne
641 2843 710 2879 hoc
741 2843 883 2889 quidem
906 2843 1079 2889 sufficere
1111 2842 1161 2878 ad
1182 2853 1330 2879 causam
1348 2842 1560 2889 planissime
1589 2842 1811 2884 sanandam,
1843 2853 1923 2877 cum
1946 2842 2082 2877 iudices
2107 2841 2371 2888 potentioribus
2394 2843 2511 2888 maqis

286 2902 394 2938 quam
417 2891 462 2925 iis
493 2889 557 2936 qui
579 2889 734 2924 iustiora
755 2888 880 2925 volunt
902 2892 936 2924 et
956 2888 994 2923 in
1009 2888 1202 2935 provincia
1221 2893 1304 2923 sunt
1323 2888 1584 2934 qratificentur.
1633 2890 1800 2923 Attamen
1831 2887 1963 2923 scimus
1987 2887 2184 2923 maximam
2205 2887 2346 2933 quidem
2367 2894 2510 2933 partem

286 2936 502 2972 iniuriarum
533 2945 601 2970 nos
631 2934 700 2970 hac
732 2934 809 2980 leqe
838 2933 915 2969 lata
938 2945 1104 2977 sanasse,
1135 2934 1241 2970 immo
1266 2938 1442 2980 quantum
1472 2934 1511 2968 in
1543 2933 1647 2969 nobis
1677 2938 1731 2969 est
1763 2938 1875 2969 totum
1905 2938 2072 2969 sanatum
2103 2932 2181 2968 erit.
2229 2932 2298 2975 Qui
2321 2933 2414 2968 enim
2438 2944 2511 2969 non

333 3032 349 3063 1
373 3024 554 3074 ὁριζέσθω
568 3027 625 3068 Μ]
652 3022 805 3069 ὡρίσθω
821 3026 890 3060 LB
904 3027 947 3068 (ς)
965 3026 977 3070 ΙΙ
1003 3028 1023 3060 4
1037 3039 1083 3069 sq.
1104 3026 1194 3059 πᾶσι
1218 3022 1363 3070 τρόποις

248 3109 251 3112 .
286 3075 351 3110 τὸν
366 3069 632 3114 ὑποδεξάμενον
646 3072 697 3105 Bc
712 3071 724 3115 ΙΙ
754 3074 773 3106 5
791 3069 1038 3116 πληρώσαντα
1051 3071 1136 3104 LB⁶
1153 3071 1165 3115 ΙΙ
1190 3072 1210 3106 6
1231 3071 1362 3115 ἔφεσις]

286 3123 404 3166 ἕτερος
415 3120 459 3161 L,
483 3116 562 3160 ἦτοι
578 3115 742 3159 ἔκκλητος
762 3118 882 3150 s.v.M
893 3117 905 3161 ΙΙ
923 3118 942 3150 8
956 3112 1020 3150 οὐκ
1041 3130 1098 3150 om.
1110 3117 1161 3150 B⁰
1179 3117 1191 3158 Η
1207 3118 1227 3150 9
1242 3112 1364 3160 κύριον

287 3168 318 3201 L
336 3166 349 3212 ΙΙ
368 3168 408 3201 10
428 3165 487 3198 καὶ
509 3171 583 3196 ante
605 3158 695 3207 ὑπὲρ
716 3165 827 3196 abesse
845 3164 936 3196 malit
948 3163 1136 3196 Zachariae
1154 3164 1223 3195 sine
1240 3173 1339 3195 causa
1352 3159 1364 3205 Η

289 3214 331 3247 12
351 3207 530 3257 παρόντος
553 3209 655 3250 LBc]
683 3203 730 3241 ὠς
753 3203 933 3254 παρόντος
949 3208 991 3240 Μ
1012 3207 1025 3251 ΙΙ
1057 3210 1096 3241 15
1122 3204 1205 3240 τινὰ
1229 3219 1286 3240 om.
1312 3219 1331 3242 ς
1352 3207 1364 3249 Η

289 3260 330 3293 18
355 3258 416 3291 καὶ
438 3251 500 3299 μὴ]
531 3256 590 3286 aut
613 3264 680 3286 non
705 3266 724 3289 ς
752 3253 764 3298 ΙΙ
796 3251 884 3297 πρὸς
907 3251 949 3287 τὸ
973 3253 1048 3287 πᾶν
1071 3252 1132 3294 τῆς
1159 3248 1362 3293 καταδίκης]

286 3306 322 3337 in
346 3304 410 3336 ista
433 3300 706 3334 condemnatione
729 3311 749 3335 ς
767 3301 779 3342 Η
798 3300 836 3333 19
859 3298 936 3332 τῶν
961 3300 1037 3331 add.
1065 3299 1260 3332 Haloander
1283 3309 1322 3331 ex
1346 3309 1365 3333 ς

288 3350 339 3389 (ἐκ
362 3348 441 3381 τῶν
471 3345 535 3379 τοῦ
560 3341 901 3387 ἀπολιμπανομένου
933 3341 1159 3390 πραγμάτων
1183 3344 1270 3383 ΑῑΙι.,
1293 3344 1363 3376 sim.

288 3395 363 3436 lut,
375 3391 469 3427 Ῥοπ.
482 3393 533 3432 17,
543 3391 571 3432 3)
590 3389 602 3433 ΙΙ
619 3391 660 3424 23
670 3389 734 3422 τὸν
746 3409 782 3413 -—
796 3387 1017 3434 πράττοντα]
1030 3389 1090 3432 qui
1098 3391 1313 3440 —lcogantur
1322 3400 1340 3424 ς
1352 3386 1364 3431 ΙΙ

289 3442 332 3474 24
344 3436 537 3472 καλεῖσθαι
552 3436 601 3469 Βί
620 3435 631 3478 ΙΙ
648 3436 690 3469 26
702 3432 941 3477 ἐρημοδικιῶν
955 3436 1000 3468 Μ
1010 3434 1022 3479 ΙΙ
1047 3435 1090 3476 32
1109 3429 1204 3467 ουτω
1221 3431 1291 3481 γὰρ
1305 3434 1363 3474 Μ]

289 3480 401 3518 οὕτως
424 3483 495 3517 LB
503 3494 522 3518 ς
539 3481 551 3525 ΙΙ
577 3481 617 3515 33
644 3477 847 3513 παύσονται
862 3481 1068 3522 Haloander]
1094 3477 1313 3513 παύσοινται
1331 3478 1363 3512 L

290 3526 488 3562 παύσοιντο
503 3527 578 3560 ΜΒ
596 3525 608 3571 ΙΙ
626 3523 812 3559 δύνασθαι
829 3538 886 3558 om.
902 3525 953 3559 Bt
966 3524 971 3569 Ι
998 3521 1184 3558 δύνασθαι
1200 3521 1242 3558 τὸ
1258 3522 1363 3558 πλου·

290 3576 377 3615 τεῒν]
401 3573 584 3617 potentiam
609 3571 799 3604 divitiarum
825 3583 844 3608 ς
862 3570 874 3615 ΙΙ
901 3572 943 3605 36
992 3568 1194 3611 ικαζόντων
1218 3572 1251 3604 in
1265 3570 1363 3603 litura

293 3619 323 3651 L
341 3618 354 3661 ΙΙ
371 3620 412 3652 38
427 3619 629 3662 ἐπιχωρίοις
641 3617 689 3658 Β]
715 3617 775 3650 ἐπὶ
797 3614 915 3662 χώρας
935 3616 1006 3649 ML
1031 3616 1072 3648 ad
1096 3614 1284 3659 provincias
1307 3624 1361 3647 ve-

292 3662 460 3695 nientibus
480 3676 509 3702 ς,
530 3664 614 3696 unde
634 3663 693 3696 ἐπὶ
709 3659 826 3708 χώρας
841 3663 1143 3708 παραγενομένοις
1156 3661 1361 3702 Ηαίοαηᾱεν,

291 3709 375 3751 vulq.
394 3707 407 3751 ΙΙ
422 3709 465 3740 40
490 3707 761 3752 θεραπευμένον
774 3707 825 3740 B‘

1481 3027 1496 3058 1
1518 3035 1604 3058 nou*
1629 3025 1679 3058 V²
1697 3024 1709 3069 ΙΙ
1727 3028 1765 3057 ut
1785 3024 1843 3058 ille
1863 3025 1967 3066 Beck]
1993 3023 2077 3056 utile
2103 3024 2180 3057 libri
2194 3023 2207 3067 ΙΙ
2225 3025 2245 3057 2
2270 3023 2411 3056 credidit
2432 3023 2482 3057 12²

1432 3072 1452 3104 5
1478 3070 1684 3104 decernenda
1705 3071 1751 3113 V]
1777 3070 1992 3103 discernenda
2009 3069 2042 3102 R
2068 3068 2081 3113 ΙΙ
2111 3070 2131 3103 6
2156 3069 2208 3101 sin
2227 3068 2268 3111 R]
2293 3069 2322 3102 si
2350 3069 2475 3113 Vvulq.

1435 3118 1476 3150 10
1488 3120 1660 3159 praesente
1681 3116 1730 3149 V¹
1749 3115 1761 3160 ΙΙ
1779 3117 1820 3149 12
1834 3115 2007 3157 obnoxius]
2033 3115 2168 3147 omnino
2183 3115 2260 3148 add.
2274 3114 2327 3147 Ra
2345 3113 2358 3157 ΙΙ
2377 3116 2418 3148 14
2431 3125 2508 3157 pro·

1433 3162 1542 3194 uintia
1569 3163 1598 3194 R
1617 3162 1629 3204 η
1652 3160 1786 3194 uolente
1812 3161 1888 3203 12¹1}
1917 3162 1957 3195 15
1981 3160 2145 3193 obnoxius
2168 3160 2304 3192 omnino
2328 3160 2361 3192 R
2377 3159 2390 3203 ΙΙ
2417 3160 2508 3192 locu—

1432 3207 1508 3250 plex
1533 3207 1609 3240 RV
1631 3208 1643 3250 ΙΙ
1677 3208 1716 3241 16
1741 3207 1781 3239 de
1805 3209 1912 3239 cetera
1936 3206 1984 3239 ΕΙ
2015 3205 2027 3250 ss
2056 3208 2095 3240 17
2122 3205 2242 3238 habeat
2265 3205 2299 3238 R
2328 3204 2341 3248 ΙΙ
2373 3206 2420 3239 22,
2438 3204 2506 3246 qui]

1433 3252 1513 3294 quid
1536 3252 1587 3285 V⁰
1602 3253 1614 3295 ΙΙ
1633 3253 1816 3294 dominum]
1842 3251 1939 3285 deum
1960 3251 2009 3284 Β*
2034 3251 2218 3284 dominium
2238 3249 2287 3283 12²
2304 3249 2316 3294 ΙΙ
2334 3251 2375 3283 23
2397 3251 2444 3282 est
2457 3248 2507 3281 R²

1433 3299 1531 3341 cuiq]
1550 3297 1608 3332 om.
1622 3298 1670 3331 R¹
1683 3297 1737 3342 Vl}
1762 3297 1883 3339 leltime
1904 3297 1953 3330 V¹
1971 3297 1983 3340 ΙΙ
2009 3300 2147 3339 cogatur
2163 3297 2249 3340 vulq.
2267 3296 2356 3337 (agat
2366 3293 2473 3331 Beck)
2495 3292 2506 3335 ΙΙ

1433 3345 1475 3376 25
1497 3343 1663 3384 obediens]
1688 3343 1890 3376 conueniens
1906 3342 1955 3375 R¹
1971 3343 1983 3382 ΙΙ
2003 3343 2045 3376 26
2071 3341 2326 3375 heremodicium
2340 3336 2390 3371 13·
2413 3338 2504 3370 here-

1432 3389 1598 3421 modicum
1614 3388 1665 3421 Ra
1676 3388 1724 3422 V²
1757 3387 1981 3421 heremodicui
2002 3388 2032 3419 V
2040 3390 2048 3409 ¹
2077 3387 2090 3431 ss
2119 3388 2161 3421 28
2185 3385 2315 3428 quidem
2340 3395 2398 3415 om.
2422 3383 2470 3414 V¹
2494 3382 2505 3428 ΙΙ

1432 3435 1698 3479 29‚quemquam
1730 3436 1908 3476 (quequam
1942 3433 2003 3474 17¹)
2033 3433 2122 3474 RV]
2157 3429 2340 3473 quempiam
2373 3428 2457 3471 only.
2494 3429 2506 3466 Η

1432 3481 1474 3514 30
1489 3480 1620 3521 *reum]
1640 3490 1715 3512 eum
1736 3479 1856 3522 Vvuly.
1873 3489 1947 3511 eum
1961 3478 2019 3520 qui
2033 3478 2066 3511 R
2081 3477 2093 3521 ΙΙ
2113 3478 2151 3511 31
2167 3472 2366 3516 *temperati
2381 3474 2504 3513 omnes]

1430 3525 1728 3567 temperationcsR
1752 3524 2000 3566 temperatiores
2021 3523 2139 3566 Vvulq.
2159 3520 2172 3563 ΙΙ
2197 3518 2244 3551 sio
2262 3519 2409 3569 peccare]
2433 3528 2502 3561 spe-

1429 3572 1518 3602 ctare
1533 3571 1581 3603 13¹
1596 3573 1608 3610 ΙΙ
1628 3571 1670 3604 32
1684 3569 1823 3602 cessabit
1843 3570 1895 3603 V⁰
1911 3569 1923 3611 ΙΙ
1941 3567 2121 3611 potentiam
2136 3564 2196 3605 V2]
2210 3565 2434 3615 potentiarum
2457 3563 2502 3595 V¹

1428 3615 1594 3657 potentias
1606 3615 1667 3658 ΒΗ
1692 3616 1734 3649 35
1754 3614 1891 3647 tutelam
1905 3614 1939 3646 R
1956 3612 1969 3656 ΙΙ
1991 3613 2032 3647 38
2054 3610 2137 3653 legis
2159 3611 2287 3642 maone
2307 3609 2340 3641 R
2358 3607 2371 3652 ΙΙ
2388 3610 2429 3643 39
2448 3608 2504 3650 ad]

1429 3663 1489 3693 aut
1510 3661 1560 3694 V⁰
1576 3660 1589 3704 ΙΙ
1607 3662 1770 3703 sanatum]
1795 3660 1821 3692 si
1847 3661 1961 3692 natum
1986 3657 2037 3690 V*
