2586 3990
217 145 324 189 Nov.
345 143 500 188 CXVII
531 145 569 186 9.
603 146 654 185 10

213 253 336 290 ναικὸς
366 254 520 295 συνεχῶς
550 255 673 296 μένων
704 250 905 299 ἐλέγχηται,
941 255 1001 286 καὶ
1024 248 1125 293 ἅπαξ
1155 256 1215 287 καὶ
1237 251 1291 288 δὶς

213 296 450 346 έγκληθεὶςῆ
481 296 542 331 διὰ
573 298 652 332 τῶν
674 297 803 332 ἑαυτοῦ
833 299 972 345 γονέων
998 293 1023 340 ἢ
1046 294 1106 331 διὰ
1130 298 1208 332 τῶν
1229 299 1292 342 τῆς

211 342 377 390 γυναικὸς
407 340 430 385 ἢ
454 338 505 376 δι’
531 342 666 387 ἑτέρων
695 344 811 377 τινῶν
838 339 1063 383 ἀξιοπίστων
1087 342 1290 387 προσώπων

211 390 273 431 τῆς
295 386 461 429 τοιαύτης
485 384 668 432 ἀσελγείας
689 386 739 431 μὴ
760 384 983 430 ἀπόσχηται,
1008 386 1139 427 ἐξεῖναι
1162 389 1207 434 τῇ
1229 401 1287 435 γυ-

211 435 309 466 ναικὶ
331 435 392 465 καὶ
409 429 501 476 ὑπὲρ
524 430 657 475 ταύτης
678 433 741 466 τ”ς
757 433 871 466 αἰτίας
895 430 1055 466 διαλύειν
1077 431 1146 467 τὸν
1160 431 1290 479 γάμον,

210 480 270 511 καὶ
286 473 559 521 ἀναλαμβάνειν
577 476 647 520 τὴν
662 474 701 511 δε
726 479 858 521 σμένην
882 479 1014 523 προῖκα
1036 480 1096 510 καὶ
1114 476 1183 520 τὴν
1203 489 1290 523 προ-

208 524 382 568 γαμιαιάν
413 519 565 567 δωρεάν,
596 525 656 555 καὶ
687 518 778 568 ὑπὲρ
809 523 871 565 τῆς
894 520 1062 565 τοιαύτης
1085 518 1222 567 ὕβρεως
1243 522 1287 557 τὸ

208 571 332 611 τρίτον
353 569 458 612 μέρος
479 568 542 610 τῆς
566 565 814 611 διατιμήσεως,
844 564 891 610 ἢν
910 566 932 611 ἦ
949 571 1174 614 προγαμιαία
1194 571 1292 602 ποιεῖ

209 610 346 665 δωρεά,
382 614 420 644 ἐκ
454 613 518 655 τῆς
529 610 655 665 σᾶλλης
692 608 802 646 αύτοῦ
838 615 1042 657 περιουσίας
1076 611 1288 657 λαμβάνειν,

1281 138 1366 186 560

1758 156 1820 188 U'r
1847 155 2011 189 LIGEAT
2038 151 2179 188 MATRI
2207 156 2265 187 ΕΤ
2293 156 2432 189 ΑἮΑΕ

1357 251 1521 295 vincitur,
1552 255 1589 287 et
1611 253 1719 289 semel
1741 257 1779 289 et
1801 254 1955 292 seeundo
1979 255 2143 302 culpatus
2173 257 2237 291 aut
2258 265 2324 301 per
2345 266 2432 292 suos

1359 300 1526 350 parentes
1556 300 1621 332 aut
1643 307 1707 342 per
1729 297 1887 335 mulieris
1917 305 1981 336 aut
2003 311 2067 347 per
2089 301 2178 337 alias
2202 301 2340 346 aliquas
2362 300 2434 336 fide

1359 343 1482 386 dignas
1505 351 1678 395 personas
1709 343 1911 380 huiusmodi
1940 345 2082 382 luxuria
2114 357 2186 382 non
2209 346 2432 390 abstinuerit,

1357 387 1463 421 licere
1494 386 1632 421 muhen
1660 397 1725 432 pro
1756 387 1824 423 hac
1856 398 1966 425 causa
1994 391 2127 427 solvere
2157 391 2432 435 matrimonium,

1326 434 1394 467 5et
1415 432 1576 476 recipere
1607 431 1727 467 datam
1757 432 1874 468 dotem
1905 438 1942 470 et
1963 437 2243 482 antenuptialem
2266 437 2430 472 donatio-

1357 487 1455 520 nem,
1479 480 1515 511 et
1531 486 1597 522 pro
1616 476 1681 512 tali
1703 477 1834 513 iniuria
1854 479 1996 515 tertiam
2018 486 2155 526 partem
2173 482 2432 518 aestimationis

1358 531 1464 566 quam
1486 523 1740 567 antenuptialis
1771 522 1861 558 facit
1890 524 2032 561 donatio
2064 536 2108 562 ex
2130 527 2207 563 eius
2230 527 2432 564 substantia

1356 567 1557 612 percipere,
1586 567 1638 602 ita
1661 571 1781 603 tamen
1805 571 1862 610 ut,
1886 569 1918 604 si
1939 568 2031 606 filios
2054 571 2235 616 habuerit,
2266 583 2335 608 usu
2355 573 2431 608 solo

1356 612 1483 647 mulier
1502 613 1659 657 potiatur
1675 623 1794 649 rerum
1819 623 1907 658 quas
1926 623 1970 649 ex
1989 618 2120 650 autenu
2146 617 2223 652 tiali
2239 617 2431 654 donatione

207 669 320 712 ουτωἲ
328 660 492 703 μέντοιγε
514 668 617 699 ωςτε,
643 658 674 690 εἰ
698 655 829 692 παῖδας
849 659 941 710 ἔχοι,
964 658 1026 700 τῆς
1044 656 1286 711 χρήσεωςημό-
1304 659 1344 691 10
1357 661 1393 693 et
1422 667 1538 711 poena
1569 658 1695 694 tertiae
1726 658 1901 703 portionis
1933 659 2051 695 mariti
2080 670 2123 696 su
2149 662 2301 698 stantiae
2329 673 2431 698 acce-

207 713 269 744 νης
299 700 499 736 απολαύειν
532 703 601 745 τὴν
629 705 782 748 γυναῖκα
812 715 889 736 των
920 715 1158 748 πραγματων,
1195 716 1289 748 απερ

207 749 246 780 ἐκ
277 748 340 791 τῆς
370 751 608 793 προγαμιαίας
639 745 776 793 δωρεᾶς
807 750 867 781 καὶ
891 749 952 792 τῆς
976 749 1103 791 ποινῆς
1125 749 1188 783 τοῦ
1212 762 1233 782 τ
1259 751 1287 782 ί-

206 804 270 826 του
292 795 416 838 μέρους
440 793 501 835 τῆς
523 794 588 826 τοῦ
614 789 745 838 ἀνδρὸς
769 797 973 839 περιουσίας
996 791 1120 837 λάβοι,
1143 794 1206 837 τῆς
1230 761 1286 827 ἕε-

1356 707 1466 747 pent,
1502 703 1656 739 dominio
1693 704 1936 739 communibus
1972 704 2054 740 filiis
2090 707 2342 744 conservando.
2395 708 2432 743 Si

1355 751 1475 783 autem
1505 748 1598 784 filios
1637 759 1711 784 non
1750 749 1916 787 habuerit
1955 760 1999 784 ex
2033 749 2156 786 eodem
2195 752 2429 795 matrimonio,

1355 793 1488 829 habere
1519 804 1597 830 eam
1620 794 1744 830 talium
1773 805 1893 831 rerum
1922 795 2029 831 etiam
2051 796 2305 841 proprietatem
2326 807 2430 843 prae-

206 841 376 872 σποτείας
410 840 484 872 τοῖς
517 841 646 872 κοινοῖς
680 841 786 872 παισὶ
822 838 1097 884 φυλαττομένης.
1153 839 1184 872 εἰ
1218 838 1288 886 γὰρ
1355 838 1516 884 cipimus.

206 880 356 935 παῖδαςΝ
366 882 416 927 μὴ
449 884 521 925 ἔχοι
550 885 590 917 ἐκ
619 884 683 918 τοῦ
707 879 818 918 αὐτοῦ
845 887 1075 927 συνοικεσίου,
1107 885 1202 927 ἔχειν
1226 880 1287 917 αὗ·
1302 885 1343 918 15

206 941 274 1006 ‘mia
297 942 382 982 1των
412 928 591 963 τοιούτων
621 927 850 975 πραγμάτων
881 931 942 964 καὶ
974 928 1043 972 τὴν
1073 926 1288 964 δεσποτείαν

206 986 244 1006 κε
267 985 405 1018 ευομεν.

1195 1085 1352 1123 CAPUT
1375 1085 1422 1122 X.

269 1150 416 1197 Ἐπειδὴ
443 1150 484 1187 δὲ
511 1155 572 1187 καὶ
602 1148 676 1188 ἀπὸ
699 1152 935 1188 συναινέσεως
964 1164 1058 1188 τινες
1086 1157 1188 1200 μέχρι
1218 1156 1283 1189 τοῦ

206 1199 386 1244 παρόντος
414 1198 497 1232 τοὺς
527 1210 556 1233 π
579 1196 618 1232 ὸς
640 1194 810 1241 ἀλλήλους
832 1196 1145 1253 διέλυονυγάμους.
1175 1201 1284 1234 τοῦτο

1416 1153 1507 1198 Quia
1530 1163 1613 1189 vero
1643 1157 1678 1188 et
1700 1164 1744 1189 ex
1769 1164 1945 1190 consensu
1976 1154 2086 1199 aliqui
2116 1165 2229 1200 usque
2258 1154 2304 1190 ad
2326 1164 2428 1199 prae-

1354 1208 1435 1235 sens
1470 1199 1609 1234 alterna
1643 1199 1868 1234 matrimonia
1902 1199 2103 1244 solvebant,
2139 1200 2208 1236 hoc
2239 1200 2284 1236 de
2313 1204 2430 1236 cetero

204 1245 270 1278 τοῦ
294 1242 420 1278 λοιποῦ
451 1247 551 1290 γίνεσ
586 1256 623 1276 αι
651 1240 772 1278 οὐδενὶ
802 1255 1054 1298 συγχωρουμεν
1082 1243 1221 1291 τρόπῳ,
1254 1245 1285 1279 εἰ
1299 1247 1340 1279 20
1353 1243 1430 1280 fieri
1453 1244 1550 1279 nullo
1573 1244 1719 1280 sinimus
1743 1245 1860 1287 modo,
1884 1245 1954 1280 nisi
1974 1245 2067 1281 forte
2090 1245 2232 1290 quidam
2254 1244 2430 1280 castitatis

203 1289 252 1333 μὴ
275 1288 385 1331 τυχόν
407 1300 502 1323 τινες
525 1286 760 1334 σωφροσύνης
783 1290 964 1334 ἐπιθυμίᾳ
986 1303 1093 1324 τουτο
1117 1289 1282 1334 ποιήσου·

204 1346 272 1368 σιν.
320 1335 352 1368 εἰ
375 1331 416 1368 δὲ
443 1336 504 1368 καὶ
535 1333 582 1368 τὰ
605 1335 758 1369 τοιαῦτα
789 1335 966 1379 πρόςωπα
997 1333 1129 1370 παῖδας
1161 1338 1284 1379 ἐξίοιεν,

203 1381 311 1414 τοῦτο
333 1380 401 1424 μὲν
422 1379 491 1422 τὴν
514 1382 645 1424 προῖκα
668 1381 776 1414 τοῦτο
801 1377 841 1414 δὲ
862 1379 928 1424 τὴν
947 1384 1193 1427 προγαμιαίαν
1217 1379 1286 1416 δω-

204 1423 293 1470 ρεὰν
326 1428 398 1459 τοῖς
433 1422 558 1459 αὐτῶν
594 1423 846 1471 φυλάττεσθαι
860 1429 989 1479 *natat
1029 1423 1283 1471 ὃιατυποῦμεν.

1355 1290 1647 1335 concupiscentia
1682 1290 1752 1325 hoc
1787 1290 1947 1325 fecerint.
2003 1290 2041 1326 Si
2075 1293 2195 1326 autem
2230 1290 2431 1326 huiusmodi

1354 1345 1528 1380 personae
1561 1334 1654 1370 filios
1689 1335 1897 1379 habuerint,
1933 1339 2007 1371 tam
2041 1335 2158 1371 dotem
2194 1346 2299 1381 quam
2329 1340 2429 1370 ante-

1354 1381 1549 1425 nuptialem
1572 1380 1800 1416 donationem
1832 1391 1952 1416 eorum
1974 1380 2057 1416 filiis
2082 1382 2285 1417 conservari
2308 1381 2428 1425 dispo-

1352 1426 1480 1461 nimus.
1528 1425 1567 1461 Si
1598 1426 1676 1470 quis
1707 1428 1826 1461 autem
1857 1426 2002 1470 horum,
2034 1431 2098 1461 aut
2127 1426 2277 1462 maritus
2307 1426 2429 1461 forsan

204 1471 235 1504 εἰ
264 1468 307 1504 δέ
333 1481 387 1504 τις
417 1467 570 1513 τούτων,
605 1466 697 1516 ἀνὴρ
720 1470 831 1526 τυχὸν
853 1485 876 1515 η
898 1470 1005 1527 γυνή,
1037 1471 1129 1516 μετὰ
1159 1471 1202 1506 τὸ
1226 1470 1286 1506 διὰ
1299 1473 1339 1506 25
1354 1476 1417 1506 aut
1440 1482 1541 1515 uxor,
1572 1475 1760 1524 postquam
1785 1474 1932 1516 propter
1956 1472 2156 1507 castitatem
2186 1482 2231 1508 ex
2255 1481 2429 1507 consensu

204 1514 443 1562 σωφροσύνην
466 1517 504 1549 ἐκ
528 1518 765 1550 συναινέσεως
787 1529 855 1550 τον
869 1529 989 1563 γαμον
1004 1515 1165 1560 λυθῆναι
1188 1516 1283 1563 εὑρε-

204 1561 289 1604 θείη
314 1559 439 1595 ἄλλους
459 1559 719 1595 συναλλάττων
740 1560 871 1608 γάμους
894 1560 917 1605 ἢ
940 1558 1091 1608 {cairate
1115 1564 1200 1604 ζῶν,
1229 1576 1283 1596 κε-

203 1605 364 1650 λεύομεν,
387 1606 418 1640 εἰ
439 1607 506 1650 μὲν
529 1604 591 1647 (ὠς
614 1606 765 1651 εἴρηται)
787 1604 912 1641 παῖδες
935 1609 1027 1641 οὖσιν
1051 1610 1088 1641 ἐκ
1111 1609 1176 1641 τοῦ
1193 1608 1283 1653 εἰρη-

202 1654 310 1706 μένου
340 1655 579 1706 συνοικεσίου,
610 1651 699 1697 πρὸς
727 1653 771 1695 τῆ
803 1655 923 1697 προικὶ
953 1656 1013 1686 καὶ
1041 1655 1086 1700 τῇ
1117 1651 1176 1686 διὰ
1202 1652 1284 1687 τοὺς

1353 1517 1502 1552 solvitur
1535 1519 1818 1559 matrimonium,
1856 1517 2054 1552 inveniatur
2090 1517 2179 1552 alias
2218 1517 2429 1553 contrahens

1353 1562 1498 1607 nuptias
1528 1566 1592 1597 aut
1622 1562 1804 1597 luxuriose
1835 1562 1972 1607 vivens,
2003 1562 2183 1605 iubemus,
2216 1562 2247 1598 si
2275 1562 2428 1607 quidem,

1353 1608 1445 1643 sicut
1468 1608 1601 1643 dictum
1626 1611 1696 1650 est,
1726 1606 1789 1641 filii
1813 1607 1945 1642 fuerint
1969 1618 2013 1642 ex
2036 1610 2228 1643 memorato
2254 1607 2428 1651 coniugio,

1351 1663 1459 1698 super
1484 1653 1600 1687 dotem
1624 1657 1660 1687 et
1683 1657 1829 1697 propter
1852 1653 1995 1697 nuptias
2020 1653 2245 1688 donationem
2270 1653 2320 1688 eis
2336 1651 2430 1687 tradi

202 1708 336 1743 γαμους
367 1694 421 1731 δω
446 1697 486 1740 eo}
519 1699 639 1731 αυτοῖς
668 1688 944 1742 παρᾶὃίὸοσθαι
974 1700 1035 1731 καὶ
1063 1697 1131 1741 τὴν
1155 1696 1282 1733 amno-
1297 1701 1339 1733 30
1352 1707 1388 1733 et
1413 1699 1668 1750 proprietatem
1693 1707 1832 1743 poenae
1855 1698 2077 1733 substantiae
2105 1698 2200 1733 illius
2225 1708 2315 1742 quae
2342 1708 2427 1732 con-

203 1747 305 1776 τείαν
333 1743 395 1776 τ”ς

204 1755 453 1832 πλημμελγῆσαι
477 1798 676 1832 προςωπου.
723 1787 754 1821 εἰ
771 1785 811 1821 δὲ
826 1787 860 1821 οἱ
876 1786 1000 1822 παῖδες
1024 1783 1170 1822 ἀτελοῦς
1191 1791 1284 1822 οὖσιν

203 1829 358 1876 ἡλικίας,
390 1829 609 1866 διοικεῖσθαι
632 1829 778 1867 τούτους
810 1835 870 1866 καὶ
894 1830 1165 1878 ἆνατρέφεσθαι
1190 1830 1280 1878 παρ’

203 1881 339 1911 ἐκείνου
363 1874 632 1922 προςτάττομεν
655 1878 719 1911 τοῦ
743 1881 891 1924 γονέως,
923 1875 963 1912 ὃς
985 1875 1092 1912 οὐδὲν
1114 1880 1170 1922 τῷ
1193 1886 1283 1924 παρ-

468 1742 550 1784 ιπῆς
579 1746 782 1796 περιουσίας
813 1744 876 1776 τοῦ
906 1743 1024 1777 ταῦτα
1056 1742 1283 1790 ἐλεγχομένου

1350 1744 1504 1778 vincitur
1539 1742 1729 1787 deliqmsse
1763 1753 1949 1787 personae.
1998 1743 2035 1778 Si
2069 1753 2150 1778 vero
2186 1742 2248 1777 filii
2282 1742 2427 1778 minoris

1353 1788 1423 1824 sint
1445 1788 1593 1831 aetatis,
1624 1788 1815 1831 gubernari
1839 1798 1900 1824 eos
1931 1791 1967 1823 et
1990 1789 2093 1833 pasci
2124 1789 2170 1823 ab
2195 1788 2256 1823 illo
2280 1790 2428 1833 parente

1351 1833 1603 1878 praecipimus,
1628 1833 1687 1877 qui
1707 1833 1794 1867 nihil
1814 1834 1994 1877 praesenti
2017 1833 2085 1877 legi
2109 1833 2323 1868 contrarium
2345 1833 2425 1877 egit.

1351 1878 1389 1914 Si
1412 1883 1531 1914 autem
1554 1878 1658 1913 ambo
1682 1883 1847 1923 parentes
1870 1878 1908 1913 in
1923 1878 2124 1914 huiusmodi
2147 1879 2231 1913 vitio
2255 1878 2426 1920 incidant,

202 1922 284 1957 όντι
319 1920 422 1967 νόμῳ
457 1924 625 1978 ἐναντίον
660 1922 823 1967 ἔπραξεν.
876 1923 907 1956 εἰ
943 1921 983 1957 δὲ
1018 1919 1214 1969 ἀμφότεροι
1250 1922 1285 1957 οἱ
1297 1926 1338 1959 35
1350 1933 1437 1959 tunc
1460 1924 1644 1968 utriusque
1675 1924 1835 1967 parentis
1868 1924 2104 1959 substantiam
2134 1922 2214 1958 filiis
2243 1923 2426 1968 applicari,

200 1970 315 2015 γονεῖς
337 1970 391 2011 τῷ
415 1980 567 2011 τοιουτῳ
591 1970 813 2012 περιπέσωσι
836 1971 1054 2012 πταίσματι,
1082 1970 1282 2010 τηνικαῦτα

201 2011 269 2055 τὴν
292 2013 459 2058 ἑκατέρου
484 2014 561 2046 τῶν
579 2016 718 2058 γονέων
741 2017 951 2059 περιουσίαν
969 2017 1043 2048 τοῖς
1058 2016 1164 2047 παισὶ
1180 2024 1282 2059 προς-

202 2058 422 2103 κυροῦσθάι,
455 2056 639 2100 διοικητὴν
664 2055 704 2091 δὲ
726 2054 847 2092 αὐτοῖς
878 2059 938 2092 ἐπὶ
967 2059 1031 2102 τῆς
1060 2055 1202 2092 ἀτελοῦς
1225 2053 1283 2092 οὗ-

202 2115 262 2137 σιν
286 2101 423 2146 ἡλικίας
458 2101 714 2147 προβληθῆναι
744 2107 897 2148 προνοίᾳ
928 2104 993 2137 τοῦ
1024 2101 1196 2149 ἁρμοδίου
1221 2102 1284 2149 ἄρ-

1350 1969 1631 2014 dispensatorem
1660 1973 1780 2003 autem
1811 1969 1865 2004 his
1895 1969 1958 2014 qui
1985 1970 2022 2004 in
2045 1969 2179 2004 minore
2203 1971 2321 2004 aetate
2344 1973 2428 2004 sunt

1351 2014 1507 2050 ordinari
1537 2013 1759 2058 providentia
1792 2014 2024 2059 competentis
2053 2013 2182 2050 iudicis
2213 2016 2249 2049 et
2276 2013 2427 2049 aliorum

257 2207 283 2228 c.
298 2196 337 2227 X
358 2195 483 2228 exhibet
505 2195 711 2238 Epanayoqe
727 2195 767 2228 21
793 2195 894 2228 schol.
908 2201 941 2233 ὃς
967 2207 1026 2228 om.
1043 2194 1079 2227 B
1097 2202 1128 2228 et
1142 2195 1192 2232 L,
1217 2196 1249 2227 in
1275 2195 1391 2235 quibus
1414 2195 1482 2228 eius
1508 2195 1575 2227 loco
1600 2196 1783 2228 inseruntur
1806 2193 1890 2227 Nov.
1905 2194 2027 2227 XXII
2039 2208 2065 2227 c.
2083 2196 2123 2228 15
2141 2200 2188 2235 §3
2208 2203 2238 2229 et
2256 2197 2296 2230 16
2306 2208 2358 2238 pr.
2383 2214 2427 2220 --

202 2241 363 2273 Summam
381 2241 477 2273 habet
487 2240 675 2283 Anonymus
688 2239 894 2273 Bodleianus
911 2252 965 2282 ap.
977 2239 1166 2274 Zachariae
1175 2235 1307 2272 Ἀνέκδ.
1318 2252 1354 2282 p.
1364 2241 1446 2279 2153
1473 2241 1595 2273 initium
1612 2241 1744 2283 respicit
1758 2239 1890 2272 Nomoc.
1903 2239 2050 2273 XIVtit.
2064 2241 2116 2282 13,
2126 2248 2186 2284 4p.
2196 2242 2262 2275 615
2276 2241 2381 2274 Piera.

201 2332 316 2370 catur,
340 2332 376 2363 et
397 2327 506 2364 semel
528 2334 638 2373 atque
661 2328 790 2363 iterum
812 2328 1052 2374 reprehensus
1082 2327 1138 2363 vel
1154 2339 1227 2374 per
1248 2339 1335 2363 suos
1362 2328 1418 2364 vel
1433 2339 1507 2375 per
1529 2328 1659 2364 uxoris
1676 2331 1866 2374 parentes,
1898 2327 1953 2363 vel
1970 2338 2042 2374 per
2064 2328 2158 2364 alias
2180 2329 2325 2375 aliquas
2373 2341 2427 2364 er-

199 2384 310 2409 sonas
329 2372 404 2419 side
426 2372 559 2419 diqnas
580 2372 756 2408 eiusmodi
782 2373 932 2408 luoeuria
956 2384 1031 2409 non
1055 2372 1280 2415 abstinuerit,
1313 2373 1419 2409 liceat
1442 2373 1584 2409 mulieri
1604 2378 1759 2420 propter
1782 2372 1876 2407 hanc
1900 2383 2043 2418 quoque
2066 2384 2212 2409 causam
2233 2374 2331 2410 disso
2348 2386 2427 2411 vere

200 2418 477 2460 matrimonium,
500 2424 535 2454 et
557 2418 720 2464 recipere
742 2418 860 2454 dotem
883 2418 1006 2454 datam
1030 2423 1065 2454 et
1085 2419 1315 2454 donationem
1338 2424 1422 2454 ante
1442 2419 1600 2464 nuptias,
1624 2423 1660 2454 et
1672 2429 1747 2465 pro
1771 2418 1946 2453 eiusmodi
1966 2419 2101 2454 iniuria
2125 2419 2267 2455 tertiam
2275 2426 2427 2473 partem

200 2463 471 2504 aestimationis,
495 2474 605 2510 quam
628 2463 780 2499 donatio
804 2468 890 2500 ante
912 2463 1059 2510 nuptias
1082 2463 1210 2510 efficit,
1235 2474 1285 2500 ea:
1299 2463 1441 2510 reliqua
1466 2463 1564 2498 itlius
1584 2463 1785 2499 substantia
1808 2473 1951 2509 capere,
1975 2463 2027 2498 ita
2049 2469 2166 2500 tamen
2186 2470 2225 2500 ut
2247 2475 2279 2500 si
2296 2465 2428 2500 liberos

200 2508 341 2550 habeat,
375 2508 570 2554 usufructu
593 2508 674 2544 solo
697 2519 819 2544 rerum
843 2519 935 2555 quas
957 2520 1007 2545 ea:
1030 2508 1228 2544 donatione
1258 2513 1342 2544 ante
1364 2509 1513 2556 nuptias
1543 2513 1580 2544 et
1605 2519 1724 2555 poena
1756 2508 1883 2544 tertiae
1907 2509 2032 2554 partis
2061 2509 2284 2546 substantiae
2305 2510 2427 2546 mariti

200 2554 381 2600 acceperit
400 2554 566 2598 fruatur,
600 2564 680 2589 eum
703 2552 900 2590 dominium
924 2553 1170 2590 communibus
1200 2553 1322 2590 liberis
1345 2558 1586 2590 conservetur.
1634 2552 1677 2589 Si
1698 2554 1791 2589 enim
1814 2552 1947 2589 liberos
1977 2565 2052 2589 non
2075 2553 2205 2590 habeat
2232 2565 2282 2591 ex
2304 2555 2427 2591 eodem

200 2599 442 2641 mati-Imonio,
466 2598 644 2635 eiusmodi
664 2610 785 2635 rerum
808 2610 887 2634 eam
911 2600 1018 2634 etiam
1041 2598 1238 2634 dominium
1262 2598 1394 2635 habere
1416 2599 1586 2635 iubemus.

333 2644 379 2679 X.
426 2642 606 2687 Quoniam
629 2649 747 2680 autem
777 2645 885 2680 etiam
908 2655 959 2680 ex
982 2655 1158 2680 consensu
1186 2645 1351 2680 nonnulli
1382 2655 1495 2690 usque
1525 2643 1644 2680 adhuc
1666 2643 1895 2679 matrimonia
1927 2644 2021 2679 inter
2041 2655 2079 2679 se
2103 2648 2291 2680 contracta
2313 2645 2426 2681 solve—

200 2689 297 2732 bant,
321 2689 360 2725 id
382 2689 420 2724 in
440 2693 628 2736 posterum
648 2689 732 2735 fieri
754 2689 856 2726 nullo
880 2689 987 2726 modo
1005 2691 1182 2736 patimur,
1206 2690 1278 2725 nisi
1296 2690 1360 2736 qui
1381 2690 1483 2735 forte
1506 2689 1684 2725 castitatis
1706 2688 1883 2724 desiderio
1905 2688 1945 2723 id
1960 2689 2126 2734 fecerint.
2175 2688 2313 2732 Quodsi
2333 2690 2426 2726 eius-

200 2735 296 2770 modi
321 2745 506 2781 personae
535 2735 644 2770 etiam
675 2734 807 2771 liberos
836 2734 1010 2777 habeant,
1047 2739 1119 2770 tam
1150 2734 1269 2770 dotem
1300 2746 1410 2781 quam
1433 2734 1661 2770 donationem
1685 2739 1768 2769 ante
1790 2733 1939 2780 nuptias
1962 2733 2083 2769 tiberis
2105 2745 2228 2769 eorum
2251 2735 2429 2771 custodiri

199 2780 400 2816 statuimus.
446 2778 489 2815 Si
512 2779 594 2826 quis
617 2783 737 2816 autem
759 2791 810 2816 ex
831 2780 916 2822 illis,
940 2780 1094 2815 maritus
1115 2779 1218 2825 forte
1239 2780 1313 2816 sive
1335 2791 1445 2828 uxor,
1473 2783 1562 2827 post
1582 2778 1848 2814 matrimonium
1863 2782 2021 2825 propter
2043 2779 2245 2815 castitatem
2269 2791 2318 2815 ex
2338 2789 2425 2815 con-

199 2836 306 2862 sensu
328 2826 486 2861 solutum
508 2825 604 2860 alias
626 2825 839 2861 contrahere
861 2826 1009 2872 nuptias
1031 2830 1238 2872 compertus
1258 2826 1307 2861 sit
1329 2825 1387 2862 vel
1408 2825 1597 2861 luxuriose
1613 2824 1748 2866 vivere,
1771 2822 1943 2865 iubemus,
1973 2823 2005 2858 si
2028 2824 2186 2875 quidem,
2216 2825 2270 2859 uti
2293 2824 2426 2860 dictum

200 2875 265 2913 est,
295 2870 398 2906 liberi
420 2873 546 2906 extent
567 2881 618 2906 ex
636 2870 828 2917 praedicto
852 2870 1036 2917 coniuqio,
1065 2870 1112 2905 iis
1128 2875 1280 2918 praeter
1303 2870 1418 2906 dotem
1445 2875 1481 2906 et
1501 2869 1733 2906 donationem
1751 2873 1909 2916 propter
1931 2873 2079 2949 nuptias
2100 2870 2206 2904 etiam
2230 2869 2426 2904 dominium

201 2915 299 2951 tradi
329 2916 491 2962 reliquae
520 2916 742 2952 substantiae
772 2916 850 2952 eius
905 2926 1058 2952 ersonae
1093 2926 1187 2961 quae
1217 2915 1306 2951 llaec
1337 2915 1556 2952 commisisse
1589 2914 1752 2950 convicta
1780 2914 1837 2949 sit.
1885 2912 1963 2957 Quo
1989 2915 2024 2949 si
2052 2914 2155 2950 liberi
2191 2915 2426 2961 imperfectae

200 2961 330 2997 aetatis
352 2962 443 3003 sint,
470 2961 718 3008 praecipimus
746 2966 787 2996 ut
815 2973 864 3007 qu
889 2965 1060 2997 eruentur
1090 2964 1126 2996 et
1148 2960 1297 2997 alantur
1326 2962 1372 2997 ab
1396 2961 1457 2996 illo
1481 2963 1638 3007 parente
1668 2961 1731 3006 qui
1760 2958 1852 2994 nillil
1873 2959 1956 2995 huic
1979 2959 2051 3005 leqi
2074 2960 2295 2994 contrarium
2347 2960 2424 2995 ecit.

201 3005 244 3042 Si
267 3017 351 3043 vero
375 3005 480 3041 ambo
502 3010 673 3053 parentes
696 3006 735 3041 in
758 3006 935 3043 eiusmodi
952 3010 1143 3053 peccatum
1166 3005 1375 3049 inciderint,
1405 3010 1479 3041 tum
1499 3005 1687 3051 utriusque
1707 3005 1878 3051 parentis
1907 3004 2110 3040 substantia
2137 3003 2257 3040 liberis
2329 3004 2426 3040 dica-

201 3055 272 3095 tur,
297 3051 573 3087 administrator
598 3056 716 3086 autem
739 3051 796 3095 iis,
828 3052 912 3087 dum
936 3052 1171 3098 imperfectae
1194 3051 1326 3088 aetatis
1347 3056 1442 3093 sunt,
1473 3050 1682 3097 desiqnetur
1704 3060 1793 3085 cura
1815 3049 2049 3096 competentis
2072 3048 2212 3092 iudicis,
2242 3049 2299 3086 vel
2319 3051 2427 3085 etiam

1350 3141 1437 3175 filios
1461 3145 1500 3175 ut
1520 3141 1568 3175 V¹
1591 3142 1630 3174 ut
1649 3140 1736 3173 filios
1758 3141 1808 3173 Τι
1831 3140 1843 3183 11
1873 3142 1893 3175 9
1915 3139 2157 3184 antenuptialis
2181 3139 2232 3173 Τι
2257 3140 2270 3182 11
2300 3141 2340 3174 10
2359 3142 2426 3172 ter-

250 3143 265 3174 1
287 3138 486 3186 ἐλέγχηται]
510 3141 720 3175 convincitur
740 3153 761 3178 ς
778 3143 827 3186 112
845 3142 922 3176 τῶν
945 3142 1020 3184 τῆς]
1043 3142 1121 3175 τῶν
1144 3155 1203 3176 om.
1216 3142 1248 3175 L
1270 3139 1283 3186 11

202 3188 221 3219 3
246 3183 461 3230 προςώπων]
484 3184 684 3233 μαρτύρων
695 3187 753 3221 Pr.
767 3187 832 3231 Ep.
852 3186 865 3232 11
890 3189 910 3222 5
927 3188 988 3221 καὶ
1011 3200 1069 3221 om.
1085 3199 1105 3224 ς’
1120 3187 1134 3226 ΙΙ
1150 3188 1172 3222 6
1195 3198 1282 3232 προ-

201 3233 387 3276 γαμιαιάν]
418 3230 490 3276 πρὸ
513 3232 629 3278 γάμου
649 3233 707 3266 Pr.
733 3232 797 3276 Ep.
825 3232 839 3276 11
868 3235 886 3267 7
911 3230 955 3266 τὸ
982 3232 1040 3265 Pr.
1068 3233 1145 3276 Ep.]
1170 3245 1228 3266 om.
1243 3232 1290 3266 M

204 3278 271 3310 ΕΒ
288 3277 301 3319 11
318 3279 338 3311 9
363 3273 470 3319 ἄλλης
493 3291 550 3310 om.
565 3289 585 3314 ς
602 3278 614 3320 11
632 3279 672 3312 10
688 3274 801 3321 μόνης
824 3290 882 3312 om.
900 3277 960 3322 Lu
981 3279 1022 3312 16
1046 3279 1105 3311 καὶ
1130 3291 1189 3311 om.
1202 3276 1253 3311 Bt
1270 3275 1283 3322 11

207 3324 245 3355 18
269 3323 483 3356 συνενέσεως
507 3322 554 3356 Μ
569 3322 582 3367 11
608 3323 648 3357 21
675 3319 875 3365 ποιήσωσιν
898 3323 997 3356 schol.
1022 3323 1088 3366 Ep.
1117 3322 1130 3362 ΙΙ
1157 3324 1200 3357 22
1223 3323 1284 3355 καὶ

205 3380 262 3401 om.
274 3367 372 3400 schol.
386 3368 451 3410 Ep.
465 3379 485 3404 ς
499 3367 513 3405 11
532 3368 575 3402 25
592 3362 696 3412 ἀνὴρ]
721 3370 780 3401 aut
795 3369 935 3401 maritus
957 3370 993 3409 (i.
1007 3381 1032 3402 e.
1056 3363 1079 3410 ἢ
1100 3363 1205 3412 ἀνὴρ)
1229 3379 1250 3404 ς
1271 3365 1284 3411 11

203 3410 321 3452 τυχὼν
347 3413 392 3445 Μ
400 3412 412 3450 ΙΙ
438 3414 480 3447 27
496 3409 612 3447 ἄλλως
632 3414 731 3447 schol.
749 3413 814 3456 Ep.
839 3413 852 3455 11
879 3415 921 3448 29
945 3411 1014 3456 τὴν
1036 3409 1096 3447 διὰ
1117 3412 1199 3446 τοὺς
1221 3409 1283 3458 γά-

203 3467 287 3497 μους
307 3453 447 3501 δωρεὰν
466 3458 565 3491 schol.
582 3458 647 3502 Ep.
663 3457 676 3503 11
696 3460 735 3493 31
754 3458 816 3501 τῆς
836 3456 973 3501 λοιπῆς]
990 3468 1114 3502 poenae
1130 3460 1166 3500 (i.
1180 3470 1206 3492 e.
1222 3457 1284 3500 τῆς

206 3501 342 3542 ποινῆς)
367 3514 386 3538 ς
402 3503 416 3546 11
430 3502 548 3536 ταῦτα
572 3515 629 3536 om.
641 3515 662 3540 ς
679 3502 692 3547 11
708 3504 750 3538 38
770 3502 843 3546 τῆς]
867 3506 940 3537 τοῖς
963 3504 1006 3536 Μ

278 3634 291 3664 1
319 3632 482 3676 culpatus]
505 3635 548 3669 al.
567 3635 717 3679 pulsatus
742 3635 791 3670 Β*
809 3638 842 3671 in
855 3649 916 3680 my.
941 3635 955 3680 11
981 3638 1001 3671 2
1024 3640 1085 3670 aut
1106 3648 1166 3680 per
1188 3636 1283 3679 alias]

209 3677 268 3706 aut
290 3686 349 3717 per
372 3691 430 3711 om.
452 3679 490 3720 V,
525 3680 607 3713 alius
639 3694 697 3715 om.
722 3681 755 3715 R
782 3681 796 3721 1
824 3683 846 3716 4
868 3691 927 3723 per
949 3682 1036 3716 hano
1058 3692 1189 3716 oausam
1213 3682 1247 3716 T
1270 3681 1283 3726 11

210 3721 231 3754 6
263 3722 359 3752 tertia
388 3727 480 3763 parte
507 3725 539 3757 T
561 3725 574 3768 11
612 3727 630 3758 7
655 3725 791 3759 donatio
822 3726 903 3759 facit
936 3727 967 3759 R
993 3727 1006 3772 11
1037 3729 1055 3761 8
1081 3727 1125 3760 tffi
1154 3726 1187 3760 R
1214 3727 1228 3771 Ι
1254 3727 1284 3760 si

1350 3187 1404 3219 tia'
1419 3187 1499 3221 17Τι
1515 3187 1528 3230 11
1545 3185 1703 3228 acciperit
1724 3185 1780 3229 Vn
1805 3187 1842 3220 11
1870 3185 2004 3219 domino
2024 3185 2058 3219 R
2075 3184 2088 3227 11
2110 3184 2200 3226 filiis]
2223 3183 2340 3218 liberis
2363 3183 2427 3272 Τ11

1351 3231 1578 3266 conseruando.
1598 3231 1631 3265 V
1648 3230 1661 3275 11
1687 3232 1727 3265 13
1751 3232 1875 3272 rerum]
1898 3230 2044 3263 filiorum
2068 3230 2102 3263 R
2122 3229 2135 3274 11
2159 3230 2345 3273 praecimus
2363 3229 2418 3272 71

1354 3279 1393 3312 18
1407 3280 1495 3311 rubr.
1519 3278 1571 3310 Ne
1594 3276 1693 3309 liceat
1721 3276 1810 3317 (Non
1834 3276 1914 3309 licet
1938 3276 1986 3319 T)
2016 3275 2266 3308 matrimonium
2295 3273 2424 3309 soluere

1350 3323 1416 3355 nisi
1436 3333 1475 3356 ex
1495 3332 1594 3356 causa
1614 3320 1781 3364 probabili
1800 3321 1910 3354 RTiu
1923 3321 2139 3365 m9.(e:e.·1ul.)
2156 3320 2169 3364 11
2186 3322 2220 3354 et
2241 3333 2300 3354 οηι.
2316 3318 2396 3369 17*Ίῖ
2412 3316 2425 3362 11

1351 3369 1394 3401 20
1418 3368 1502 3409 fieri]
1526 3368 1589 3400 hoo
1609 3366 1683 3400 fieri
1707 3366 1740 3400 Τ
1747 3366 1758 3386 ¹
1784 3366 1797 3408 11
1819 3365 1953 3408 quidem
1975 3365 2130 3410 RVT¹11
2157 3367 2196 3400 21
2215 3362 2339 3398 feeerit.
2370 3372 2422 3395 sin

1353 3413 1385 3446 Τ
1398 3412 1411 3453 11
1428 3414 1470 3447 22
1496 3412 1651 3446 habuerit
1669 3410 1724 3456 711
1751 3411 1794 3446 26
1818 3411 1956 3444 soluerit
1979 3410 2184 3454 R²V²vu19.
2201 3409 2216 3453 Ι
2231 3407 2423 3459 oontraliere

1352 3458 1385 3490 T
1399 3457 1411 3502 11
1428 3459 1469 3491 27
1484 3459 1512 3490 si
1527 3457 1661 3500 quidem
1681 3469 1739 3490 om.
1756 3457 1788 3490 T
1797 3456 1806 3476 ¹
1824 3456 1836 3499 11
1854 3458 1896 3491 28
1909 3456 2010 3490 sicuti
2021 3455 2057 3489 R
2067 3456 2152 3498 vulq.
2169 3457 2182 3497 11
2200 3454 2243 3488 29
2255 3453 2299 3493 et]
2324 3454 2422 3485 enam

1353 3501 1403 3535 T2
1421 3503 1433 3545 11
1449 3505 1491 3536 30
1510 3513 1594 3546 pene
1616 3503 1701 3543 libri,
1724 3501 1842 3545 plenae
1859 3501 1951 3535 Beck
1963 3502 2019 3545 (cst
2034 3501 2080 3534 ad
2093 3499 2249 3550 Graecum
2264 3499 2391 3551 tefrmm)
2410 3496 2422 3540 11

1350 3546 1569 3590 substantiae]
1603 3558 1643 3580 ex
1671 3547 1857 3580 substantia
1888 3546 1922 3580 V
1942 3546 1955 3590 11
1987 3547 2027 3581 31
2146 3551 2190 3575 11⁸
2218 3542 2312 3583 libri,
2336 3555 2419 3576 corr.

1350 3592 1436 3644 vulq.
1453 3598 1466 3636 11
1485 3594 1527 3627 32
1552 3593 1773 3636 praecipimus
1793 3593 1930 3635 parente
1953 3590 2015 3634 Ru
2031 3590 2072 3624 33
2096 3589 2266 3631 praesente
2289 3586 2361 3630 lege
2381 3588 2419 3629 V,

1349 3636 1417 3678 legi
1441 3651 1499 3671 om.
1516 3638 1564 3670 Β·
1582 3638 1594 3681 11
1613 3639 1656 3672 34
1673 3636 1792 3670 vitium
1811 3636 1898 3679 vuly.
1916 3635 1929 3679 11
1951 3636 1994 3670 35
2007 3633 2155 3674 utrisque
2173 3631 2205 3664 Τ
2212 3632 2222 3652 ¹
2239 3632 2251 3675 11
2269 3632 2419 3665 substan-

1350 3682 1432 3714 tiam
1455 3682 1652 3723 (substantia
1677 3681 1742 3724 T2)
1766 3680 1914 3725 parenti·
1934 3679 1968 3713 Τ
1976 3679 1990 3722 Ι
2007 3679 2050 3712 36
2072 3677 2110 3710 in
2133 3689 2190 3710 om.
2204 3677 2252 3727 R'
2268 3677 2280 3719 11
2299 3677 2418 3710 minori

1360 3727 1390 3759 V
1405 3727 1417 3771 11
1432 3729 1521 3768 sunt]
1544 3726 1719 3760 constituti
1734 3727 1811 3759 add.
1825 3724 1875 3758 R·
1889 3723 1903 3768 Ι
1919 3725 1961 3757 3¹1
1975 3722 2121 3756 ordinati
2135 3722 2307 3764 pronuntia
2323 3723 2355 3755 T
2363 3723 2373 3743 ²
