2618 4010
1900 108 1918 124 0.

252 135 356 179 Now
388 135 407 177 1
434 148 494 190 pr.
530 139 546 176 1
1349 127 1375 174 2
2131 153 2190 184 nn
2218 154 2472 187 HEREDIBUS

250 243 378 280 αὖτοὺς
409 242 625 293 ἡγησάμεθα
657 243 734 280 δεῖν
761 249 821 279 καὶ
851 248 923 280 τοῖς
953 258 992 279 τε
1023 245 1184 292 περιοῦσι
1208 243 1334 279 δοῦναι
1401 245 1599 281 viventibus
1628 247 1800 290 praebere
1821 259 1867 286 ex
1889 251 1940 288 eis
1965 251 2141 288 cautelam
2165 262 2270 297 quam
2292 253 2471 289 morienti-

249 289 318 335 τὴν
347 290 387 331 ἐξ
419 286 540 325 αὐτῶν
571 288 772 335 ἀσφάλειαν
798 293 858 324 καὶ
881 293 954 325 τοῖς
978 289 1243 332 τετελευτηκόσι
1266 288 1334 333 τὴν
1401 288 1426 325 2
1472 289 1539 325 bus
1556 289 1640 325 hinc
1658 290 1822 330 exhibere
1836 295 2017 332 honorem.
2070 297 2228 333 Primum
2247 298 2367 343 itaque
2385 298 2471 334 illud

248 336 272 371 2
320 335 496 370 ἐντεῦθεν
509 332 681 369 ἀποτῖσαι
696 332 816 379 τιμήν.
886 336 1042 382 Πρῶτον
1061 336 1129 378 μὲν
1142 328 1206 368 οὖν
1221 336 1334 368 ἐκεῖνο
1402 335 1458 369 est
1481 334 1718 379 cogitandum,
1741 337 1824 381 quia
1844 341 2060 378 testantibus
2082 341 2162 378 aliis
2187 342 2327 388 quidem
2349 353 2471 379 neces-

249 383 435 422 σκεπτέον,
458 375 516 414 ὅτι
541 377 585 422 δὴ
608 381 686 414 τῶν
711 378 982 424 διατιθεμένων
1002 383 1074 414 τοῖς
1089 380 1158 424 μὲν
1174 376 1334 432 ἀνάγκην
1402 380 1544 414 sitatem
1566 379 1717 424 imponit
1734 380 1793 416 lex
1811 381 2022 422 distribuere
2041 387 2217 431 quandam
2235 390 2375 440 partem
2392 398 2471 432 per-

247 425 462 468 ἑπιτίθησιν
486 421 505 458 ὁ
525 423 633 469 νόμος
651 421 848 469 ἀπονέμειν
869 423 953 459 τινὰ
977 428 1108 470 μοῖραν
1128 435 1333 468 προςωποις
1369 427 1388 459 5
1402 424 1500 460 sonis
1520 424 1741 468 quibusdam,
1762 427 1931 471 tanquam
1949 429 2018 466 hoc
2036 432 2228 467 secundum
2240 442 2353 476 ipsam
2366 435 2472 467 natu-

246 473 355 512 τισίν,
377 467 426 504 ὠς
451 466 495 511 δὴ
513 471 620 503 τοῦτο
639 467 716 504 κατ’
739 468 853 512 αὐτὴν
870 468 936 512 τὴν
956 469 1065 514 φύσιν
1083 466 1333 515 όφειλομένοις,
1401 479 1478 504 ram
1514 469 1565 505 eis
1601 469 1789 513 debeatur,
1842 471 1922 508 uale
1949 477 2004 510 eat
2031 475 2113 512 filiis
2141 479 2178 512 et
2205 471 2409 521 nepotibus,
2438 483 2474 511 et

246 512 373 548 ὁποῖον
409 511 453 557 δή
489 526 525 548 τι
557 518 663 548 παισὶ
693 518 753 548 καὶ
786 512 959 561 ἐγγόνοις,
991 517 1051 547 καὶ
1083 511 1242 560 πατράσι
1274 516 1333 548 καὶ
1427 513 1566 550 aeribus
1590 516 1699 559 atque
1722 518 1795 550 mat
1815 514 1823 522 ’
1851 525 1906 558 us,
1928 516 2102 555 interdum
2124 530 2205 557 vero
2226 522 2332 556 etiam
2352 521 2472 556 fratri-

247 558 442 604 μητράσιν,
468 556 562 611 ,έσθ’
596 555 658 594 ὅτι
688 563 748 593 καὶ
779 557 961 605 ἀδελφοῖς,
994 562 1053 592 καὶ
1077 558 1112 591 εἴ
1131 571 1179 613 τι,
1190 559 1333 593 τοιοῦτο
1401 525 1482 602 Rus,
1506 563 1542 595 et
1565 559 1596 594 si
1620 569 1725 604 quam
1742 559 1943 596 huiusmodi
1961 571 2148 607 personam
2165 566 2281 601 autin
2299 566 2366 610 his,
2383 576 2473 611 quae

247 601 442 650 πρόςωπον
464 617 486 647 η
510 605 550 638 ἐν
581 607 654 639 τοῖς
677 605 717 645 ἐξ
748 601 852 648 ἡμῶν
876 602 897 647 ἢ
922 605 961 637 έν
990 607 1063 637 τοῖς
1087 603 1125 643 ἐξ
1150 617 1204 637 ων
1227 605 1334 648 ἐσμὲν
1403 614 1447 639 ex
1470 604 1574 640 nobis
1596 608 1693 646 sunt,
1720 608 1784 639 aut
1807 613 1852 639 ex
1875 605 2002 649 quibus
2025 617 2155 654 sumus,
2180 614 2474 646 enumeraverunt

246 648 460 703 ηριθμησαν
497 649 532 683 οἱ
567 646 689 694 νόμοι,
726 652 799 683 τοῖς
842 647 881 682 δὲ
916 647 1064 693 οὐδεμία
1108 649 1334 691 καθέστηκεν
1350 651 1389 684 10
1402 649 1513 694 leges,
1545 649 1625 685 aliis
1655 652 1775 684 autem
1805 649 1904 684 nulla
1934 651 2096 688 consistit
2117 655 2312 691 necessitas
2336 659 2472 700 partem

246 692 383 750 ανάγκη
415 697 547 749 μοῖραν
576 691 719 728 διδόναι
750 697 823 728 τινὶ
854 695 915 737 τῆς
946 694 1088 727 ἑαυτῶν
1110 697 1333 746 Χπεριουσίας,
1404 694 1489 729 dare
1509 695 1702 740 quamlibet
1717 694 1881 740 propriae
1900 694 2132 741 substantiae,
2151 699 2214 735 sed
2230 710 2296 735 sua
2314 704 2474 745 potestas

245 737 312 772 αλλ
347 736 574 779 αὖτιξουσιός
594 740 694 774 ἐστιν
712 735 732 782 ἡ
753 737 950 783 φιλοτιμία,
970 737 1058 784 πρὸς
1077 734 1134 773 οὓς
1152 736 1199 773 ἂν
1217 735 1236 773 ὁ
1256 736 1331 773 δια·
1401 739 1452 775 eis
1483 739 1633 785 largitur
1663 740 1710 776 ad
1743 750 1983 785 quoscumque
2002 743 2154 778 testator
2181 744 2332 780 voluerit
2355 744 2471 790 profe-

246 783 436 819 τιθέμενος
457 781 624 829 βούλοιτο
649 786 834 830 φερομένη.
1400 784 1522 821 renda.

1260 873 1417 910 CAPUT
1441 874 1470 910 Ι.

289 934 354 988 (K)
391 940 534 976 Τούτων
558 933 622 975 οὖν
645 938 727 984 ἡμῖν
749 939 1079 986 προδιωρισμένων,
1110 940 1335 996 θεσπιζομεν
1446 941 1511 977 His
1545 942 1653 987 igitur
1682 952 1704 977 a
1735 942 1839 977 nobis
1878 942 2136 988 praeordinatis
2176 943 2369 988 sancimus,
2402 956 2474 987 eos,

244 988 326 1022 τοὺς
366 986 466 1034 παρά
498 999 612 1021 τινων
645 988 907 1038 γεγραμμένους
946 984 1185 1034 κληρονόμους
1215 999 1236 1029 η
1273 990 1332 1020 καὶ
1349 989 1388 1022 15
1425 987 1462 1022 ui
1485 987 1530 1022 ab
1555 987 1733 1031 aliquibus
1758 988 1882 1033 scripti
1905 991 1988 1023 sunt
2013 987 2172 1031 heredes,
2197 991 2261 1023 aut
2274 997 2476 1026 meruerunt

244 1030 415 1074 τυχόντας
444 1031 765 1073 fideicommissum,
800 1032 877 1064 τῶν
906 1026 994 1065 καθ’
1029 1029 1150 1075 ὁμάδα
1181 1030 1287 1074 τυχὸν
1309 1028 1331 1085 ἢ
1400 998 1681 1075 fideicommissa,
1707 1042 1771 1077 per
1794 1033 2059 1068 universitatem
2083 1032 2207 1067 forsan
2230 1037 2294 1068 aut
2316 1043 2381 1079 per
2396 1045 2475 1080 spe-

245 1073 323 1112 xoec’
350 1075 450 1118 εἶδος,
475 1073 497 1119 ἢ
519 1078 578 1109 καὶ
599 1078 811 1128 πρεσβείων,
837 1070 905 1109 ἀνά
931 1088 998 1118 κην
1017 1078 1119 1118 ἔχειν,
1142 1073 1233 1123 ἅπερ
1252 1073 1330 1110 ιῖνο
1401 1077 1500 1121 ciem,
1532 1081 1594 1112 aut
1617 1078 1782 1122 legatum,
1807 1077 2055 1113 necessitatem
2078 1077 2220 1122 habere,
2245 1088 2484 1123 quaecumque

245 1120 458 1167 διαθέμενος
482 1124 543 1154 καὶ
573 1119 725 1165 τιμήσας
749 1119 874 1156 αυτοὺς
922 1120 1111 1163 ιατάξειεν,
1136 1123 1175 1155 ἐκ
1197 1120 1331 1157 παντὸς
1398 1124 1551 1158 testator
1581 1126 1618 1158 et
1648 1123 1828 1159 honorans
1853 1133 1914 1158 eos
1938 1122 2163 1167 disposuerit,
2189 1133 2232 1157 ex
2256 1123 2351 1158 omni
2373 1124 2478 1160 modo

243 1165 382 1212 τρόπου
414 1165 582 1211 πληροῦν,
617 1167 647 1199 εἰ
669 1165 712 1200 τὸ
737 1166 963 1213 προςταχθὲν
986 1164 1140 1210 νόμιμον
1163 1167 1227 1210 εἴη,
1252 1163 1275 1210 ἢ
1300 1167 1331 1200 εἰ
1400 1168 1597 1212 complere,
1629 1168 1660 1203 si
1690 1168 1786 1212 quod
1816 1167 2036 1220 praecipitur
2065 1167 2257 1212 legitimum
2281 1168 2338 1209 sit,
2362 1171 2426 1204 aut
2448 1169 2479 1204 si

242 1211 292 1255 μή
321 1224 375 1246 τις
407 1207 492 1246 αὐτὸ
523 1209 646 1255 νόμος,
678 1211 710 1245 εἰ
742 1213 802 1244 καὶ
833 1210 882 1254 μὴ
905 1214 1047 1258 γένοιτο
1071 1210 1170 1266 παρὰ
1194 1213 1257 1246 τοῦ
1278 1225 1328 1246 τι·
1343 1214 1471 1248 2011011
1493 1212 1582 1248 illud
1606 1213 1726 1258 aliqua
1749 1213 1817 1256 lex,
1842 1214 1897 1248 vel
1921 1223 1951 1248 sl
1973 1223 2046 1247 non
2068 1212 2132 1247 fiat
2156 1213 2202 1248 ab
2221 1222 2263 1248 eo
2284 1213 2344 1258 qui
2363 1214 2478 1249 hono-

242 1257 440 1300 μηθέντος,
477 1252 549 1290 ἀλλ’
584 1249 647 1290 οὖν
687 1254 809 1302 κύριον
848 1256 940 1290 εἶναι
977 1257 1092 1302 ῥητῶς
1125 1260 1327 1314 αποφαίνει.
1398 1259 1499 1293 ratus
1518 1261 1584 1300 est,
1604 1261 1722 1293 tamen
1742 1261 1860 1293 ratum
1877 1267 1956 1293 esse
1976 1267 2142 1302 expresse
2161 1257 2231 1292 iam
2251 1258 2476 1294 demonstret.

241 1303 263 1337 1
309 1302 355 1335 Εἰ
379 1300 422 1336 δέ
441 1314 493 1337 τις
513 1300 563 1346 μὴ
586 1299 736 1349 πληρῶν
758 1300 801 1335 τὸ
822 1299 1114 1348 διατεταγμένον,
1132 1298 1195 1336 ἀλλ
1222 1299 1328 1348 ἆρμό-
1398 1304 1419 1337 l
1465 1302 1503 1337 Si
1534 1303 1612 1347 quis
1645 1307 1764 1338 autem
1787 1313 1861 1338 11011
1884 1303 1931 1338 im
1957 1303 2033 1337 lens
2058 1302 2152 1347 quod
2176 1302 2387 1347 dispositum
2411 1308 2476 1346 est,

243 1358 373 1382 σαντος
396 1347 452 1390 τῷ
476 1349 701 1391 τετιμημένῳ
726 1347 791 1380 τοῦ
815 1345 1123 1392 καταλειφθέντος
1147 1349 1186 1380 ἐκ
1201 1346 1327 1394 ψήφου
1398 1347 1460 1382 sed
1485 1347 1568 1383 dum
1593 1350 1774 1392 competat
1798 1348 1830 1383 ei
1853 1348 1914 1393 qui
1963 1351 2133 1383 oneratus
2158 1349 2223 1390 est,
2255 1348 2351 1392 quod
2374 1348 2477 1383 relic-

243 1389 445 1435 δικαστικῆς
485 1387 731 1436 ὑπομνησθεὶς
774 1390 941 1425 ένιαυτὸν
985 1387 1070 1425 ὅλον
1104 1390 1245 1426 ἑλκύσαι
1278 1390 1327 1436 μὴ
1399 1395 1474 1427 tum
1500 1396 1563 1435 est,
1595 1395 1632 1428 et
1654 1403 1699 1428 ex
1723 1393 1865 1429 decreto
1888 1392 2015 1428 iudicis
2039 1392 2241 1428 admonitus
2266 1403 2398 1428 annum
2421 1395 2476 1428 to-

242 1435 418 1481 πράττων
440 1437 547 1471 τοῦτο
571 1432 660 1483 ὅπερ
685 1434 934 1481 προςετάχθη,
964 1436 996 1469 εἰ
1018 1439 1083 1480 μέν
1106 1448 1159 1471 τις
1183 1439 1330 1471 ἐκείνων
1343 1439 1382 1470 25
1397 1438 1474 1471 tum
1505 1437 1739 1489 protraxerit,
1775 1448 1848 1473 non
1879 1448 1987 1481 agens
2019 1437 2087 1472 hoc
2118 1437 2214 1482 quod
2245 1441 2478 1490 praeceptum

242 1482 294 1524 εἴη
318 1482 396 1516 τιόν
419 1477 488 1515 οἷνα
514 1482 690 1516 καστικᾱίς
715 1484 753 1515 ἐκ
774 1483 840 1514 τοῦ
860 1480 971 1525 νόμου
989 1494 1025 1515 τι
1047 1479 1328 1526 λαμβανόντων,
1399 1485 1462 1524 est,
1495 1492 1525 1517 si
1557 1482 1698 1527 quidem
1727 1482 1854 1528 aliquis
1885 1483 2027 1518 illorum
2051 1482 2170 1525 fuerit,
2195 1493 2255 1527 qui
2279 1483 2478 1518 necessarie

241 1526 289 1560 εἰς
319 1525 444 1560 πλεῖον
479 1494 519 1560 ἐς
543 1522 565 1568 ἢ
595 1521 683 1559 καθ’
717 1522 805 1560 ὅσον
830 1521 849 1559 ὁ
879 1525 988 1571 νόμος
1020 1524 1119 1569 αὐτῷ
1153 1524 1330 1560 δίδοσθαι
1398 1537 1443 1561 ex
1473 1526 1551 1570 lege
1581 1527 1799 1572 percipiunt,
1831 1527 1869 1562 in
1898 1528 1980 1573 plus
2013 1529 2142 1570 autem,
2171 1537 2277 1572 quam
2301 1527 2397 1572 quod
2419 1528 2478 1563 lex

239 1569 410 1614 βούλεται
441 1573 644 1617 γέγραπται
668 1568 898 1615 κληρονόμος,
930 1571 1105 1604 τοσοῦτον
1127 1569 1329 1616 λαμβάνειν
1399 1571 1432 1606 ei
1448 1571 1526 1606 dari
1545 1572 1631 1614 vult,
1648 1572 1802 1617 scriptus
1819 1575 1874 1607 est
1890 1573 2004 1615 heres,
2022 1574 2163 1607 tantum
2181 1572 2336 1617 accipiat
2352 1572 2476 1614 solum,

238 1614 365 1660 μόνον,
398 1611 535 1650 ὁπόσον
559 1611 578 1649 ὁ
602 1614 710 1659 νόμος
741 1612 840 1658 αὐτῷ
867 1612 1044 1649 δίδοσθαι
1069 1614 1160 1649 κατὰ
1184 1615 1252 1659 τὴν
1273 1629 1327 1650 τε·
1398 1619 1570 1660 quantum
1591 1616 1649 1651 lex
1672 1617 1705 1651 ei
1729 1617 1808 1652 dari
1831 1618 2027 1653 secundum
2051 1621 2214 1662 quartam
2238 1620 2301 1652 aut
2324 1617 2370 1652 ab
2387 1617 2476 1652 inte-

239 1659 378 1705 τάρτην
409 1662 485 1694 τῶν
516 1659 555 1699 ἐξ
585 1657 785 1694 ἀδιαθέτου
819 1662 951 1705 μοῖραν
992 1663 1179 1707 συγχωρεῖ,
1215 1659 1258 1695 τὸ
1290 1658 1330 1694 δὲ
1342 1662 1384 1694 30
1399 1662 1493 1696 stato
1543 1664 1656 1696 artem
1680 1661 1852 1706 coneedit,
1877 1662 1974 1697 aliud
1997 1672 2080 1698 vero
2105 1664 2220 1697 totum
2241 1661 2381 1697 auferri.
2429 1662 2478 1697 Et

241 1704 325 1740 ἄλλο
353 1704 497 1749 σύμπαν
523 1702 775 1752 ἀφαιρεῖσθαι,
800 1707 859 1737 καὶ
883 1705 915 1739 εἰ
937 1706 1004 1748 μὲν
1027 1708 1086 1738 καὶ
1101 1707 1218 1752 ἕτεροί
1235 1717 1329 1740 τινες
1398 1706 1429 1741 Si
1452 1672 1593 1751 quigem
1613 1706 1719 1741 etiam
1736 1707 1797 1741 alii
1817 1706 1960 1751 quidam
1984 1707 2108 1752 scripti
2127 1709 2212 1742 sunt
2229 1707 2388 1751 heredes,
2413 1707 2476 1742 ad-

239 1753 477 1798 γεγραμμένοι
507 1749 720 1796 τυγχάνουσι
749 1748 979 1807 κληρονόμοι,
1003 1749 1219 1796 προςαύξειν
1242 1753 1328 1784 έκεί-
1399 1761 1561 1786 crescere
1598 1750 1668 1786 illis
1706 1751 1902 1787 secundum
1934 1755 2072 1797 partem
2105 1751 2357 1797 institutionis,
2387 1762 2478 1796 quae

229 1807 316 1830 vmus
339 1794 431 1829 κατὰ
458 1794 502 1829 τὸ
520 1798 625 1841 μέρος
643 1795 706 1838 τῆς
727 1796 937 1837 ἐνστασεως,
958 1793 1048 1841 ὅπερ
1069 1794 1210 1839 ἑκάστῳ
1225 1807 1327 1841 προς·
1397 1796 1589 1840 unicuique
1609 1795 1801 1832 distributa
1817 1799 1887 1840 est3
1908 1796 1938 1832 si
1953 1806 2035 1832 vero
2053 1796 2172 1832 nullus
2192 1798 2283 1832 alter
2297 1797 2344 1832 sit
2362 1797 2477 1837 heres,

241 1843 439 1886 νενέμηται.
495 1841 545 1874 Εἰ
580 1838 620 1874 δὲ
653 1837 776 1884 μηδεὶς
811 1838 911 1875 ἄλλος
947 1840 1000 1883 εἴη
1037 1838 1272 1887 κληρονόμος,
1306 1836 1327 1882 ἢ
1397 1843 1462 1876 aut
1490 1841 1563 1876 sint
1595 1841 1737 1886 quidem
1767 1841 1892 1886 scripti
1922 1841 2080 1886 quidam,
2110 1851 2182 1877 non
2206 1845 2324 1877 autem
2348 1842 2479 1877 adeant

239 1884 383 1929 τύχοιεν
410 1887 476 1930 μὲν
506 1888 747 1939 γεγραμμένοι
777 1888 884 1929 τινές,
919 1883 970 1929 μὴ
1002 1889 1183 1932 προςίοιεν
1210 1884 1251 1920 δὲ
1272 1887 1325 1929 τῷ
1342 1888 1382 1920 35
1397 1886 1639 1930 hereditatem,
1664 1890 1752 1922 tunc
1776 1887 1872 1932 quod
1895 1886 2057 1922 aufertur
2073 1886 2249 1922 adiciatur
2265 1886 2342 1922 aliis
2358 1887 2478 1930 rebus,

239 1929 373 1977 κλήρῳ,
396 1932 593 1973 τηνικαῦτα
616 1944 659 1965 το
685 1927 958 1976 ἀφαιρούμενον
974 1943 1002 1965 π
1025 1931 1233 1965 οςτιθέσθω
1253 1934 1328 1965 τοῖς
1398 1935 1434 1966 et
1464 1931 1611 1966 licentia
1641 1932 1857 1976 praebeatur
1887 1935 1923 1967 et
1951 1931 2133 1975 legatariis
2165 1935 2200 1966 et
2229 1930 2478 1966 fideicommis-

242 1974 360 2011 ἄλλοις
384 1974 605 2022 πράγμασιν,
630 1978 691 2009 καὶ
715 1973 821 2009 ἄδεια
845 1979 1002 2021 παρεχέσ
1035 1988 1065 2009 ω
1090 1978 1150 2009 καὶ
1173 1974 1326 2023 ληγατα-
1398 1976 1502 2012 sariis
1533 1980 1568 2011 et
1599 1977 1708 2012 servis
1739 1977 1904 2012 libertate
1933 1976 2119 2012 honoratis
2143 1976 2242 2011 adire
2266 1978 2303 2011 et
2324 1975 2394 2011 hoc
2417 1976 2478 2010 ad-

240 2024 331 2066 ρίσις
368 2024 428 2054 καὶ
463 2018 838 2067 φιδεϊκομμισσαρίοις
868 2023 928 2054 καὶ
958 2021 1110 2054 οἰκέταις
1141 2019 1330 2065 ἐλευθερίᾳ
1398 2021 1549 2075 quirere,
1581 2021 1632 2057 ita
1661 2025 1702 2056 ut
1725 2022 1888 2057 omnibus
1912 2021 2025 2056 modis
2051 2022 2145 2066 quod
2168 2023 2401 2066 praeceptum
2425 2025 2479 2056 est

239 2065 429 2110 τιμηθεῖσι
452 2067 635 2113 προςιέναι
658 2068 715 2099 καὶ
739 2066 842 2099 τοῦτο
859 2065 1092 2107 οἰκειοῦσθαι,
1114 2061 1168 2111 ἐφ’
1190 2064 1220 2109 ᾧ
1240 2066 1329 2100 πᾶσι
1398 2066 1607 2112 mpleatur:
1645 2067 1812 2103 cautione
1835 2066 1999 2103 videlicet
2021 2067 2120 2112 prius
2145 2067 2190 2102 ab
2215 2065 2266 2102 eis
2289 2066 2398 2110 facta,
2423 2076 2476 2101 se-

239 2109 386 2156 τρόπσις
416 2109 458 2145 τὸ
482 2112 795 2158 προςτεταγμένον
817 2108 1023 2156 πληρῶσαι·
1053 2105 1100 2144 οἷσ
1131 2108 1248 2144 αλείας
1272 2109 1329 2154 δη·
1343 2112 1386 2144 40

240 2153 332 2199 λαδὴ
364 2154 545 2204 πρότερον
567 2153 651 2202 παρ’
679 2152 801 2189 αὐτῶν
822 2157 1016 2202 γινομένης,
1044 2124 1217 2201 ‚sagense
1242 2152 1288 2190 ἂν
1311 2152 1331 2189 ὁ

286 2238 359 2268 cap.
384 2225 409 2258 Ι
427 2226 604 2258 summaria
628 2225 746 2258 habent
767 2219 893 2258 ‘Ponat
913 2232 958 2265 24,
971 2231 1008 2259 38
1034 2231 1064 2258 et
1087 2225 1273 2269 Anonymus
1296 2224 1503 2258 Bodleianus
1528 2237 1581 2268 ap.
1608 2224 1796 2259 Zachariae
1816 2220 2006 2258 Ἀνέκδοτα
2027 2237 2063 2269 p.
2087 2232 2148 2259 212.

237 2364 351 2407 parte
375 2371 420 2395 ne
448 2359 559 2395 lectas
583 2358 793 2403 invenimus,
825 2369 888 2394 eas
911 2357 1173 2393 instaurandas
1195 2358 1493 2401 existimavimus,
1517 2362 1554 2394 et
1578 2362 1649 2394 tam
1672 2359 1928 2411 superstitibus
1950 2359 2178 2394 securitatem
2202 2370 2252 2395 ex
2275 2360 2349 2395 illis
2368 2372 2476 2407 prae-

242 2406 266 2442 2
312 2371 480 2440 standgm
530 2414 613 2439 uam
637 2403 822 2449 defunctis
844 2403 1018 2439 honorem
1041 2402 1125 2438 inde
1141 2402 1433 2449 persolvendum.
1528 2403 1685 2438 Primum
1713 2404 1829 2449 iqitur
1857 2403 1950 2438 illud
1973 2403 2274 2439 considerandum
2299 2410 2363 2447 est,
2388 2405 2473 2446 aliis

245 2449 478 2486 testatoribus
521 2459 621 2496 eqem
645 2448 894 2484 necessitatem
917 2447 965 2483 im
995 2458 1105 2483 onere
1133 2451 1282 2494 partem
1306 2447 1467 2493 aliquam
1483 2449 1658 2494 personis
1681 2448 1896 2495 quibusdam
1922 2447 2102 2484 tribuendi
2125 2452 2252 2495 utpote
2274 2449 2375 2495 quod
2395 2450 2476 2496 ipso

239 2496 320 2531 iure
348 2499 504 2530 naturae
533 2495 586 2529 eis
614 2493 803 2536 debeatur,
835 2493 933 2530 velut
976 2492 1086 2528 iberis
1108 2497 1145 2528 et
1168 2492 1380 2539 nepotibus,
1439 2492 1579 2528 utribus
1611 2497 1648 2528 et
1669 2493 1856 2536 matribus,
1887 2493 2068 2529 interdum
2091 2493 2199 2528 etiam
2221 2493 2418 2538 fratribus,
2442 2499 2477 2530 et

239 2541 272 2576 si
304 2551 413 2587 quam
444 2538 621 2575 eiusmodi
646 2549 843 2585 personam
872 2538 929 2574 vel
956 2538 1053 2573 inter
1080 2548 1144 2573 eos
1174 2538 1239 2589 qui
1269 2548 1318 2573 σω
1348 2548 1395 2572 no
1421 2538 1453 2572 is
1482 2542 1584 2579 sunt,
1617 2537 1674 2573 vel
1703 2548 1754 2573 ex
1784 2537 1913 2583 quibus
1936 2548 2005 2573 nos
2026 2548 2160 2579 sumus,
2192 2537 2289 2584 leqes
2311 2549 2475 2574 numera-

242 2589 389 2627 verunt;
420 2585 505 2620 aliis
534 2594 620 2620 vero
651 2583 789 2618 nullam
820 2582 1026 2618 incumbere
1051 2585 1300 2618 necesmtatem
1317 2585 1466 2628 partem
1490 2582 1651 2628 aliquam
1675 2582 1850 2617 bonorum
1873 2592 2022 2617 suorum
2046 2582 2214 2627 cuiquam
2237 2582 2475 2628 relinquendi,

240 2630 306 2666 sed
327 2640 395 2664 suo
419 2629 574 2664 arbitrio
598 2631 698 2663 stare
721 2627 974 2663 liberalitatem
998 2626 1048 2662 ad
1070 2637 1328 2672 quemcumque
1350 2626 1506 2663 voluerit
1529 2630 1681 2662 testator
1704 2627 1976 2673 conferendam.

376 2674 404 2708 Ι.
441 2673 513 2708 His
540 2673 656 2720 iqitur
679 2683 702 2707 a
725 2672 830 2707 nobis
861 2675 946 2708 ante
978 2671 1167 2718 dispositis
1196 2671 1380 2706 sancimus
1402 2672 1467 2714 iis,
1524 2671 1563 2706 ui
1586 2671 1735 2707 heredes
1757 2682 1781 2706 a
1803 2671 2016 2717 quibusdam
2039 2670 2169 2717 scripti
2191 2674 2278 2706 sunt
2299 2671 2355 2707 vel
2372 2671 2473 2716 fidei—

241 2719 443 2761 commissa,
459 2717 680 2754 universalia
696 2721 794 2764 puta
817 2721 883 2753 aut
903 2717 1132 2764 sinqularum
1147 2727 1280 2759 rerum,
1304 2716 1360 2752 vel
1382 2717 1490 2752 etiam
1518 2728 1538 2752 e
1565 2720 1627 2752 ata
1646 2726 1711 2752 acc
1757 2720 1874 2759 erunt,
1889 2715 2134 2752 necessitatem
2150 2715 2354 2752 incumbere
2365 2726 2474 2768 quae—

243 2774 395 2810 cumque
428 2766 582 2799 testator
605 2762 662 2798 vel
690 2763 754 2808 qui
778 2773 841 2797 eos
864 2762 1061 2798 honoravit
1077 2762 1313 2808 praeceperit
1335 2762 1433 2797 omni
1455 2772 1513 2797 mo
1542 2772 1568 2801 ο,
1587 2761 1720 2808 implen
1746 2761 1776 2803 ι’,
1799 2762 1833 2796 si
1855 2760 1955 2808 quod
1975 2761 2174 2796 iniunctum
2198 2767 2253 2796 est
2279 2760 2313 2796 le
2338 2761 2475 2796 ittmum

241 2810 299 2851 sit,
325 2812 391 2844 aut
413 2808 483 2842 nisi
508 2808 570 2843 lea:
594 2807 732 2853 aliqua,
757 2807 898 2843 etiamsi
921 2818 995 2843 non
1015 2807 1086 2852 fiat
1109 2807 1154 2842 ab
1178 2817 1232 2849 eo,
1257 2807 1321 2852 qui
1344 2806 1548 2842 honoratus
1570 2811 1635 2851 est,
1661 2811 1778 2842 tamen
1800 2806 1840 2841 id
1861 2810 1982 2841 ratum
2005 2815 2082 2841 esse
2103 2815 2277 2851 expresse
2324 2805 2472 2841 eclarat.

241 2855 263 2891 1
309 2851 416 2897 Quod
442 2853 475 2888 si
505 2853 587 2904 quis
618 2863 691 2887 non
725 2852 876 2904 impleat
914 2852 1014 2898 quod
1041 2855 1282 2899 praeceptum
1311 2855 1382 2895 est,
1419 2851 1502 2895 sed,
1541 2862 1621 2887 cum
1655 2862 1733 2887 com
1761 2854 1837 2886 etat
1871 2850 1972 2897 quod
1998 2850 2162 2885 relictum
2195 2854 2249 2886 est
2277 2849 2472 2892 honorato,

242 2898 422 2934 sententia
441 2897 607 2933 iudiciali
626 2897 831 2932 admonitus
848 2898 1029 2944 inteqrum
1047 2907 1182 2932 annum
1200 2897 1361 2932 traaeerit
1376 2907 1449 2932 non
1466 2908 1580 2943 aqens
1596 2895 1636 2932 id
1646 2907 1718 2943 quo
1763 2896 1979 2942 imperatum
1994 2899 2058 2937 est,
2075 2895 2107 2929 si
2123 2894 2266 2946 quidem
2282 2905 2332 2930 ex
2349 2905 2474 2931 eorum

242 2954 392 2979 numero
416 2943 484 2986 sit,
514 2942 578 2988 qui
601 2942 804 2978 necessario
829 2953 878 2978 eoe
902 2942 981 2989 leqe
1003 2941 1145 2988 aliquid
1167 2941 1336 2988 capiunt,
1368 2942 1407 2976 in
1424 2941 1516 2988 plus
1539 2945 1658 2977 autem
1681 2951 1790 2987 quam
1812 2944 1988 2987 quantum
2011 2940 2074 2975 lex
2097 2951 2129 2975 et
2153 2939 2236 2975 dan·
2260 2939 2347 2982 vult,
2371 2938 2474 2975 heres

241 2988 401 3035 scriptus
423 2988 483 3030 sit,
509 2991 647 3022 tantum
672 2988 796 3034 capiat
811 2987 940 3030 solum,
964 2992 1138 3034 quantum
1163 2987 1226 3022 lex
1248 2997 1319 3033 pro
1345 2991 1479 3033 quarta
1497 2991 1609 3033 parte
1633 2986 1678 3022 ab
1702 2986 1872 3022 intestato
1891 2986 1964 3037 ipsi
1979 2984 2063 3020 dari
2079 2985 2272 3032 permittit,
2295 2984 2474 3035 reliquum

242 3044 327 3069 vero
353 3043 456 3069 omne
479 3032 512 3067 ei
536 3032 743 3078 auferatur,
767 3037 803 3067 et
824 3033 857 3067 si
880 3032 945 3067 alii
968 3043 1112 3078 quoque
1136 3031 1285 3068 heredes
1307 3032 1436 3078 scripti
1458 3035 1554 3074 sunt,
1578 3031 1652 3066 illis
1672 3041 1744 3084 pro
1795 3034 1874 3066 arte
1896 3029 2134 3065 institutionis
2155 3040 2249 3075 quae
2262 3029 2391 3076 cuique
2412 3033 2472 3064 trt-

242 3078 330 3114 buta
347 3082 402 3114 est
425 3081 618 3112 accrescat.
667 3076 733 3112 Sin
757 3077 878 3112 nullus
901 3077 997 3113 alius
1013 3076 1117 3113 heres
1132 3078 1191 3120 sit,
1217 3080 1282 3112 aut
1298 3077 1331 3112 si
1347 3077 1478 3122 scripti
1517 3076 1635 3112 uidem
1650 3080 1723 3112 sint
1742 3087 1765 3111 a
1779 3075 1868 3121 iqui,
1893 3074 2124 3111 hereditatem
2140 3085 2225 3110 vero
2239 3085 2313 3110 non
2328 3072 2473 3115 adeant,

244 3127 329 3159 tunc
351 3122 452 3170 quod
475 3122 647 3167 aufertur
671 3122 820 3168 reliquis
844 3122 948 3157 bonis
971 3122 1164 3165 adiciatur,
1190 3127 1225 3158 et
1249 3122 1354 3158 venia
1373 3121 1479 3157 detur
1516 3122 1692 3168 eqatariis
1711 3125 1747 3157 et
1763 3119 2108 3166 fideicommissariis
2124 3125 2160 3155 et
2177 3119 2290 3155 servis
2309 3118 2474 3155 libertate

243 3168 436 3203 honoratis
459 3166 618 3203 adeundi
640 3171 675 3202 et
695 3178 738 3202 ea
762 3167 982 3210 vindicandi,
1006 3167 1060 3202 ita
1086 3171 1216 3210 tamen,
1240 3171 1283 3203 ut
1305 3166 1470 3202 omnibus
1493 3165 1609 3201 modis
1632 3165 1733 3212 quod
1749 3169 1987 3212 praeceptum
2011 3168 2066 3200 est
2088 3163 2283 3211 impleant;
2306 3164 2473 3199 cautione

290 3295 303 3325 1
344 3289 434 3344 αὖξὸ
466 3293 497 3326 L
521 3293 533 3336 n
561 3295 579 3327 7
612 3290 772 3346 ἑκγόνρις
803 3293 834 3325 L
858 3292 870 3331 ΙΙ
899 3287 1075 3336 πατράσι]
1106 3293 1209 3326 παισὶ
1235 3291 1287 3325 ΜῚ
1312 3291 1326 3345 fl
1395 3291 1437 3324 38
1473 3290 1752 3344 fidioomissariocs
1789 3290 1828 3330 (s.
1860 3302 1889 3323 v.
1926 3286 2034 3334 ἤγουν
2070 3285 2137 3330 τὴν
2181 3283 2473 3342 ἀποκατάστασιν

245 3337 264 3369 8
289 3333 369 3369 ἔσθ’
397 3349 458 3370 οτε
483 3337 534 3379 M]
566 3340 626 3371 καὶ
649 3336 725 3371 ἔσθ
759 3332 821 3371 ὅτε
844 3333 938 3370 LB2
1002 3339 1038 3370 11
1065 3339 1136 3371 τινὶ
1161 3335 1216 3381 Μ]
1241 3349 1325 3370 τινα
1395 3333 1655 3379 λαμβανουσιν)
1673 3335 1716 3367 Μ
1735 3331 2053 3379 φειὸικομισαρίοις
2077 3331 2328 3385 Ζῆἕ-ιῠίῌιιυτου
2354 3332 2411 3364 M‘

244 3377 338 3434 {132
370 3393 389 3417 ἲ
411 3383 423 3423 ΙΙ
450 3384 489 3436 1?
521 3377 757 3423 αὗτεὲθυθῖωέ
782 3382 829 3415 L¹
856 3382 868 3426 ΙΙ
892 3384 932 3435 19
989 3381 1198 3436 dimmiflffffln
1231 3379 1326 3424 (ἦτοι
1443 3395 1457 3426 1
1485 3392 1641 3425 morienti
1664 3391 1763 3435 11113
1789 3382 2038 3433 recogffaidum
2066 3388 2182 3433 7112
2205 3388 2304 3422 eisin
2325 3389 2423 3421 litura
2440 3387 2471 3420 R

245 3436 577 3460 αποκαταστασεων
606 3441 633 3461 s.
657 3441 688 3461 v.
714 3427 784 3468 ΜΞ)
817 3427 862 3460 Μ
903 3437 1232 3461 αποκαταστασεως
1256 3427 1291 3459 Β
1315 3426 1326 3469 ΙΙ
1396 3437 1426 3470 ei
1447 3436 1502 3481 Vn
1522 3449 1564 3470 an
1587 3436 1643 3469 sed
1667 3446 1744 3469 suae
1757 3436 1928 3479 potestatis
1948 3438 1997 3468 est
2012 3434 2149 3476 largitas
2164 3432 2181 3464 7
2196 3434 2279 3474 (sim.
2297 3431 2440 3473 Cautius)
2459 3430 2472 3475 ΙΙ

246 3472 286 3504 17
313 3467 334 3512 ἢ
357 3473 560 3525 πρεσβείων
583 3474 658 3523 ἐκαὶ
681 3470 851 3528 ληγάξων
863 3484 890 3504 s.
905 3485 935 3505 v.
950 3471 1093 3510 L²)LB
1118 3473 1166 3515 5ss
1189 3467 1280 3514 ὅπερ
1296 3471 1325 3503 L
1399 3484 1438 3516 15
1463 3484 1596 3520 merant
1616 3481 1736 3524 V¹T1n
1761 3483 1800 3515 18
1825 3479 1877 3524 ex]
1903 3480 1964 3513 del.
1978 3479 2038 3520 ΒΞ,
2061 3488 2099 3511 ea
2119 3477 2194 3520 ΙΤἸΙ
2220 3478 2262 3511 20
2276 3476 2348 3519 qui]
2362 3485 2403 3518 q·
2427 3477 2469 3508 V¹

243 3514 256 3559 ΙΙ
279 3516 322 3548 20
354 3516 453 3555 αυτυ]
491 3528 601 3549 αυτου
630 3530 657 3551 s.
683 3529 806 3551 αυτων
837 3515 887 3550 Lb
913 3517 926 3559 ss
954 3515 1012 3570 221,
1037 3516 1113 3549 ἐστὶ
1141 3530 1167 3551 ⁸-
1188 3530 1219 3551 v·
1245 3515 1293 3549 L²
1315 3515 1328 3560 ΙΙ
1394 3525 1408 3572 ῃ
1431 3527 1474 3561 23
1499 3527 1570 3568 qui]
1595 3526 1684 3567 quod
1717 3526 1759 3558 νε
1786 3526 1798 3568 ιι
1822 3527 1865 3559 24
1895 3527 1928 3558 et
1951 3535 1990 3557 ex
2014 3525 2071 3561 (ει
2101 3521 2163 3562 12¹)
2186 3522 2269 3562 ΒΤ]
2302 3522 2401 3553 etiam
2431 3531 2470 3553 ex

246 3561 285 3593 21
321 3554 517 3604 ἀποφαίνοι
549 3562 747 3596 Haloanrler
775 3562 787 3605 ss
817 3563 860 3595 23
892 3562 931 3594 ἐκ
962 3564 1097 3605 ψηφου]
1134 3563 1167 3594 et
1198 3571 1237 3594 ex
1272 3560 1328 3593 de·
1405 3573 1435 3604 V
1457 3572 1500 3604 al,
1525 3570 1538 3614 ss
1561 3572 1603 3604 26
1627 3578 1741 3603 eorum
1764 3570 1838 3603 VT¹
1864 3569 1877 3614 n
1902 3570 1942 3603 27
1969 3578 2066 3610 quam
2091 3579 2149 3599 om.
2171 3565 2225 3609 Vfl
2244 3567 2285 3599 28
2309 3565 2468 3607 seriptum

244 3606 334 3637 creto
359 3615 379 3640 ς
396 3605 466 3646 1124
492 3602 641 3638 ἑλκοίσει
661 3606 803 3645 (ἑκοίσει
817 3607 880 3647 La)
894 3606 926 3639 L
944 3605 956 3650 ΙΙ
973 3607 1014 3639 29
1033 3609 1159 3652 τρίτην
1172 3606 1257 3640 L¹B
1270 3607 1327 3648 (Cf
1397 3616 1445 3649 ΕΙ
1469 3615 1482 3658 u
1502 3617 1632 3647 tantum
1664 3621 1682 3648 ε
1712 3614 1818 3648 solum
1849 3614 1992 3656 accipiat
2015 3612 2048 3646 R
2067 3610 2080 3654 fl
2106 3611 2148 3644 29
2172 3609 2258 3653 dari]
2290 3609 2366 3642 uult
2390 3610 2468 3643 add.

246 3645 306 3683 ΒΣ
331 3647 394 3692 ΔΗ]
414 3650 450 3682 31
481 3650 547 3701 καὶ.
589 3658 636 3682 ost
658 3652 725 3693 μὲν
749 3665 807 3683 om.
831 3651 860 3684 L
879 3650 892 3694 ΙΙ
914 3653 955 3683 37
981 3647 1084 3684 ἄδεια
1109 3649 1327 3695 παρεχέοθω
1399 3661 1429 3694 R
1447 3659 1460 3702 u
1476 3662 1534 3692 aut
1558 3661 1619 3693 del.
1636 3649 1721 3703 vu'ly.
1741 3660 1811 3703 1133
1831 3658 2018 3691 deseributn
2029 3653 2114 3735 13¹3
2130 3657 2171 3689 35
2188 3654 2277 3696 quod
2300 3666 2358 3688 om.
2391 3653 2435 3688 1⁷¹
2457 3654 2470 3698 u

245 3693 441 3730 Haloamler
465 3705 494 3737 ς,
525 3706 546 3725 α
572 3706 649 3726 ειαν
680 3698 864 3739 παρεχέτω
899 3695 1007 3728 MLB
1035 3695 1047 3740 [ξ
1077 3698 1137 3729 καὶ
1171 3709 1228 3729 om.
1263 3695 1294 3728 L
1317 3693 1329 3739 ΙΙ
1398 3706 1440 3739 36
1464 3706 1497 3737 gt
1520 3704 1701 3747 legatariis]
1727 3703 1859 3747 quidem
1883 3700 2051 3744 legatariis
2162 3739 2167 3744 ·
2194 3740 2199 3745 ⁸
