2618 4010
310 183 419 226 Nov.
448 181 625 226 XCVIII
653 194 714 237 pr.
1372 175 1460 224 478
1726 189 1875 231 unone
1893 193 2036 225 vnum
2064 192 2186 231 ouon
2214 192 2278 222 nx
2297 190 2417 223 nom
2444 182 2525 224 nea*
2598 224 2600 227 ,

309 291 405 337 λόγῳ
422 289 633 336 διορίζομεν,
652 287 741 324 ὥςτε
757 287 818 348 ἐφ’
837 281 891 324 οἷν
907 291 1008 324 ἐστιν
1031 288 1051 323 ὁ
1075 289 1139 333 τῆς
1161 291 1388 335 οννειςφορᾶς
1456 289 1523 325 rali
1555 298 1715 325 sermone
1744 290 1982 334 decernimus,
2012 293 2229 338 quapropter
2256 291 2294 326 in
2319 290 2447 335 quibus
2470 293 2526 326 est

309 333 427 382 λόγος,
462 337 522 370 ἐπὶ
552 336 695 370 τούτων
729 349 790 369 και
823 337 893 378 τὴν
924 333 1092 375 διάταξιν
1125 338 1280 380 κρατεῖν,
1317 335 1387 369 εἴτε
1457 333 1658 370 collationis
1679 333 1783 376 ratio,
1806 334 1843 369 in
1865 335 1922 371 hie
1942 339 1978 372 et
1997 337 2286 373 constitutionem
2298 336 2429 377 valere,
2454 335 2527 370 sive

309 380 429 425 πατὴρ
460 380 532 414 εἴτε
555 380 705 416 πάππος
733 380 805 415 εἴτε
826 380 944 426 μήτηρ
973 379 1044 413 εἴτε
1065 375 1192 423 μάμμη
1217 379 1287 414 εἴτε
1309 381 1387 414 τῶν
1453 382 1558 424 pater
1588 378 1661 414 sive
1691 389 1778 414 avus
1808 379 1881 415 eive
1908 382 2022 417 mater
2043 382 2116 418 sive
2138 382 2222 417 avia
2245 384 2308 416 aut
2330 379 2524 416 ascenden-

309 422 483 470 ἀνωτέρω
502 439 539 459 τι
560 424 782 468 καθεστήκοι
806 425 1020 468 προςιόπων.
1454 424 1543 459 tium
1567 423 1688 468 aliqua
1710 423 1758 459 sit
1778 433 1944 469 persone..

370 467 658 517 <Ἐπίλογος.>
718 469 766 503 Τὰ
796 473 921 504 τοίνυν
944 466 1186 514 παραστάντα
1209 467 1296 514 ἡμῖν
1326 472 1386 503 καὶ
1422 472 1441 503 5
1521 468 1787 514 (Epilogus.)
1843 469 1943 513 Quae
1975 469 2082 514 igitur
2112 471 2326 516 placuerunt
2355 470 2458 506 nobis
2490 473 2527 505 et

308 511 368 547 διὰ
391 513 499 548 τοῦδε
529 516 594 550 τοῦ
619 515 723 550 θείου
747 512 949 558 δηλούμενα
978 513 1090 558 νόμου
1122 512 1142 557 ἡ
1166 514 1210 557 σὴ
1234 511 1387 560 ὑπεροχὴ
1454 523 1520 558 per
1550 513 1644 549 hanc
1675 523 1815 549 Sacram
1845 514 2024 550 insinuata
2055 519 2139 551 eunt
2162 517 2290 560 legem,
2328 518 2393 551 tua
2423 514 2525 551 celsi-

308 556 368 592 διὰ
381 561 671 607 προςταγμάτων
686 561 829 594 οἰκείων
845 558 983 605 φανερὰ
999 560 1089 595 πᾶσι
1098 559 1277 638 §effluam
1293 559 1386 594 κατὰ
1453 558 1540 594 tudo
1564 569 1630 604 per
1643 563 1906 638 programmata
1929 560 2076 604 propria
2096 561 2285 597 manifesta
2309 561 2428 596 facere
2449 560 2527 595 uni-

306 603 349 637 τὸ
367 603 525 648 σύνηθες
548 605 860 650 παρασκευασάτω
883 607 944 638 καὶ
967 604 1015 639 εἰς
1037 604 1080 639 τὸ
1121 606 1253 648 ιηνεκὲς
1270 616 1322 639 πα
1348 617 1386 638 α-
1454 604 1565 639 versis
1589 603 1807 640 solemniter
1828 607 1999 649 procuret
2026 606 2063 640 et
2091 605 2128 640 in
2150 611 2362 651 perpetuum
2385 614 2527 642 servare

357 647 503 684 λάττειν
527 649 728 685 σπευσάτω.
802 650 885 685 Dat.
898 660 961 684 xv.
979 649 1015 684 k.
1033 649 1120 685 Dec.
1139 649 1206 685 GP.
1223 650 1308 695 imp.
1350 660 1384 685 n.
1422 649 1608 685 efestiuet.
1696 649 1777 684 Dat.
1803 649 1875 684 kal.
1908 649 2076 685 Decemb.
2107 649 2226 695 (imp.)
2255 650 2313 688 dn.
2339 644 2527 687 Iustiniani

325 695 493 730 ustiniani
510 706 570 741 pp.
591 697 682 740 Aug.
703 705 798 731 anno
811 694 910 730 XIII.
929 695 1068 739 Apione
1083 706 1114 731 v.
1129 706 1160 731 c.
1175 705 1273 731 cons.
1360 698 1406 737 [a.
1421 697 1498 737 539]
1566 705 1627 740 pp.
1653 695 1742 739 Aug.
1769 704 1863 730 anno
1879 694 1977 730 XIII.

820 843 875 896 (ΠΙ
1764 849 1926 885 XCVIII.
1974 849 2084 885 Auth.
2095 850 2221 886 XCIX.
2248 851 2525 889 Gon.V111tit.1

306 922 344 956 H
365 920 602 958 ΔΙΑΤΑΞΙΣ
634 922 770 956 ΩΣΤΕ
801 921 954 956 ΜΗΤΕ
987 921 1093 954 ΤΟΝ
1117 920 1280 955 ΑΝΔΡΑ
1312 921 1383 956 ΤΟ
1515 916 1680 961 NEQUE
1698 917 1854 953 VIRUM
1874 917 2003 961 QUOD
2020 917 2087 952 EX
2104 917 2233 953 DOTE
2253 918 2344 954 EST
2363 919 2529 964 NEQUE

306 967 377 1001 ΕΚ
413 967 518 1001 ΤΗΣ
552 967 781 1001 ΠΡΟῙΚΟΣ
822 967 974 1001 ΜΗΤΕ
1015 966 1121 999 ΤΗΝ
1156 966 1384 1000 ΓῩΝΑῙΚΑ
1494 962 1719 998 ULIEREM
1766 962 1832 997 EX
1879 962 2203 998 SPONSALICIA
2248 963 2528 1000 LARGITATE

307 1013 379 1046 TO
404 1013 482 1046 ΕΚ
500 1013 605 1046 ΤΗΣ
634 1013 734 1047 ΠΡΟ
759 1012 942 1046 ΓΑΜΟΥ
962 1011 1155 1045 ΔΩΡΕΑΣ
1186 1011 1385 1046 ΚΕΡΔΟΣ
1453 1007 1654 1043 LUORUM
1678 1007 1927 1044 PROPRIUM
1953 1008 2167 1051 HABERE,
2192 1008 2285 1044 SED
2305 1009 2529 1044 SERVARE

308 1058 658 1098 ΟΙΚΕΙΟΥΣΘΑῙ,
689 1058 821 1092 ΑΛΛΑ
845 1057 1150 1091 (DYAATTEIN
1181 1057 1288 1091 THN
1312 1058 1385 1091 ΔΕ-
1401 1058 1441 1091 15
1455 1052 1705 1088 DOMINIUM
1737 1052 1838 1088 SUIS
1869 1053 2033 1094 FILIIS,
2064 1052 2162 1088 VEL
2195 1054 2238 1089 SI
2267 1054 2333 1089 AD
2358 1054 2529 1090 SECUN-

306 1103 565 1137 ΣΠΟΤΕῙΑΝ
599 1104 721 1137 ΤΟΙΣ
748 1103 957 1137 ΕΑΥΤΩΝ
986 1103 1142 1141 ΠΑΙΣΙ,
1175 1102 1282 1136 ΚΑΝ
1307 1103 1386 1136 ΕΙΣ
1456 1098 1549 1133 DAS
1579 1098 1680 1133 NON
1706 1098 1925 1133 VENIANT
1949 1098 2175 1140 NUPTIAS,
2208 1099 2299 1135 USU
2327 1099 2447 1135 SOLO
2478 1100 2531 1135 IN

359 1148 660 1183 ΔΕΥΤΕΡΟΥΣ
684 1149 766 1183 ΜΗ
790 1148 1087 1182 ΑΦΙΚΟΙΝΤΟ
1113 1147 1339 1182 ΓΑΜΟῩΣ.
1456 1143 1616 1178 LUCRO
1649 1143 1988 1179 CONSISTENTE.
2034 1143 2099 1178 ET
2130 1143 2194 1179 UT
2226 1144 2294 1179 EX
2317 1144 2531 1180 REPUDIO

1457 1188 1829 1224 TRANSIGENTES
1864 1188 2086 1231 NUPTIAS,
2124 1189 2412 1225 LUCRANTES
2447 1189 2530 1226 AU-

1456 1233 1563 1268 TEM
1592 1233 1690 1268 AUT
1719 1234 1891 1270 DOTEM
1920 1234 2019 1270 AUT
2048 1234 2182 1270 ANTE
2211 1234 2418 1271 NUPTIAS
2447 1234 2531 1271 Do-

1400 1284 1443 1317 20
1456 1278 1715 1314 NATIONEM
1755 1279 1819 1314 ET
1854 1279 1946 1315 IPSI
1988 1279 2240 1315 SIMILITER
2281 1280 2532 1316 DOMINIUM

1456 1323 1682 1359 SERVARE
1706 1324 1866 1367 FILIIS,
1896 1324 2027 1360 USUM
2049 1323 2283 1361 HABENTE
2308 1325 2532 1361 PERSONA

1456 1369 1689 1404 COGENDA
1729 1369 1886 1405 FILIOS
1921 1369 2097 1405 ALERE.
2155 1370 2198 1406 SI
2233 1370 2363 1406 VERO
2400 1370 2532 1406 BONA

1456 1414 1642 1450 GRATIA
1673 1414 1965 1451 SOLVANTUR
1993 1415 2206 1450 NUPTIAE
2237 1415 2303 1450 ET
2326 1416 2530 1452 VIDEAN-

1456 1459 1556 1495 TUR
1591 1459 1860 1496 OCCASIONE
1902 1460 2064 1495 DAMNI
2102 1460 2339 1496 DETINERJ
2382 1461 2531 1505 QUAE·

1400 1510 1442 1543 25
1455 1505 1583 1547 ΒΑΜ,
1616 1505 1679 1539 ET
1703 1505 1799 1541 HAG
1822 1505 1955 1540 ARTE
1980 1505 2270 1541 PERIMENDA
2293 1505 2423 1551 QUAE
2446 1506 2531 1541 DE-

1502 1550 1756 1586 TINENTUR
1778 1550 1844 1586 ET
1869 1551 1935 1586 EA
1959 1550 2102 1586 FILIIS
2126 1551 2420 1587 SERVENTUR
2445 1552 2485 1598 ῆι

307 1608 464 1656 Ἐγράφη
479 1607 629 1658 Ἰωάννῃ
653 1610 706 1652 τῷ
729 1607 955 1652 ἐνδοξοτάτῳ
977 1609 1123 1655 ἐπάρχῳ
1147 1608 1189 1643 τὸ
1212 1606 1387 1654 δεύτερον,
1610 1606 1707 1643 Idem
1731 1608 1822 1652 Aug.
1847 1607 1997 1643 Iohanni
2019 1618 2080 1652 pp.
2105 1616 2169 1652 per
2192 1607 2382 1644 Orientem.

427 1652 501 1689 ἀπὸ
527 1652 682 1689 ὑπάτων
705 1651 959 1700 <ὄρδιναρίων>
989 1658 1048 1687 καὶ
1072 1657 1260 1699 πατρικίῳ.

375 1722 678 1769 <Προοίμιον >
730 1721 779 1754 Τὰ
802 1723 870 1765 μὲν
893 1718 947 1754 ἀεὶ
977 1725 1039 1755 καὶ
1061 1719 1229 1756 ώςαύτως
1259 1723 1388 1764 ἔχοντα
1523 1719 1815 1765 (Praefatio.)
1861 1719 1918 1754 Ea
1948 1720 2089 1764 quidem
2113 1730 2204 1764 quae
2223 1730 2362 1773 semper
2383 1722 2468 1757 item
2491 1732 2531 1757 se

309 1766 436 1812 νόμων
458 1764 499 1801 οὐ
525 1765 638 1801 δεῖται
662 1765 848 1808 ποικίλων,
880 1766 923 1800 τὸ
949 1764 1090 1800 ἁπλοῦν
1119 1780 1160 1801 τε
1190 1770 1250 1800 καὶ
1272 1764 1389 1808 πάσης
1402 1769 1444 1801 30
1458 1765 1591 1800 habent
1624 1765 1761 1809 legibus
1796 1774 1868 1800 non
1900 1768 2003 1809 egent
2036 1765 2160 1807 variis,
2200 1765 2461 1811 simplicitatem
2495 1771 2531 1802 et

310 1811 487 1847 ποικιλίας
511 1809 631 1859 ἀμιγὲς
655 1809 826 1854 διηνεκῶς
848 1814 1045 1855 κεκτημένα
1069 1815 1128 1845 καὶ
1143 1811 1311 1857 χρώμενα
1326 1810 1387 1846 νό-
1457 1810 1551 1856 quod
1585 1810 1661 1845 sine
1695 1810 1802 1845 ullius
1836 1809 2051 1845 diversitatis
2085 1810 2240 1846 mixtura
2274 1815 2329 1846 est
2363 1812 2530 1847 continue

308 1869 388 1902 μοις
411 1858 572 1892 αἰωνίοις
601 1871 641 1891 τε
670 1860 730 1890 καὶ
753 1857 869 1891 θείοις
899 1860 959 1890 καὶ
983 1853 1149 1901 οὐδεμιᾶς
1172 1856 1388 1901 ἐπανορθώ-
1457 1855 1676 1901 possidentia
1705 1858 1742 1891 et
1770 1855 1907 1890 utentia
1929 1854 2064 1899 legibus
2090 1856 2312 1901 sempiternis
2339 1867 2384 1892 ao
2407 1857 2529 1900 sacris,

309 1914 399 1937 σεως
415 1900 607 1947 δεομένοις·
631 1902 674 1936 τὸ
697 1900 736 1936 δὲ
755 1898 848 1936 καθ’
868 1898 961 1945 ἡμᾶς
977 1904 1016 1935 ἐν
1036 1903 1080 1948 τῇ
1099 1903 1162 1945 τῆς
1177 1901 1387 1947 παλιρροίας
1453 1902 1552 1936 nulla
1583 1901 1805 1936 correctione
1837 1900 2040 1945 egentibus;
2076 1901 2171 1945 quod
2194 1905 2312 1936 autem
2335 1902 2530 1938 secundum

309 1945 579 1992 ἀπειλημμένον
602 1948 739 1994 ταραχῇ
763 1948 1016 1992 κυβερνητικῆς
1040 1946 1153 1981 δεῖται
1191 1951 1316 1992 σοφίας
1350 1949 1388 1980 ἐκ
1457 1956 1522 1981 nos
1556 1950 1610 1982 est
1641 1946 1678 1980 in
1709 1945 1974 1981 redundationis
2006 1947 2297 1991 comprehensum
2328 1949 2529 1990 tumultum,

308 1994 387 2027 τῶν
402 1993 530 2038 νόμων
554 1995 801 2039 ἐπιγινομένης
824 1995 897 2026 τοῖς
917 1992 1135 2038 πράγμασιν.
1180 1989 1268 2026 dieve
1292 1994 1386 2027 ἐπει-
1399 1993 1442 2026 35
1458 1991 1690 2035 gubernativa
1707 1991 1841 2035 indiget
1857 1990 2033 2035 sapientia
2049 2001 2092 2025 ex
2108 1991 2244 2036 legibus
2261 1993 2530 2037 superveniente

309 2036 422 2084 δήπερ
453 2035 539 2072 οὐδὲ
561 2036 721 2080 δικάζειν
745 2034 892 2071 ὀκνοῦσι
925 2036 1054 2072 πολλαὶ
1085 2041 1250 2082 προςίασι
1280 2035 1387 2079 δίκαι,
1456 2037 1615 2081 negotiis.
1660 2036 1763 2072 Unde
1787 2036 1953 2080 quoniam
1978 2046 2043 2071 nos
2067 2046 2182 2081 neque
2204 2036 2277 2083 <in>
2299 2037 2431 2073 iudicia
2453 2048 2529 2083 seg-

376 2130 460 2164 Nov.
475 2129 646 2163 XCVIII
664 2129 824 2170 (Anthent.
847 2129 975 2162 XCIX
994 2145 1040 2158 =
1067 2129 1147 2162 Call.
1170 2128 1263 2161 VIII
1281 2130 1326 2162 tit.
1345 2130 1378 2164 l:
1403 2129 1515 2172 ylo-ss.)
1544 2127 1669 2162 Graece
1693 2134 1780 2161 extat
1802 2128 1836 2161 in
1861 2127 1906 2160 M
1931 2127 2003 2168 (om.
2029 2127 2121 2170 LB).
2145 2147 2189 2152 —
2218 2129 2310 2172 Epit.
2336 2130 2457 2164 Theod.
2476 2131 2530 2170 98,

309 2175 428 2208 Athan-
455 2177 506 2215 10,
525 2182 550 2207 7.
596 2174 719 2207 Iulian.
745 2181 842 2207 const.
864 2174 962 2207 XCI.

308 2264 403 2299 inter
429 2274 521 2309 quos
544 2262 750 2298 collationis
779 2263 875 2297 ratio
899 2267 968 2304 est,
1001 2261 1045 2296 de
1068 2261 1114 2296 iis
1137 2262 1244 2297 etiam
1273 2263 1481 2299 constitutio
1505 2262 1639 2304 valeat,
1670 2262 1744 2298 sive
1764 2266 1873 2307 pater
1901 2261 1975 2296 sive
1997 2271 2087 2296 avus
2117 2262 2192 2296 sive
2214 2267 2329 2298 mater
2357 2263 2431 2299 sive
2450 2265 2533 2300 avia

307 2310 382 2345 sive
404 2319 500 2355 quae
522 2319 572 2344 ex
594 2306 844 2355 superioribus
864 2307 914 2343 sit
929 2307 1108 2353 personis.

444 2352 688 2400 Epiloqus.
735 2351 835 2395 Quae
865 2352 979 2398 iqitur
1009 2351 1113 2387 nobis
1138 2351 1363 2398 placuerunt
1391 2357 1425 2387 et
1449 2363 1522 2398 per
1546 2351 1640 2387 hanc
1669 2362 1812 2387 sacram
1836 2352 1948 2398 leqem
1979 2351 2214 2386 declarantur
2244 2356 2306 2388 tua
2332 2352 2533 2389 sublimitas

306 2410 375 2446 per
396 2399 551 2446 propria
570 2402 771 2446 praecepta
794 2397 957 2433 omnibus
978 2397 1175 2442 manifesta
1198 2397 1374 2443 facienda
1398 2408 1498 2433 more
1520 2397 1628 2432 solito
1653 2400 1755 2433 curet
1777 2400 1813 2432 et
1835 2398 1872 2432 in
1890 2399 2107 2443 perpetuum
2131 2397 2310 2433 custodire
2331 2398 2488 2435 studeat.

1340 2575 1523 2614 XCVIII.

311 2644 641 2684 CONSTITUTIO
671 2644 734 2680 UT
754 2643 927 2687 NEQUE
956 2643 1045 2679 VIR
1070 2644 1146 2680 EX
1164 2643 1302 2680 DOTE
1323 2643 1498 2687 NEQUE
1518 2642 1718 2680 MULIER
1743 2643 1818 2679 EX
1838 2642 2136 2680 DONATIONE'
2157 2644 2295 2680 ANTE
2317 2644 2536 2682 NUPTIAS

310 2691 516 2729 LUGRUM
545 2689 660 2726 SIBI
687 2689 940 2732 VINDICET,
972 2687 1976 2771 gffigUZTDAIgIJVEIJIgTSIAESUffOIIGRJQgss{fflzl'ffiTEM
2003 2688 2253 2733 SERVENT,
2289 2689 2442 2727 LICET
2465 2690 2534 2727 AD

511 2791 659 2839 Scripta
682 2795 737 2828 est
759 2789 920 2827 Iohanni
942 2791 1206 2837 qlorc'osissimo
1229 2792 1421 2838 praefecto
1442 2791 1589 2833 iterum,
1619 2801 1669 2827 ex
1691 2791 1838 2827 consule
1860 2790 2085 2836 (ordinario)
2102 2794 2141 2835 ¹et
2162 2791 2330 2837 patricio.

443 2859 711 2904 Praefatio.
758 2858 859 2902 Quae
890 2859 1012 2895 eodem
1040 2870 1181 2905 semper
1203 2859 1309 2895 modo
1331 2870 1370 2895 se
1394 2859 1536 2902 habent,
1561 2859 1594 2895 le
1620 2859 1700 2894 ibus
1722 2870 1796 2894 non
1819 2858 1983 2905 indiqent
2005 2859 2135 2901 variis,
2167 2869 2246 2894 cum
2269 2859 2533 2905 simplicitatem

310 2911 345 2943 et
364 2906 608 2953 inteqn'tatem
629 2904 744 2939 omnis
764 2904 951 2940 varietatis
970 2908 1156 2951 expertem
1175 2909 1357 2957 perpetuo
1380 2908 1523 2940 servent
1541 2908 1578 2940 et
1625 2904 1730 2950 qibus
1752 2908 1903 2939 utantur
1926 2905 2085 2939 aeternis
2107 2914 2152 2939 ac
2167 2904 2298 2940 divinis
2321 2915 2436 2950 neque
2458 2905 2535 2940 ulla

310 2952 531 2988 correctione
553 2949 759 2997 eqentibus:
790 2949 891 2996 quod
913 2961 997 2985 vero
1022 2949 1124 2996 apud
1145 2960 1214 2985 nos
1235 2960 1274 2984 m
1297 2954 1460 2985 aestuum
1486 2949 1599 2985 turbis
1622 2949 1799 2996 aqitatum
1822 2954 1887 2991 est,
1918 2948 2171 2995 gubernatrice
2194 2949 2331 2995 indiqet
2353 2950 2534 2997 sapientia

310 3008 404 3043 quae
425 2997 545 3033 causis
576 3006 624 3031 ex
654 2994 793 3041 leqibus
823 2994 1049 3030 adhibeatur.
1095 2992 1227 3041 Itaque
1257 2995 1429 3040 quoniam
1453 2994 1502 3029 ad
1524 3005 1592 3030 nos
1615 3005 1708 3041 quos
1738 3005 1783 3030 ne
1804 2994 1968 3030 iudicare
1991 2994 2132 3040 quidem
2148 2994 2279 3040 pigeat
2301 2995 2434 3031 multae
2455 2995 2535 3031 lites

359 3091 374 3122 1
400 3084 599 3131 διορίζομαι
625 3087 672 3119 L¹
689 3086 701 3130 ΙΙ
720 3088 739 3120 2
764 3088 824 3119 καὶ
849 3100 908 3119 om.
922 3087 953 3119 L
972 3086 984 3130 ΙΙ
1001 3089 1022 3120 4
1037 3099 1073 3119 τι
1093 3087 1136 3120 M
1142 3087 1198 3128 (ς)]
1223 3096 1277 3119 τις
1297 3085 1390 3130 LBn
1422 3091 1424 3151 Ι
1523 3088 1542 3120 2
1567 3088 1601 3119 et
1624 3099 1682 3119 om.
1698 3087 1729 3119 R
1745 3086 1758 3130 ΙΙ
1777 3088 1795 3119 7
1819 3088 2029 3129 programata
2052 3086 2149 3129 RVn
2168 3088 2188 3120 8
2210 3085 2452 3129 imperpetuum
2473 3084 2535 3129 Vn

312 3137 329 3168 7
356 3128 649 3178 προσταγμάτων
674 3132 733 3173 M]
770 3129 997 3185 πραγμάτων
1020 3132 1052 3165 L
1096 3130 1391 3177 προγραμμάτων
1460 3133 1615 3165 9εαὸςον.
1639 3132 1705 3164 dat.
1726 3131 1773 3164 kl.
1799 3131 1941 3164 decemb.
1967 3131 2042 3164 ᾶδιῑ.
2063 3131 2140 3164 iust.
2162 3141 2216 3174 pp.
2234 3141 2308 3173 aug.
2330 3141 2419 3164 anno
2432 3130 2530 3163 XIII.

311 3191 351 3212 ex
373 3190 393 3214 ς
418 3178 612 3211 Haloander
630 3180 642 3221 ΙΙ
664 3178 685 3210 9
709 3187 901 3210 σπευσατω
926 3190 984 3210 om.
1010 3177 1041 3209 L
1060 3177 1072 3218 ss
1093 3187 1152 3209 xv.
1179 3177 1211 3209 k.
1237 3176 1306 3209 dee.
1332 3176 1389 3217 M]
1467 3177 1506 3218 V,
1523 3190 1580 3210 om.
1597 3184 1667 3211 cen.
1687 3176 1699 3220 ΙΙ
1718 3178 1758 3211 12
1782 3177 1910 3218 Neque]
1932 3176 2028 3214 Quod
2053 3177 2101 3209 R¹
2119 3178 2132 3220 ΙΙ
2150 3177 2190 3211 16
2215 3187 2282 3209 non
2302 3177 2440 3208 ueniant
2461 3176 2531 3217 (ue-

311 3223 379 3257 kal.
403 3221 547 3255 decemb.
573 3233 592 3258 ς
612 3222 788 3255 1ul.wAtl1.
821 3224 907 3265 μηνὶ
931 3218 1131 3268 ὃεκεμβρίῳ
1156 3222 1277 3255 Theod.
1305 3221 1318 3263 ss
1338 3231 1390 3263 cp.
1458 3222 1560 3254 niunt
1591 3222 1638 3264 V)
1667 3222 1802 3264 nuptiae
1834 3223 1903 3264 VT,
1937 3221 2072 3264 nuptiae
2098 3232 2165 3254 non
2190 3221 2329 3254 ueniant
2351 3221 2385 3254 R
2404 3221 2488 3264 vulq-

312 3269 367 3302 dn.
385 3267 569 3300 iustiniano
585 3278 640 3310 pp.
658 3278 734 3309 aug.
751 3277 842 3300 annu
868 3267 968 3299 XIII.
991 3266 1110 3310 apione
1131 3278 1159 3299 v.
1174 3277 1201 3299 e.
1221 3276 1324 3299 conss.
1339 3266 1389 3307 M,
1461 3269 1499 3300 17
1525 3269 1565 3300 ut
1586 3277 1625 3300 ex
1649 3279 1706 3300 om.
1731 3266 1783 3310 Vl
1823 3269 1863 3301 18
1887 3268 2084 3300 transientes
2110 3267 2142 3299 T
2159 3266 2172 3310 ΙΙ
2201 3269 2313 3299 autem
2336 3278 2394 3299 om.
2414 3265 2497 3307 ναις.

314 3314 368 3347 dn.
400 3314 477 3346 iust.
506 3323 561 3356 pp.
594 3322 668 3353 aug.
702 3323 790 3345 anno
822 3312 922 3345 XIII.
949 3324 978 3352 ς,
1017 3313 1095 3355 imp.
1127 3312 1181 3344 dn.
1213 3311 1390 3344 iustiniani
1459 3313 1501 3345 20
1525 3312 1605 3355 ipsis
1628 3313 1759 3355 Rvuly.
1791 3311 1796 3355 Ι
1823 3313 1862 3346 21
1890 3311 2030 3344 habente
2050 3310 2101 3345 1⁷³
2112 3312 2210 3355 vala]
2235 3311 2371 3344 habenti
2391 3308 2441 3343 3⁷¹
2469 3308 2529 3339 ha-

313 3369 401 3391 anno
416 3357 516 3390 XIII.
541 3357 593 3400 ap.
619 3357 672 3390 iss.
688 3358 787 3399 IuLw,
811 3355 994 3400 βασιλείας
1007 3352 1261 3390 Ἰουστινιανοῦ
1283 3355 1324 3389 τὰ
1343 3352 1388 3401 ιγ’
1459 3356 1589 3389 bentem
1603 3357 1672 3390 ΒΤ
1684 3357 1697 3400 ΙΙ
1714 3367 1853 3399 persona
1870 3358 2008 3401 Tvul9.]
2029 3366 2201 3399 personam
2216 3355 2312 3398 RV!
2331 3354 2373 3388 22
2384 3351 2529 3394 cogenda

313 3401 485 3437 ὑπατείας
515 3399 688 3436 Ἀπίωνος
716 3403 805 3446 Am„
850 3399 1005 3444 ὑπατείᾳ
1029 3398 1190 3436 Ἀπίονος
1223 3402 1342 3435 ΤΙιεοᾱ.
1377 3399 1390 3446 ΙΙ
1468 3402 1575 3443 V³T1
1609 3402 1787 3443 cogendam
1811 3402 1846 3434 R
1882 3402 2014 3445 cogenti
2046 3402 2097 3435 1⁷¹
2125 3401 2138 3445 ΙΙ
2167 3402 2209 3435 25
2231 3401 2324 3443 parte
2347 3397 2381 3431 T
2405 3396 2418 3440 fl
2444 3406 2527 3437 quae

317 3450 358 3482 12
370 3451 458 3481 rubr.
483 3449 572 3491 Περὶ
600 3447 765 3493 γαμικῶν
797 3445 936 3492 κερδῶν
970 3448 1089 3481 ΤΙιεοά.
1119 3447 1132 3491 ΙΙ
1160 3444 1206 3480 ‘H
1231 3442 1392 3485 διάταξις
1479 3459 1517 3479 m.
1541 3447 1597 3490 1711
1614 3447 1844 3479 detinerentur
1861 3447 1916 3491 ΤΙΙ
1935 3448 1978 3481 26
1998 3448 2032 3479 et
2047 3457 2085 3479 ea
2105 3446 2149 3488 V]
2174 3448 2207 3479 et
2222 3455 2243 3477 a
2257 3442 2332 3494 Rq}
2348 3442 2503 3492 ‘’Px'’“lffi
2516 3439 2529 3485 ΙΙ

316 3506 373 3525 om.
388 3494 463 3526 Ath.
491 3493 503 3535 ΙΙ
532 3489 623 3536 μήτε
647 3493 735 3534 Am]
771 3490 862 3535 μηδὲ
886 3493 932 3526 Μ
955 3491 968 3535 ΙΙ
1004 3491 1048 3525 τὸ
1073 3493 1149 3525 ΑίΙι.
1171 3493 1201 3532 ς]
1236 3490 1284 3525 τὰ
1308 3491 1355 3524 sp!
1384 3493 1396 3534 ΙΙ
1481 3493 1501 3524 9
1526 3492 1643 3533 *item]
1668 3492 1755 3524 idem
1777 3493 1855 3525 libri
1871 3492 1883 3535 ΙΙ
1909 3494 1951 3527 30
1975 3491 2119 3525 habeant
2140 3484 2526 3539 RT¹ffimnpl¹⁰1tateml

320 3540 358 3571 13
371 3536 460 3580 μήτε
472 3539 560 3578 ΔΜ]
581 3534 671 3580 μηδὲ
685 3539 727 3570 Μ
748 3538 760 3580 ΙΙ
787 3540 827 3572 15
842 3537 1066 3570 οἰκειοῦσθαι
1080 3556 1122 3561 -
1138 3539 1176 3571 17
1190 3533 1320 3583 γάμους
1334 3536 1390 3577 Μ]
1459 3539 1594 3579 propter
1609 3537 1857 3580 simplieitatem
1879 3536 1936 3581 Vn
1951 3538 1990 3571 31
2008 3535 2071 3569 ulli
2086 3536 2139 3568 ius
2152 3534 2187 3567 R
2202 3532 2216 3576 Ι
2230 3531 2436 3564 dsuemtates
2454 3531 2505 3563 V·
2515 3531 2527 3573 Η

316 3581 555 3622 οἰκειοῦσθαι,
579 3585 638 3615 καὶ
661 3581 707 3615 τὰ
731 3582 811 3622 zife
834 3583 908 3616 Am.
925 3581 938 3626 ΙΙ
963 3584 1005 3616 28
1030 3578 1251 3627 ὀρὸιναρίων
1274 3581 1394 3614 addidi
1459 3582 1502 3614 32
1526 3592 1563 3613 ac
1589 3582 1638 3614 12²
1650 3583 1747 3626 ναῖς]
1775 3595 1813 3612 n
1833 3582 1882 3615 Β*
1906 3583 1986 3615 haec
2007 3582 2039 3614 T
2055 3581 2115 3617 heo
2134 3577 2181 3612 V'
2204 3578 2237 3609 et
2252 3575 2310 3627 ‘V'
2326 3576 2338 3616 ll
2354 3576 2396 3609 33
2422 3575 2526 3616 nulla]

318 3638 383 3657 cum
408 3627 614 3660 Zachariaeo
637 3629 707 3670 (qui
730 3596 938 3672 dogmaque)
955 3627 967 3670 ΙΙ
993 3629 1035 3661 29
1059 3623 1115 3659 ἀεὶ
1139 3628 1198 3659 καὶ
1217 3623 1392 3659 ὡσαύτως
1459 3629 1479 3658 ἦ
1502 3626 1572 3658 ulla
1599 3628 1652 3660 T⁰
1675 3626 1691 3678 fl
1714 3626 1889 3669 agentibus
1921 3626 2000 3670 V¹fl
2024 3626 2067 3659 34
2089 3619 2262 3655 tumultffl'l
2287 3620 2346 3661 ΙΨ,
2378 3620 2526 3653 tumultu

319 3670 593 3712 MTheod.A1h.]
629 3683 757 3714 semper
776 3674 855 3705 item
880 3685 899 3708 ς
926 3672 939 3715 ΙΙ
968 3673 1010 3706 32
1034 3674 1093 3705 καὶ
1117 3668 1294 3714 οὐδεμιᾶς]
1331 3671 1390 3703 καὶ
1459 3670 1552 3703 Beck
1570 3671 1583 3715 ΙΙ
1606 3674 1649 3706 35
1672 3672 1802 3714 indiget
1825 3674 1858 3704 et
1879 3670 2042 3713 sapientia
2064 3667 2117 3718 V·-
2136 3665 2150 3709 Ι
2173 3666 2225 3705 θΧ]
2249 3666 2282 3697 et
2303 3665 2350 3698 γ’
2375 3665 2388 3709 ΙΙ
2411 3676 2525 3709 super-

319 3726 409 3749 οπως
1458 3715 1630 3749 uenientes
1655 3717 1704 3750 T·
1731 3716 1745 3760 ῃ
1772 3716 1816 3749 36
1839 3715 1902 3748 *in
1926 3713 2059 3754 imaue]
2087 3719 2175 3743 oum
2197 3722 2225 3743 ⁸-
2248 3722 2279 3742 v·
2302 3710 2351 3744 V’
2382 3710 2423 3743 ad
2448 3712 2525 3744 add.

1457 3762 1542 3804 vulq.
1561 3761 1574 3804 fl
1590 3761 1712 3793 iuditio
1736 3760 1784 3794 R¹
