2618 4010
302 138 410 182 Nov.
430 135 606 181 XCVIII
637 139 673 178 1.
703 137 730 177 2
1354 128 1438 176 480
1705 143 1854 184 unqua
1881 143 2024 176 vnum
2053 142 2174 182 Quon
2202 140 2266 171 ux
2286 139 2403 171 born
2430 136 2511 171 aar

297 248 562 292 μοθετημενων
592 246 652 279 ἐπὶ
675 244 738 287 τῆς
761 243 902 279 ἑαυτῶν
928 242 1063 283 τάξεως
1085 240 1375 288 φυλαττομενων.
1445 239 1586 275 entibus
1609 239 1754 320 erinfm
1775 241 1915 276 sancita
1934 240 2072 277 suntin
2091 250 2158 276 suo
2176 238 2300 275 ordine
2317 236 2509 273 servandis.

298 294 357 326 καὶ
386 292 493 325 τοῦτο
522 291 666 334 κρατεῖν
698 289 760 323 ἐπὶ
788 289 866 324 τῶν
895 290 1129 323 συνοικεσίων
1162 286 1241 320 τῶν
1275 282 1367 320 καθ’
1438 284 1488 320 Et
1517 283 1593 323 hoc.
1667 293 1728 320 ere
1753 284 1791 320 in
1814 285 2045 322 matrimoniis
2076 292 2297 330 quocumque
2325 282 2431 318 modo
2453 291 2510 317 so-

298 333 508 378 οἱονδὴποτε
530 333 668 379 τρόπον
694 330 939 378 διαλυομένων
968 334 1006 366 ἐκ
1028 333 1091 366 fe
1114 330 1208 375 σήμε
1293 327 1386 375 ἤμει.
1442 328 1526 364 lutis
1556 328 1602 364 ab
1633 328 1805 364 hodierna
1827 328 1884 365 die
1905 335 1944 366 et
1962 330 2000 366 in
2023 340 2127 366 omne
2149 329 2244 375 quod
2267 327 2444 372 sequitur,
2475 329 2511 362 et

299 391 362 426 ρας
383 382 442 414 καὶ
465 380 512 413 εἰς
535 379 578 414 τὸ
603 378 681 421 ἑξῆς
709 373 823 420 ἅπαν,
846 381 906 412 καὶ
929 379 1006 411 τῶν
1025 375 1048 420 η’
1072 389 1093 419 η
1111 342 1375 419 διαλεῖῖνμίνων
1442 373 1479 409 in
1502 373 1559 409 his
1582 372 1814 408 matrimoniis
1838 383 1930 418 quae
1946 373 2018 410 iam
2036 375 2155 410 soluta
2174 378 2259 410 sunt
2278 372 2419 418 quidem
2437 371 2511 407 sive

297 427 364 469 μὲν
387 427 620 459 συνοικεσίων
651 422 723 458 εἴτε
745 422 890 466 τελευτῆ
922 422 992 456 εἴτε
1016 418 1110 455 καθ’
1137 422 1259 465 ἕτερον
1280 419 1373 454 οἱον-
1412 423 1430 455 5
1443 421 1556 454 morte
1579 418 1651 454 sive
1671 417 1829 463 quolibet
1843 417 1914 454 alio
1931 418 2047 463 modo,
2067 419 2186 455 adhuc
2201 423 2319 455 autem
2336 417 2511 463 pendente

299 467 435 512 δήποτε
458 468 610 515 τρόπον,
634 469 688 502 ἔτι
712 465 752 502 δὲ
774 459 986 513 ἠρτημένων
1007 467 1061 509 τῷ
1086 467 1151 500 ἕνα
1160 465 1255 519 γοῦν
1277 474 1375 510 περι·
1444 474 1486 499 eo
1518 463 1612 508 quod
1635 473 1726 499 unus
1750 466 1931 508 superstes
1954 462 2011 499 sit.
2057 463 2149 500 Nam
2171 464 2203 500 si
2224 464 2330 499 ambo
2353 461 2511 498 defuncti

298 518 400 549 εῖναι.
448 514 480 548 εἰ
509 513 576 562 γὰρ
607 513 633 547 ε’
655 513 778 556 θησαν
809 512 918 556 ἄμφω
942 510 1244 554 τετελευτηκοτες,
1267 511 1376 544 τοῦτο
1445 513 1539 549 sunt,
1563 508 1631 543 boc
1655 507 1843 543 heredibus
1866 518 1939 543 non
1962 508 2098 552 damus,
2121 509 2184 545 sed
2206 513 2387 554 tamquam
2405 507 2512 542 semel

298 558 532 603 κληρονόμοις
554 554 595 592 οὗ
619 526 775 602 δίδομεν,
800 554 882 591 ἀλλ’
909 554 957 591 αἱς
979 552 1080 596 ἅπαξ
1103 557 1377 600 πεπερασμένον
1444 553 1670 590 terminatum
1693 552 1870 588 veteribus
1894 552 2121 597 relinquimus
2138 554 2285 598 legibus.
2325 552 2416 589 Illud
2436 560 2510 587 cer-

298 607 371 638 τοῖς
395 603 559 639 παλαιοῖς
587 601 906 647 καταλιμπάνομεν
930 602 1062 645 νόμοις.
1109 602 1245 635 ἐκείνου
1269 597 1376 642 δήλου
1444 602 1520 634 tum
1544 600 1608 639 est,
1634 598 1717 643 quia
1739 597 1823 633 dum
1845 598 1953 633 semel
1977 597 2109 634 fuerint
2129 597 2280 634 filiorum
2301 602 2337 635 et
2351 596 2511 643 proprie-

299 648 421 689 ὄντος,
457 646 505 682 ὠς
536 646 686 683 ἐπειδὰν
718 644 818 686 ἅπαξ
845 649 1008 693 γένοιντο
1039 646 1116 680 τῶν
1140 642 1286 680 παίδων
1316 647 1377 677 καὶ
1392 647 1432 679 10
1445 646 1555 679 tatem
1578 643 1636 678 lex
1651 642 1814 678 deferens
1829 642 1880 678 eis
1895 642 2122 687 praestiterit,
2147 647 2234 679 tunc
2255 644 2293 679 in
2315 641 2510 679 successio-

299 694 369 737 τὴν
404 691 620 728 δεσποτείαν
654 690 674 727 ὁ
709 692 817 736 νόμος
852 690 955 738 ἄγων
991 687 1107 725 αὐτοῖς
1142 688 1239 733 δοίη,
1278 702 1375 732 τηνι-
1445 689 1551 725 nibus
1582 692 1619 724 et
1641 688 1719 723 aliis
1743 687 2008 723 accessionibus
2031 686 2083 722 ita
2104 687 2200 724 etin
2222 688 2278 724 his
2301 688 2387 730 erit,
2420 686 2513 722 sicut

299 738 489 773 καῦτα.τὰ
519 739 579 773 ἐπὶ
603 738 681 772 τῶν
704 735 885 779 διαδοχῶν
913 737 1069 770 καὶτῶν
1092 734 1215 769 ἄλλων
1238 746 1375 782 προχω-
1444 737 1481 769 et
1508 734 1545 769 in
1575 733 1756 778 prioribus
1787 733 1964 768 sancitum
1993 735 2048 767 est
2076 732 2174 775 filiis,
2205 732 2267 778 qui
2289 737 2433 779 propter
2457 741 2510 765 se-

299 782 440 829 ρὴσεων
463 779 559 818 οὕτω
583 784 643 816 καὶ
667 780 730 817 ἐπ’
757 779 875 815 αὐτοῖς
898 783 1001 815 ἔσται
1032 777 1080 815 ὠς
1107 782 1166 815 ἐπὶ
1191 780 1266 814 τῶν
1290 791 1376 826 προ-
1446 778 1579 815 cundas
1609 778 1752 824 nuptias
1775 780 1962 823 parentum
1985 776 2122 813 lucrum
2145 776 2288 823 aliquod
2311 787 2354 814 ex
2376 776 2512 822 legibus

299 829 417 874 τὲρων
440 828 727 872 νενομοθέτηται
751 825 896 861 παίδων
919 827 996 860 τῶν
1013 823 1073 860 διὰ
1097 825 1179 879 τοὺς
1196 822 1377 878 δευτέρους
1445 826 1528 860 sunt
1550 824 1664 870 potiti.

298 873 431 919 γάμους
461 886 539 907 των
561 875 699 919 γονέων
730 870 870 918 κέρδους
893 870 993 906 τινὸς
1024 883 1124 917 παρα
1151 871 1230 905 τῶν
1252 882 1378 915 νομων
1393 873 1432 906 15

299 915 521 963 ἠξιωμένων.

1297 1005 1456 1042 CAPUT
1480 1004 1525 1040 H.

370 1060 525 1097 Κάκεῖνο
561 1066 684 1105 μέντοι
720 1064 758 1095 ἔκ
793 1073 890 1096 τινος
927 1047 1024 1104 δι’κῆς
1058 1061 1378 1108 προςαγγελθείσης
1513 1060 1606 1095 Illud
1637 1069 1777 1105 quoque
1801 1070 1845 1096 ex
1893 1059 2021 1095 uadam
2047 1068 2155 1094 causa
2178 1058 2386 1093 denuntiata
2413 1058 2515 1094 nobis

300 1107 387 1153 ἡμῖν
402 1109 450 1142 εἰς
466 1108 689 1152 νομοθεσίαν
713 1104 861 1162 ἀγαγεῖν
884 1104 1061 1161 ῴῄθημεν
1079 1108 1216 1152 χρῆναι.
1253 1106 1376 1150 ἐπειδὴ
1446 1106 1493 1141 ad
1530 1105 1785 1149 legislationem
1824 1105 1846 1139 d
1893 1114 1997 1140 ucere
2040 1103 2301 1138 aestimavimus
2339 1107 2512 1149 oportere.

299 1151 370 1200 γὰρ
401 1151 601 1187 διελέλυντο
631 1154 699 1195 μὲν
730 1163 819 1197 προς
840 1148 1010 1195 ἀλληλους
1039 1150 1062 1186 δ’
1091 1165 1130 1186 τε
1162 1149 1254 1197 ἀνὴρ
1284 1149 1307 1195 ἤ
1338 1166 1377 1186 τε
1446 1150 1536 1195 Quia
1567 1150 1659 1185 enim
1688 1152 1941 1194 transegerunt
1968 1148 2108 1194 quidem
2137 1149 2230 1183 inter
2259 1148 2450 1183 alterutros
2481 1154 2516 1182 et

301 1199 532 1241 συνοικοῦσα,
569 1196 692 1232 παῖδες
729 1195 769 1231 δὲ
792 1194 913 1231 αὐτοῖς
946 1190 1040 1240 ἦσαν
1081 1199 1119 1230 ἐκ
1154 1198 1218 1232 τοῦ
1252 1197 1376 1244 γάμου,
1391 1200 1431 1231 20
1446 1196 1498 1231 vir
1521 1199 1557 1230 et
1579 1205 1687 1238 uxor,
1709 1195 1771 1230 filii
1795 1198 1912 1230 autem
1936 1194 1987 1229 eis
2011 1197 2112 1229 erant
2132 1203 2176 1228 ex
2198 1192 2431 1235 matrimonio,
2455 1192 2514 1228 de-

301 1241 481 1289 περιεῖδον
519 1240 647 1277 αὐτοὺς
683 1242 717 1276 οἱ
754 1246 868 1289 γονεῖς
904 1241 1035 1287 ἄμφω,
1073 1246 1133 1276 καὶ
1169 1242 1378 1290 περιῄεισαν
1446 1243 1641 1285 spexerunt
1655 1249 1717 1275 eos
1733 1240 1848 1283 ambo,
1869 1244 1904 1274 et
1924 1239 2122 1274 circuibant
2136 1237 2390 1274 mendicantes.
2430 1238 2514 1273 Pro-

247 1293 251 1297 '
301 1285 556 1334 ἑρανιζόμενοι.
606 1286 665 1322 διὰ
697 1289 805 1322 τοῦτο
840 1285 1015 1332 ᾠήθημεν
1051 1285 1279 1333 σφοδροτέρῳ
1313 1289 1377 1332 μὲν
1447 1290 1568 1330 pterea
1595 1284 1829 1320 iudicavimus
1853 1284 2105 1319 vehementiori
2128 1283 2268 1328 quidem
2291 1283 2400 1326 forte,
2432 1293 2515 1319 con-

301 1335 387 1368 ’ίσως
409 1335 663 1378 ἐπιστρέφοντι
687 1330 728 1366 δὲ
750 1333 839 1377 πρὸς
862 1333 904 1366 τὸ
930 1332 1046 1367 καλῶς
1069 1335 1151 1375 ἔχον
1174 1331 1379 1378 χρήσασθαι
1447 1330 1597 1366 vertenti
1627 1330 1780 1376 (autem)
1811 1330 1857 1365 ad
1885 1329 2009 1365 melius
2041 1339 2080 1364 se
2111 1328 2245 1364 habens
2276 1329 2329 1364 uti
2357 1329 2454 1372 lege,
2478 1334 2517 1363 ut

301 1377 425 1422 νόμῳ,
456 1379 516 1412 ἵνα
540 1376 611 1412 δεέἰ
632 1379 722 1424 γοῦν
744 1380 821 1412 τῶν
845 1379 987 1412 ποινῶν
1010 1378 1226 1412 παύσωνται
1256 1376 1279 1421 ἢ
1302 1390 1379 1422 κερ-
1447 1377 1573 1411 timore
1612 1375 1748 1411 scilicet
1786 1383 1980 1420 poenarum
2015 1374 2201 1418 quiescant
2238 1377 2302 1409 aut
2338 1373 2515 1409 lucrorum

303 1422 379 1458 δῶν
403 1424 523 1457 ἕνεκεν
554 1419 692 1457 ἀδίκων
723 1423 768 1457 τὰ
791 1426 994 1457 συνοικέσια
1018 1421 1244 1457 διασπῶντες
1276 1420 1298 1465 ἢ
1322 1426 1381 1455 καὶ
1394 1425 1435 1457 25
1450 1431 1560 1456 causa
1592 1420 1803 1456 iniustorum
1837 1419 2062 1455 matrimonia
2093 1418 2287 1454 dilacerare
2317 1422 2382 1454 ant
2410 1418 2515 1454 etiam

301 1471 323 1506 1
369 1469 447 1502 τῶν
471 1466 577 1502 ἰδίων
607 1465 818 1512 ἀμελοῦντες
848 1467 1001 1503 παίδων.
1092 1468 1123 1502 εἰ
1169 1468 1214 1512 ἀρ
1245 1464 1337 1501 ὅλως
1361 1465 1382 1509 ἢ
1448 1468 1469 1502 1
1515 1466 1680 1511 proprios
1710 1466 1894 1510 neglegere
1918 1464 2020 1499 filios.
2091 1464 2130 1499 Si
2160 1463 2251 1499 enim
2283 1463 2423 1499 omnino
2454 1466 2519 1498 aut

302 1514 394 1548 κατὰ
431 1511 594 1547 διάλυσιν
630 1511 652 1556 ἢ
688 1512 780 1547 κατὰ
812 1512 952 1559 τρόπον
988 1511 1098 1547 ἄλλον
1134 1481 1381 1555 ὸζασπασθείη
1449 1521 1514 1556 per
1541 1510 1819 1546 transactionem
1852 1512 1916 1545 aut
1937 1519 2002 1554 per
2031 1509 2174 1545 modum
2203 1508 2310 1544 alium
2335 1511 2519 1554 separetur

303 1562 536 1601 συνοικέσιον,
564 1559 596 1592 εἰ
625 1560 692 1600 μὲν
723 1556 870 1602 μηδένες
899 1561 969 1592 ῶσι
1000 1557 1138 1599 παῖδες,
1169 1561 1308 1602 μενέτω
1334 1557 1381 1591 τὰ
1449 1555 1724 1598 matrimonium,
1748 1556 1779 1591 si
1795 1555 1934 1600 quidem
1949 1565 2022 1589 non
2040 1554 2111 1589 sint
2125 1553 2200 1595 filii,
2218 1561 2384 1589 maneant
2399 1553 2518 1598 priora

304 1603 514 1659 {uinquam-v
550 1604 610 1638 ἐπὶ
645 1604 707 1646 τῆς
741 1604 882 1637 ἑαυτῶν
916 1602 1067 1643 τάξεως·
1104 1604 1135 1637 εί
1167 1601 1207 1637 δὲ
1237 1601 1381 1638 παίδων
1449 1602 1486 1636 in
1511 1611 1575 1636 suo
1600 1601 1743 1644 ordine3
1773 1600 1803 1635 si
1826 1610 1908 1635 vero
1932 1599 2014 1634 filiis
2038 1598 2269 1634 existentibus
2293 1598 2358 1633 fiat
2372 1599 2459 1642 ‘boc,
2482 1603 2519 1634 et

303 1648 479 1684 υπόντων
508 1651 649 1695 γένοιτο
679 1650 803 1688 τοῦτο,
836 1651 895 1682 καὶ
925 1646 1016 1691 μηδὲ
1046 1648 1127 1683 τοὺς
1151 1646 1282 1683 παῖδας
1305 1650 1380 1692 έρυ-
1394 1650 1435 1683 30
1450 1656 1563 1691 neque
1602 1645 1694 1681 filios
1731 1646 1981 1680 erubescentes
2016 1643 2102 1679 dent
2137 1647 2256 1679 tamen
2295 1645 2518 1679 occasionem

303 1694 484 1740 θριῶντες
519 1691 614 1727 δοῖεν
649 1689 747 1736 ὅμως
781 1691 948 1739 ἀφορμὴν
984 1695 1144 1728 ἑκουσίας
1186 1691 1382 1727 διαλύσεως
1450 1695 1669 1736 spontaneae
1702 1690 1954 1726 transactionis
1984 1691 2020 1724 et
2050 1698 2115 1733 per
2146 1698 2359 1724 consensum
2389 1689 2517 1729 factae,

303 1743 363 1774 καὶ
386 1738 478 1773 κατὰ
504 1742 711 1772 συναίνεσιν
733 1742 936 1784 γινομένης,
961 1736 982 1779 ἢ
1002 1742 1063 1772 καὶ
1086 1735 1251 1772 ἀκουσίου
1274 1737 1381 1780 τυχὸν
1449 1740 1514 1772 aut
1542 1737 1647 1771 etiam
1678 1735 1807 1770 invitae
1837 1735 1960 1770 forsan
1990 1735 2186 1779 [peccante]
2222 1737 2285 1768 aut
2314 1733 2389 1769 viro
2421 1743 2516 1769 com-

303 1781 325 1828 ἢ
348 1785 412 1818 τοῦ
437 1780 568 1829 ἀνδρὸς
591 1786 812 1818 πταίσαντος
836 1782 920 1824 ἄξια
943 1783 1005 1838 τῇς
1026 1780 1209 1818 ’ἀπωλείας
1231 1784 1294 1825 τῆς
1310 1782 1380 1827 πρὸ
1449 1781 1610 1816 mittente
1647 1780 1754 1824 digna
1789 1780 1980 1815 amissione
2021 1778 2274 1823 antenuptialis
2315 1778 2518 1813 donationis

303 1829 419 1877 γάμου
452 1826 588 1874 δωρεᾶς
621 1825 643 1871 ἢ
676 1829 736 1871 τῆς
762 1828 930 1875 γυναικὸς
959 1828 1042 1869 ἀξια
1075 1829 1138 1871 τῆς
1169 1826 1381 1863 ἐκπτώσεως
1449 1830 1511 1862 aut
1530 1826 1675 1861 muliere
1700 1826 1806 1870 digna
1829 1835 1915 1860 casu
1938 1823 2041 1867 dotis,
2064 1833 2109 1859 ne
2134 1833 2180 1858 ue
2200 1823 2252 1858 vir
2267 1823 2384 1859 dotem
2403 1824 2517 1859 lucre-

303 1875 367 1918 τῆς
402 1872 565 1921 προικός,
599 1872 689 1917 μήτε
723 1871 743 1907 ὁ
776 1870 866 1919 ἀνὴρ
901 1872 969 1916 τὴν
1000 1876 1131 1918 προῖκα
1164 1872 1381 1918 κερδαινέτω
1395 1874 1437 1907 35
1450 1874 1510 1907 tur
1531 1881 1645 1915 neque
1661 1870 1786 1906 mulier
1806 1869 2084 1914 antenuptialem
2131 1868 2352 1910 ouationem,
2378 1869 2440 1903 sed
2464 1878 2517 1903 re-

303 1920 394 1963 μήτε
413 1917 435 1962 ἡ
464 1918 554 1965 γυνὴ
584 1917 652 1961 τὴν
682 1922 927 1964 προγαμιαίαν
956 1916 1109 1963 δωρεάν,
1143 1915 1226 1952 ἀλλ’
1254 1915 1383 1952 αὐτίκα
1475 1920 1557 1952 ente
1592 1926 1678 1951 casu
1707 1915 1922 1961 procedente
1956 1918 2020 1949 aut
2049 1913 2143 1949 dotis
2172 1917 2236 1949 aut
2266 1913 2519 1958 antenuptialis

303 1965 367 2007 τῆς
390 1961 604 1999 ἐκπτώσεως
624 1966 811 2010 γινομένης
841 1961 857 1972 '¹
880 1965 943 2006 τῆς
957 1964 1103 2008 προικὸς
1125 1961 1146 2006 ἢ
1169 1964 1231 2006 τῆς
1247 1975 1380 2009 προγα-
1449 1927 1650 1997 gonationie
1684 1960 1913 2006 proprietatis
1945 1960 2082 1994 lucrum
2116 1969 2198 1994 mox
2234 1958 2281 1993 ad
2315 1968 2519 1994 communes

303 2012 424 2054 μιαίας
447 2006 584 2064 δωρεᾶς
614 2008 656 2042 τὸ
683 2010 743 2042 ἐπὶ
765 2009 810 2055 τῇ
834 1977 1027 2043 δεσποτεία
1051 2006 1172 2054 κέρδος
1194 2007 1305 2042 εὐθὺς
1333 2008 1381 2041 εἰς
1448 2006 1566 2042 veniat
1589 2006 1680 2041 filios
1704 2009 1740 2040 et
1763 2015 1883 2040 eorum
1906 2004 1986 2046 fiat,
2011 2013 2080 2039 usu
2103 2003 2180 2039 solo
2204 2003 2299 2048 apud
2322 2004 2518 2048 transigen-

304 2054 384 2088 τοὺς
399 2065 538 2088 κοινους
560 2053 724 2098 ἐρχέσθω
749 2051 879 2087 παῖδας
902 2056 961 2086 καὶ
982 2042 1105 2086 αῧτῶν
1119 2053 1295 2099 γινέσθω,
1318 2054 1380 2095 τῆς

304 2099 460 2147 χρήσεως
493 2097 605 2143 μόνης
645 2098 743 2143 παρὰ
781 2101 853 2132 τοῖς
887 2096 1146 2141 διαλελυμένως
1183 2097 1376 2142 μενούσης·
1393 2098 1435 2130 40

304 2177 445 2213 sancita
467 2180 552 2211 sunt
575 2176 613 2210 in
635 2186 702 2210 suo
726 2174 852 2210 ordine
876 2175 1137 2210 custodiantur.
1185 2176 1302 2219 Atque
1325 2172 1394 2208 hoc
1416 2171 1535 2208 valeat
1557 2172 1596 2207 in
1616 2169 1795 2217 coniuqiis
1818 2182 1911 2218 quae
1934 2172 2183 2218 qualicumque
2206 2170 2312 2206 modo
2334 2170 2523 2206 solvantur

305 2233 355 2259 ex
386 2221 562 2257 hodierna
593 2219 651 2256 die
680 2223 716 2256 et
745 2220 784 2255 in
814 2231 918 2255 omne
946 2220 1115 2265 futurum
1145 2223 1301 2265 tempus,
1327 2221 1521 2264 praeterea
1551 2217 1590 2252 in
1619 2217 1797 2263 coniuqiis
1820 2228 1913 2262 quae
1941 2217 2012 2252 iam
2035 2216 2156 2251 solnta
2179 2216 2322 2262 quidem
2343 2221 2427 2251 sunt
2447 2217 2522 2252 sive

306 2271 420 2303 morte
442 2267 515 2302 sive
539 2265 614 2300 alio
640 2265 894 2316 qualiqaemque
917 2265 1035 2307 modo,
1058 2263 1176 2300 adhuc
1199 2268 1317 2299 autem
1341 2266 1378 2297 in
1398 2272 1571 2309 suspenso
1595 2266 1678 2297 sunt
1701 2273 1743 2297 eo
1768 2262 1867 2307 quod
1888 2272 1981 2297 unus
2004 2260 2145 2307 quidem
2168 2265 2350 2307 superstes
2371 2265 2431 2296 est.
2481 2260 2522 2295 Si

306 2312 399 2349 enim
429 2311 533 2347 ambo
564 2311 637 2346 iam
667 2310 831 2356 defuncti
855 2315 958 2352 sunt,
989 2309 1029 2345 id
1051 2309 1240 2345 heredibus
1263 2319 1336 2343 non
1360 2307 1505 2348 damus,
1529 2307 1593 2342 sed
1614 2310 1739 2353 utpote
1761 2306 1869 2342 semel
1891 2306 2164 2342 determinatum
2187 2305 2363 2341 veteribus
2386 2305 2522 2351 leqibus

305 2356 549 2403 relinquimus.
601 2354 701 2391 Illud
725 2360 843 2390 tamen
875 2359 1009 2390 certum
1033 2359 1105 2397 est,
1140 2365 1219 2391 cum
1244 2353 1310 2388 illa
1332 2351 1442 2389 semel
1471 2351 1662 2388 liberorum
1682 2352 1788 2396 sacta
1810 2352 1883 2387 sint
1911 2355 1948 2387 et
1971 2351 2033 2387 lex
2057 2350 2250 2386 dominium
2275 2351 2319 2386 iis
2341 2350 2520 2392 detulerit,

308 2407 393 2438 tunc
442 2413 509 2437 uae
531 2400 580 2436 ad
593 2400 837 2437 successiones
855 2404 1064 2446 ceterasque
1083 2399 1305 2436 accessiones
1317 2398 1505 2445 pertinent
1529 2398 1580 2432 ita
1602 2396 1647 2433 de
1668 2397 1712 2432 iis
1733 2397 1883 2442 futuras
1903 2407 1991 2439 esse,
2011 2395 2307 2442 quemadmodum
2327 2395 2371 2431 de
2382 2395 2520 2442 priori-

306 2446 373 2483 bus
396 2447 420 2483 lz
445 2446 517 2482 eris
540 2445 717 2481 sancitum
741 2449 812 2488 est,
844 2445 906 2491 qui
923 2448 1079 2491 propter
1102 2444 1278 2480 secundas
1300 2443 1448 2488 nuptias
1469 2446 1660 2489 parentum
1684 2441 1823 2477 lucrum
1847 2441 1997 2487 aliquod
2018 2453 2042 2476 a
2065 2441 2097 2476 le
2124 2440 2202 2476 ibus
2224 2441 2406 2476 consecuti
2426 2444 2521 2476 sunt.

442 2491 488 2527 H.
546 2490 677 2527 Verum
711 2489 801 2526 illud
830 2501 975 2536 quoqne
1005 2489 1103 2535 quod
1132 2501 1182 2526 ex
1212 2490 1273 2525 lite
1297 2487 1454 2535 quadam
1477 2487 1526 2522 ad
1549 2497 1616 2522 nos
1639 2486 1797 2522 delatum
1821 2491 1891 2528 est,
1923 2486 1973 2522 ad
1995 2486 2026 2521 le
2053 2486 2083 2521 is
2098 2486 2251 2521 ationem
2274 2485 2522 2521 adducendum

306 2548 384 2574 esse
413 2535 708 2572 eoeistimavimus.
756 2533 933 2578 Quoniam
964 2537 1058 2571 enim
1086 2534 1279 2571 divortium
1307 2533 1475 2579 fecerunt
1506 2532 1601 2568 inter
1630 2542 1669 2566 se
1700 2533 1755 2567 vir
1785 2535 1820 2566 et
1848 2542 1958 2574 uxor,
1989 2497 2092 2566 libqeri
2122 2536 2240 2566 autem
2268 2536 2375 2566 erant
2400 2530 2446 2565 iis
2473 2541 2523 2566 ex

307 2582 551 2624 matrimonio,
576 2580 819 2626 neqlexerunt
840 2591 903 2615 eos
926 2580 1030 2615 ambo
1050 2583 1236 2627 parentes,
1260 2583 1369 2625 atque
1390 2577 1446 2613 illi
1466 2577 1707 2613 mendicantes
1730 2577 1973 2612 circumibant.
2019 2575 2222 2622 Propterea
2246 2575 2324 2622 leqe
2345 2574 2523 2611 severiore

308 2626 451 2674 quidem
479 2627 660 2672 fortasse,
691 2624 756 2660 sed
785 2636 879 2671 quae
908 2629 1046 2671 spectet
1069 2624 1117 2660 ad
1141 2624 1179 2659 id
1201 2623 1299 2670 quod
1319 2623 1504 2659 honestum
1527 2626 1596 2664 est,
1625 2621 1795 2657 utendum
1818 2632 1893 2657 esse
1915 2621 2215 2663 existimavimus,
2247 2626 2288 2656 ut
2310 2624 2406 2656 certe
2428 2624 2523 2656 metu

305 2682 507 2720 poenarum
531 2671 698 2707 desinant
728 2669 785 2706 vel
812 2670 1028 2706 iniustorum
1060 2671 1242 2705 lucrorum
1265 2679 1376 2704 causa
1399 2667 1628 2703 matrimonia
1650 2666 1851 2702 distrahere
1882 2666 1939 2702 vel
1959 2666 2065 2701 etiam
2083 2666 2261 2717 proprios
2283 2665 2415 2702 liberos
2438 2675 2521 2711 neq-

307 2719 329 2754 1
375 2717 408 2752 le
433 2727 504 2753 ere.
596 2714 641 2751 Si
668 2716 761 2751 enim
792 2716 936 2750 omnino
967 2715 1023 2750 vel
1052 2715 1206 2750 divortio
1238 2714 1294 2750 vel
1319 2714 1392 2748 alio
1415 2711 1521 2748 modo
1550 2712 1755 2757 coniuqium
1779 2711 2016 2754 distrahatur,
2045 2712 2080 2746 si
2101 2710 2242 2756 quidem
2264 2709 2356 2746 nulli
2370 2715 2522 2756 praesto

307 2762 381 2798 sint
424 2762 532 2804 iberi,
555 2761 691 2808 priora
720 2760 758 2794 in
789 2771 856 2795 suo
890 2759 1017 2796 ordine
1040 2764 1231 2800 maneant,·
1261 2759 1317 2793 sin
1341 2763 1460 2793 autem
1480 2756 1519 2792 id
1543 2756 1664 2793 liberis
1687 2757 1896 2792 extantibus
1915 2757 2001 2801 fiat,
2033 2766 2077 2791 ac
2099 2767 2144 2791 ne
2167 2755 2359 2791 liberorum
2381 2753 2522 2800 quidem

303 2806 448 2854 pudore
463 2806 587 2842 habito
605 2810 722 2841 tamen
740 2804 963 2840 occasionem
978 2809 1165 2851 praestent
1179 2803 1426 2840 dissolutionis
1442 2802 1625 2838 voluntate
1640 2806 1675 2837 et
1689 2802 2014 2848 consensufactae‚
2032 2800 2088 2836 vel
2096 2800 2201 2836 etiam
2212 2811 2286 2835 non
2297 2799 2523 2836 voluntariae

307 2853 420 2898 sorte,
452 2852 526 2887 sive
548 2850 605 2886 vir
628 2861 722 2897 quae
741 2850 854 2896 diqna
876 2854 961 2886 sunt
983 2850 1175 2885 amissione
1196 2849 1402 2885 donationis
1425 2852 1509 2882 ante
1531 2846 1678 2893 nuptias
1707 2846 1780 2883 sive
1802 2846 1931 2882 mulier
1962 2857 2055 2891 quae
2078 2845 2269 2881 amissione
2295 2844 2392 2880 dotis
2411 2844 2523 2889 diqna

308 2901 395 2933 sunt
417 2895 643 2938 commiserit,
667 2905 754 2931 neve
769 2895 825 2930 vir
841 2894 959 2930 dotem
983 2906 1069 2931 neve
1091 2894 1219 2930 mulier
1241 2893 1472 2930 donationem
1496 2895 1579 2927 ante
1602 2891 1750 2938 nuptias
1772 2891 1942 2933 lueretur,
1966 2891 2030 2926 sed
2051 2890 2170 2926 statim
2192 2889 2325 2926 antissa
2346 2888 2420 2925 sive
2442 2888 2524 2924 dote

309 2942 383 2978 sive
405 2941 602 2977 donatione
625 2944 708 2976 ante
731 2940 880 2986 nuptias
903 2939 1040 2975 lucrum
1058 2939 1301 2987 proprietatis
1316 2937 1489 2985 protinus
1512 2936 1561 2972 ad
1581 2947 1783 2972 communes
1806 2935 1937 2972 liberos
1963 2936 2083 2971 veniat
2106 2940 2140 2971 et
2163 2945 2285 2971 eorum
2305 2934 2392 2980 fiat,
2425 2933 2525 2969 solas

358 3034 377 3067 4
400 3034 460 3065 καὶ
483 3032 544 3065 ἐπὶ
566 3031 644 3064 τῶν
665 3030 755 3064 malit
767 3030 955 3064 Zachariae
967 3032 1022 3073 (cs.
1037 3033 1068 3071 ς)
1086 3028 1099 3067 ΙΙ
1116 3032 1135 3063 5
1155 3031 1387 3062 συνοικεσίων
1454 3028 1490 3059 in
1515 3026 1590 3060 aliis
1619 3027 1649 3059 T
1662 3025 1674 3069 ΙΙ
1689 3026 1789 3058 sicuti
1817 3026 1848 3059 T
1861 3026 1873 3069 ΙΙ
1902 3027 1942 3059 13
1966 3026 2156 3068 parentium
2181 3024 2264 3057 RT¹
2283 3023 2440 3068 fllucrum
2462 3023 2523 3056 ali-

311 3090 370 3112 om.
385 3078 432 3120 ςΙ]
451 3077 472 3110 6
495 3075 548 3109 ἔτι
574 3076 737 3118 Scrimqer
761 3087 800 3108 ex
822 3077 852 3115 ς]
877 3074 946 3108 εἴτε
967 3074 1009 3108 Μ
1021 3074 1034 3119 ΙΙ
1060 3070 1282 3118 ἠρτημένων]
1306 3083 1385 3116 pen·
1455 3072 1535 3114 quid
1549 3071 1686 3105 Tlucro
1698 3070 1811 3112 aliquo
1828 3071 1882 3113 Vn
1903 3073 1942 3106 17
1953 3073 2039 3104 rubr.
2052 3070 2102 3102 De
2114 3068 2241 3102 alendis
2251 3064 2366 3102 liber&
2376 3068 2468 3110 (filiis
2478 3068 2523 3108 R)

311 3122 409 3156 dente
432 3123 467 3163 (i.
483 3135 508 3154 e.
538 3117 616 3164 ’ρτη
645 3119 763 3162 ένονῖ)
788 3132 806 3156 ς
825 3119 837 3165 ΙΙ
854 3121 873 3154 8
898 3121 1174 3165 πεπερασμένην
1188 3120 1227 3152 Μ
1243 3119 1255 3161 ΙΙ
1274 3120 1316 3152 10
1339 3114 1387 3151 ὠς
1454 3128 1474 3149 a
1496 3116 1691 3160 parentibus
1716 3116 1782 3149 ΚΤ
1802 3117 1834 3149 in
1858 3128 1961 3159 marq.
1986 3116 2038 3156 (ex
2061 3116 2138 3155 Iul.)
2161 3114 2174 3158 ΙΙ
2201 3113 2398 3147 denuntiata
2422 3113 2521 3147 Han-

312 3164 462 3201 ἐπειδάν
485 3134 573 3207 aaz]
635 3176 690 3198 um
714 3168 824 3198 autem
850 3165 1033 3198 dominium
1064 3175 1176 3197 rerum
1205 3163 1386 3197 liberorum
1457 3163 1632 3206 buryensis]
1669 3160 1899 3193 denuntiatum
1923 3162 2014 3199 libri,
2042 3161 2127 3203 vuly.
2158 3159 2170 3203 ΙΙ
2198 3159 2305 3200 nobis]
2341 3158 2391 3192 bis
2414 3156 2520 3209 ,1⁷⁸2

312 3222 379 3245 esse
403 3210 565 3255 coeperit,
600 3211 695 3243 sive
726 3209 773 3243 ad
797 3209 1001 3243 secundas
1031 3208 1285 3252 migraverit
1307 3218 1385 3240 nu-
1456 3206 1577 3240 om.R¹
1594 3206 1606 3250 ΙΙ
1627 3207 1666 3240 19
1691 3206 1914 3238 transcierunt
1935 3205 1968 3239 V
1993 3205 2221 3246 transigerunt
2242 3203 2290 3237 Τ2
2323 3203 2522 3236 transierunt

312 3258 426 3301 ptias
457 3256 546 3290 sive
571 3265 671 3297 non,
705 3265 743 3287 ea
766 3255 841 3287 iura
864 3254 974 3287 locum
997 3254 1119 3288 habere
1142 3254 1205 3287 Iul.
1234 3253 1247 3297 n
1277 3254 1316 3288 13
1339 3249 1387 3285 ὠς
1458 3251 1607 3285 RV2T¹
1633 3251 1644 3294 ΙΙ
1673 3252 1715 3285 20
1739 3250 1817 3283 filiis
1838 3251 1890 3283 V⁰
1914 3250 1927 3293 ΙΙ
1951 3250 2162 3293 dispexerunt
2188 3250 2218 3282 R
2253 3251 2286 3282 et
2307 3247 2521 3290 despexerunt

313 3303 372 3335 ἐπὶ
386 3303 445 3343 Μ]
469 3302 556 3334 sicut
581 3303 614 3333 et
636 3301 672 3333 in
695 3301 730 3340 (i.
747 3313 771 3333 e.
797 3297 844 3332 αἱς
867 3302 927 3332 καὶ
950 3301 1022 3342 ἐπὶ]
1047 3311 1066 3336 ς
1088 3299 1100 3343 ΙΙ
1129 3301 1167 3333 21
1195 3293 1386 3343 περιεῖδον]
1455 3296 1551 3338 (disp.
1573 3295 1632 3338 V¹)
1658 3295 1715 3339 Vss
1732 3297 1770 3329 21
1799 3295 2040 3328 emendicantes
2054 3295 2086 3328 T
2100 3295 2111 3336 ΙΙ
2128 3295 2170 3328 22
2194 3289 2408 3326 conuertendi
2425 3288 2520 3329 R¹V,

315 3350 374 3391 leq.
388 3345 482 3391 (καὶ)
494 3347 544 3379 vel
554 3344 665 3389 <ε1τα>
677 3342 882 3389 περιεῖδονῖ
896 3347 950 3388 (cs.
965 3346 1051 3387 ade)
1069 3344 1082 3388 ΙΙ
1098 3342 1135 3378 οἱ
1147 3345 1260 3390 γονεῖς
1272 3355 1329 3377 om.
1346 3343 1388 3387 ςΙΙ
1455 3342 1509 3374 sed
1533 3342 1745 3374 convertente
1767 3341 1869 3384 cuiq:
1904 3344 2014 3373 autem
2037 3340 2153 3373 addidi
2180 3337 2195 3426 ss
2220 3338 2260 3372 23
2285 3336 2327 3370 sd
2345 3346 2406 3387 9¹2⁸·
2428 3333 2479 3366 V⁰
2509 3333 2522 3378 ΙΙ

314 3394 353 3426 31
379 3390 470 3435 ὁμοῦ
494 3392 574 3425 coni.
601 3390 788 3424 Zachariae
810 3391 878 3424 sine
902 3403 1001 3423 causa
1457 3387 1498 3419 25
1516 3386 1701 3419 delacerare
1715 3385 1774 3427 ΕΙ,
1798 3384 1974 3418 dilacelare
1994 3384 2043 3419 V²
2054 3386 2086 3418 in
2100 3396 2166 3417 ras.
2213 3383 2254 3416 27
2270 3379 2411 3413 medium
2434 3378 2485 3410 1⁷⁰
2509 3383 2520 3414 ΙΙ

1455 3431 1547 3464 aliud
1571 3430 1695 3474 R²Vu
1729 3432 1901 3473 reparetur
1929 3429 1976 3463 T¹
2019 3430 2226 3473 repararetur
2247 3423 2339 3459 R¹V
2361 3421 2375 3466 Ι
2412 3423 2454 3455 30
2479 3424 2521 3456 ῐιῖι

1425 3476 1443 3490 ‘
1457 3476 1539 3509 RT¹
1559 3478 1570 3517 11
1586 3475 1770 3508 occasiones
1791 3474 1842 3509 T¹
1858 3474 1871 3518 ΙΙ
1899 3475 1938 3509 31
1965 3478 2163 3518 spontaneae
2180 3469 2271 3505 Book
2304 3470 2517 3510 montaneam

361 3535 378 3568 1
395 3536 507 3567 saneta
528 3535 584 3578 vn
600 3534 714 3580 sormi·
733 3534 787 3578 Vll
806 3537 826 3570 2
843 3536 879 3569 in
897 3533 957 3575 ν’]
975 3534 1270 3578 omanvuty.
1289 3532 1337 3577 aa
1353 3535 1388 3566 ot
1454 3522 1664 3572 (spontaneaa
1689 3519 1752 3562 Ρ)
1777 3522 1810 3553 et
1834 3520 1910 3554 libri
1931 3519 1944 3564 ΙΙ
1972 3528 2102 3572 ⁵0¹¹⁸31¹¹¹
2126 3513 2210 3557 ⁸⁸¹
2237 3514 2258 3547 3
2302 3514 2412 3544 ‘utem
2443 3513 2486 3545 T'
2509 3515 2520 3555 Η

315 3577 351 3609 in
372 3578 424 3610 his
442 3579 502 3619 Ta]
527 3592 583 3612 om.
598 3579 721 3613 RVT²
738 3580 751 3622 ιι
766 3582 787 3614 4
811 3580 955 3624 quidem]
979 3578 1086 3612 solute
1110 3580 1188 3612 aunt
1211 3579 1287 3612 aaa.
1301 3578 1353 3612 1³⁶
1454 3569 1543 3598 ustae
1566 3566 1617 3598 V⁰
1634 3565 1647 3609 ΙΙ
1664 3567 1819 3618 peccante
1841 3565 1987 3607 Velm·
2003 3563 2037 3596 T
2044 3574 2076 3597 υ·
2089 3561 2163 3610 αφ)
2179 3558 2262 3599 ”¹⁴1⁹-
2286 3559 2418 3598 petente
2439 3558 2516 3608 {m

318 3623 338 3655 5
361 3622 427 3654 alio
450 3623 598 3664 quolibet
623 3625 655 3657 T
696 3627 806 3657 autem
829 3639 887 3659 om.
910 3624 991 3658 VT¹
1007 3624 1020 3667 ΙΙ
1037 3622 1257 3667 pendentibus
1271 3623 1364 3657 Beck
1451 3611 1610 3653 91⁰⁵⁸⁸m⁰
1632 3611 1746 3661 SCP'WJ
1762 3608 1775 3655 ΙΙ
1792 3611 1900 3660 auum!
1923 3607 2017 3660 3²:5⁷
2062 3604 2105 3640 3³
2126 3602 2224 3644 m
2251 3601 2302 3634 Τ,
2318 3601 2330 3643 ss
2347 3612 2517 3654 ⁰⁰⁰⁸⁸¹⁰P⁸

318 3666 340 3698 e
362 3676 458 3707 anper
481 3670 579 3700 testa
603 3669 636 3701 R
705 3671 722 3702 7
748 3670 923 3704 heredibus
946 3669 1008 3702 hoo
1031 3669 1064 3702 R
1092 3670 1105 3711 ss
1132 3670 1152 3703 ε
1176 3670 1300 3702 eertum
1325 3668 1385 3709 est]
1455 3654 1505 3687 T¹
1526 3654 1539 3699 ΙΙ
1565 3654 1764 3696 donatmms]
1787 3653 1999 3698 stobaeum·
2034 3657 2148 3684 wrm
2171 3646 2248 3679 “dd-
2273 3645 2324 3678 1³⁰
2346 3647 2358 3689 l
2386 3648 2429 3680 34
2453 3649 2516 3689 v1r]

318 3708 393 3742 οδω
418 3717 466 3742 ωε
492 3711 522 3742 R
539 3711 552 3753 ι
569 3714 589 3745 9
614 3712 714 3746 fuerit
736 3713 792 3757 Vn
808 3717 841 3748 et
864 3712 983 3748 mn*
999 3714 1011 3756 ῃ
1037 3715 1079 3747 ιο
1103 3713 1173 3746 eiu·
1195 3712 1276 3757 T¹u
1296 3714 1332 3748 11
1352 3715 1385 3745 et
1451 3699 1474 3744 ἦ
1498 3709 1762 3754 arulum-tur
1786 3707 1845 3753 Τιι
1867 3708 1911 3742 as
1934 3705 2072 3740 nonant
2095 3701 2392 3745 Tnmnsegentae
2419 3703 2451 3736 V
