2586 3990
197 146 257 176 DE
286 144 521 176 SAMARI'rIs
1269 127 1354 176 647
1961 131 2068 175 Nov.
2099 119 2279 174 CXXIX
2310 143 2369 185 pr.
2405 133 2424 172 1

691 293 773 335 ΙῙΘ
1806 298 1965 334 CXXIX.
2170 297 2280 332 Auth.
2296 295 2428 332 CXXII

378 365 556 418 ΠΕΡΙ
586 367 1091 421 ΣΑΜΑΡΕΙΤῼΝ.
1614 369 1710 417 DE
1760 365 2156 418 SAMARITIS.

237 442 291 490 (Ὁ
311 441 418 478 αὐτὸς
436 443 602 487 βασιλεὺς
625 442 779 489 Ἀδδαίῳ
801 445 947 491 ἐπάρχῳ
968 446 1232 493 πραιτωρίων.)
1663 445 1761 480 Idem
1778 446 1868 489 Aug.
1886 444 2034 479 Addaeo
2051 454 2111 488 pp.

260 514 340 566 x<Hp
349 524 374 565 ⁰-
377 524 396 544 ο
405 515 450 565 ίμ
458 511 555 556 ιον.>
603 510 713 547 Οὐδὲν
746 509 843 567 οῗξτιο
874 515 966 559 με’γα
994 514 1072 548 τῶν
1103 510 1277 557 ὑπηκόων
1407 512 1700 558 (Praefatio.)
1747 511 1891 547 Nullum
1917 514 1967 547 ita
1991 521 2155 555 magnum
2186 509 2427 545 subiectorum

193 568 291 590 τινος
322 570 399 590 των
430 560 613 602 ημετέρων
641 560 741 592 ἐστὶν
766 571 977 603 αμαρτημα,
1010 555 1058 592 αἱς
1079 558 1128 602 μὴ
1152 559 1214 602 τῆς
1239 558 1286 598 ἐξ
1313 560 1547 592 5n0str0rum
1582 557 1747 592 delictum
1773 561 1845 599 est,
1879 558 1974 601 quod
1999 567 2069 592 non
2094 559 2216 591 nostra
2242 554 2428 589 clementia

193 598 298 645 ἡμῶν
322 598 533 644 ἀξιωθῆναι
559 602 848 648 φιλανθρωπίας.
897 601 966 637 κᾶν
981 603 1056 648 γὰρ,
1071 604 1101 636 εἰ
1121 603 1167 637 τὰ
1184 599 1272 646 παρ’
1345 603 1538 638 medeatur.
1587 602 1690 637 Licet
1711 602 1802 636 enim
1823 612 1943 637 eorum
1965 602 2061 635 facta
2086 601 2166 635 odio
2189 600 2361 635 habentes
2381 598 2428 633 ad

195 643 316 680 αὐτῶν
351 646 528 692 γεγονότα
562 649 779 691 μισήσαντες
818 648 907 693 πρὸς
937 647 1006 690 τὴν
1038 648 1128 693 ὑπὲρ
1153 644 1275 681 αὐτῶν
1344 647 1534 682 vindictam
1558 657 1622 692 pro
1642 647 1693 681 eis
1716 647 1953 690 insurgamus,
1977 652 2094 681 tamen
2120 649 2259 689 tempus
2283 644 2426 678 meden-

193 689 447 735 διαναστώμεν
472 690 662 736 ἐκδίκησιν,
688 691 778 727 ἀλλὰ
803 693 870 727 τὸν
893 693 1021 738 καιρὸν
1050 693 1274 738 θεραπεύον-
1344 696 1397 727 tes
1422 696 1457 727 et
1483 693 1744 727 commonentes
1776 691 1888 727 modis
1914 690 2196 735 competentibus
2222 689 2427 732 delinquen-

192 747 249 770 τες
273 739 332 769 καὶ
356 740 427 770 τοῖς
451 737 662 782 προςήκουσι
694 738 775 772 τοὺς
799 735 1077 783 ἁμαρτάνοντας
1101 737 1273 780 νουθετή-
1343 741 1396 772 tes
1422 747 1543 772 rursus
1575 737 1620 771 ad
1644 740 1802 771 nostram
1836 736 2059 771 clementiam
2083 745 2292 776 remeamus,
2324 733 2426 767 iusti-

193 792 319 815 σαντες
342 782 489 826 τρόποις
514 782 625 817 πάλιν
649 782 739 827 πρὸς
762 782 830 826 τὴν
854 781 958 826 ἡμῶν
992 780 1115 816 αὐτῶν
1147 781 1274 828 φιλαν-
1291 785 1330 816 10
1344 783 1429 817 tiam
1450 782 1658 817 iracundiae
1675 781 1903 825 benignitatis
1924 780 2194 815 reconciliantes
2214 778 2425 814 rationibus.

193 826 370 871 θρωπίαν
395 826 582 871 ἐπάνιμεν,
604 828 645 862 τὸ
665 826 805 862 δίκαιον
828 829 890 871 τῆς
914 825 1020 874 ὀργῆς
1044 825 1275 873 ἅγαθότητος
1345 828 1456 871 Quale
1480 827 1646 871 quiddam
1672 829 1707 861 et
1730 836 1900 870 praesens
1924 827 2048 860 nostra
2072 825 2228 859 celebrat
2250 825 2318 858 lex.
2363 824 2426 875 Sa-

193 870 490 906 καταλεαίνοντες
511 871 695 917 λογισμοῖς.
745 871 873 908 ὁποῖον
895 870 938 916 δή
959 886 994 906 τι
1018 876 1077 906 καὶ
1103 869 1121 906 ὁ
1144 872 1274 918 παρῶν
1343 873 1488 907 maritas
1521 872 1613 906 enim
1644 872 1780 916 pridem
1813 875 1953 906 atroces
1978 873 2013 905 et
2036 870 2149 905 elatos
2176 871 2301 904 contra
2326 867 2427 902 Chrl-

192 914 297 959 ἡμῶν
322 917 613 963 πραγματεύεται
637 917 751 961 νόμος.
799 921 1026 962 Σαμαρείτας
1053 917 1122 964 γὰρ
1147 916 1274 962 πρώην
1344 918 1480 952 stianos
1514 919 1551 952 et
1585 917 1621 951 in
1651 917 1806 951 omnium
1841 917 1937 952 velut
1965 915 2192 951 novissimam
2224 913 2427 957 superbiam

194 962 484 1006 θρασυνομένους
515 965 573 995 καὶ
604 966 926 1008 κατεπαιρομένους
949 963 1184 1008 Χριστιανῶν
1215 965 1275 995 καὶ
1344 962 1555 998 excedentes
1591 961 1752 1006 plurimis
1786 961 1925 1006 quidem
1953 960 2078 1005 poenis
2115 959 2319 1000 affliximus,
2355 967 2428 1009 una

193 1006 282 1051 πρὸς
311 1006 381 1050 τὴν
406 1005 585 1041 ἁπάντων
617 1004 732 1054 ὥςπερ
765 1005 920 1051 ἐσχάτην
944 1006 1123 1042 ἀπόνοιαν
1148 1008 1330 1048 ἐξοκεί-15
1344 1017 1425 1042 vero
1461 1007 1622 1049 maxime,
1658 1007 1751 1051 quod
1787 1016 1902 1051 neque
1936 1008 2150 1041 testamenta
2186 1004 2254 1049 ipsi
2288 1005 2428 1048 possint

192 1050 324 1085 λαντας
348 1051 489 1087 πολλοῖς
512 1054 579 1096 μὲν
604 1054 794 1097 ἐπιτιμίοις
819 1055 1127 1099 έσωφρονίσαμεν,
1158 1054 1212 1086 ἑνὶ
1238 1050 1276 1086 δὲ
1346 1053 1571 1088 conscribere
1602 1061 1717 1096 neque
1748 1052 1875 1087 horum
1908 1050 2069 1086 defuncti
2099 1051 2234 1093 absque
2268 1048 2426 1092 cognatis

191 1096 349 1140 μάλιστα
372 1098 424 1139 τῷ
445 1097 533 1141 μήτε
554 1095 733 1140 διαθήκας
759 1095 885 1131 αὐτοὺς
906 1096 1092 1132 δύνασθαι
1122 1098 1275 1144 γράφειν
1345 1098 1404 1142 qui
1436 1099 1481 1132 ab
1511 1098 1681 1132 intestato
1714 1101 1889 1133 vocantur
1916 1096 2147 1132 hereditatem
2171 1095 2426 1134 transmittere,

190 1141 281 1187 μήτε
314 1143 456 1176 τούτων
487 1141 728 1176 τελευτῶντας
760 1141 961 1186 [διαθήκης]
997 1146 1103 1188 χωρὶς
1134 1146 1206 1176 τοῖς
1238 1141 1276 1182 ἐξ
1344 1142 1411 1177 nisi
1434 1142 1480 1177 ad
1504 1142 1735 1177 hereditatem
1767 1152 1810 1177 ex
1834 1145 1987 1186 utroque
2020 1151 2106 1176 casu
2130 1143 2276 1176 vocatos
2306 1141 2427 1173 rectae

192 1184 392 1221 (ἰδιαθέτου
427 1186 654 1231 καλουμένοις
693 1191 875 1234 συγγενέσι
912 1192 1170 1232 παραπέμπειν
1208 1187 1276 1221 τὸν
1345 1187 1629 1222 Christianorum
1664 1187 1747 1223 fidei
1783 1197 1861 1222 esse
1898 1187 2128 1230 contingeret.
2176 1183 2427 1219 Interdiximus

191 1231 334 1278 κλῆρον,
365 1231 461 1275 πλὴν
485 1233 515 1265 εἰ
538 1233 586 1276 μὴ
617 1232 698 1267 τοὺς
722 1234 811 1278 πρὸς
834 1233 917 1267 τοὺς
940 1232 1086 1278 κλήρους
1110 1230 1169 1279 ἐφ’
1195 1233 1273 1266 ἑκα-
1290 1233 1331 1265 20
1344 1236 1464 1267 autem
1489 1232 1539 1267 eis
1564 1236 1599 1267 et
1622 1233 1739 1276 legata
1763 1232 1848 1267 dare
1872 1234 1908 1267 et
1931 1232 2140 1266 donationes
2164 1230 2330 1272 scribere,
2364 1231 2427 1264 aut

191 1280 284 1322 τέρῳ
306 1278 443 1321 θέματι
465 1276 700 1321 καλουμένους
719 1280 782 1321 τῆς
806 1276 921 1322 ὄρθ’ἧς
945 1281 1023 1313 τῶν
1039 1279 1274 1323 Χριστιανῶν
1344 1278 1481 1321 aliquas
1504 1278 1645 1312 omnino
1667 1278 1898 1312 alienationes
1922 1276 1959 1311 in
1981 1276 2054 1311 Suis
2075 1285 2219 1320 ponere,
2243 1275 2313 1310 nisi
2334 1274 2427 1308 forte

191 1322 283 1355 εἶναι
315 1327 469 1357 πίστεως
499 1324 626 1369 συμβῇ.
677 1321 974 1368 ἇπηγορεύσαμεν
1006 1322 1045 1357 δὲ
1069 1321 1188 1357 αὐτοῖς
1215 1326 1274 1356 καὶ
1344 1322 1542 1358 orthodoxa
1565 1322 1637 1357 fide
1661 1322 1861 1366 percipiens
1886 1331 2040 1366 persona
2057 1324 2160 1356 esset.
2210 1320 2311 1354 Licet
2331 1319 2426 1354 enim

191 1366 329 1413 ληγάτα
361 1365 505 1402 διδόναι
540 1371 600 1401 καὶ
632 1366 765 1413 δωρεὰς
795 1370 959 1414 γράφειν,
995 1367 1018 1411 ἥ
1049 1380 1151 1403 τινας
1182 1364 1274 1402 ὅλως
1343 1368 1419 1412 lege
1442 1367 1597 1411 generali
1629 1368 1718 1402 haec
1743 1367 2080 1411 comprehendentes
2112 1369 2199 1400 tunc
2227 1364 2425 1399 memineri-

192 1410 390 1455 ἐκποιήσεις
414 1415 474 1447 ἐπὶ
490 1415 563 1446 τοῖς
578 1414 715 1447 οἰκείοις
731 1414 912 1448 τίθεσθαι
933 1411 1154 1459 πράγμασιν,
1179 1415 1272 1447 ἐπει·
1343 1424 1439 1455 mus,
1471 1415 1590 1447 tamen
1623 1423 1694 1447 non
1725 1413 1873 1447 eandem
1904 1412 1941 1447 in
1964 1412 2132 1456 operibus
2164 1420 2269 1454 quam
2298 1409 2426 1444 litteris

192 1456 261 1491 δαν
290 1457 340 1501 μὴ
368 1459 430 1501 τῆς
463 1454 668 1505 ὀρθοδόξου
694 1462 854 1505 πίστεως
883 1459 926 1493 τὸ
952 1457 1137 1503 λαμβάνον
1169 1457 1272 1505 πρός·
1289 1459 1329 1491 25
1345 1458 1578 1493 subtilitatem
1594 1458 1866 1493 reservavimus:
1892 1467 1974 1492 nam
1992 1467 2106 1500 neque
2122 1460 2283 1491 nostrum
2298 1454 2427 1490 fiscum

192 1515 295 1536 ωπον
319 1503 383 1547 εἴη.
430 1505 547 1537 ταῦτα
570 1505 638 1547 μὲν
667 1506 732 1536 οὐν
755 1503 858 1547 νόμῳ
882 1505 1011 1550 γενικῴ
1039 1501 1275 1548 διαλαβόντες
1345 1513 1410 1538 nec
1434 1503 1588 1548 aliquam
1619 1503 1755 1547 publici
1785 1506 1924 1547 partem
1956 1512 1998 1537 ex
2030 1502 2086 1536 his
2117 1502 2306 1546 quicquam
2331 1499 2425 1535 acci-

190 1549 387 1590 τηνικαῦτα
416 1548 655 1593 μεμνήμεθα,
688 1548 782 1592 πλὴν
817 1546 899 1582 ἀλλ’
926 1546 967 1583 οὗ
999 1549 1068 1592 τὴν
1093 1545 1207 1592 αὐτὴν
1235 1550 1275 1582 ἐν
1343 1559 1429 1593 pere
1453 1549 1550 1593 passi
1575 1558 1708 1591 sumus,
1733 1548 1816 1584 licet
1841 1550 1909 1584 hoc
1934 1549 2128 1592 expressim
2152 1548 2210 1582 lex
2234 1546 2345 1580 daret.

191 1596 263 1626 τοῖς
287 1594 400 1639 ἔργοις
428 1590 474 1636 ἣν
498 1595 537 1627 ἐν
561 1596 633 1627 τοῖς
656 1591 866 1639 γράμμασιν
890 1591 1076 1639 ἀκρίβειαν
1101 1591 1274 1639 ἐφυλάξα-

190 1647 275 1677 usu·
320 1638 403 1672 οὔτε
433 1638 503 1684 γὰρ
533 1637 601 1672 τὸν
624 1636 798 1684 ἡμέτερον
821 1642 952 1683 φίσκον
983 1639 1066 1673 οὔτε
1095 1639 1179 1673 τινὰ
1208 1640 1273 1673 τοῦ

191 1681 362 1727 δημοσίου
385 1687 515 1728 μοῖραν
531 1684 658 1729 ἑτέραν
677 1685 754 1718 τῶν
772 1685 914 1718 ἐκεῖθέν
932 1697 968 1718 τι
984 1683 1110 1729 λαβεῖν
1130 1681 1273 1727 ἠνεσχό-
1288 1686 1329 1719 30

189 1728 300 1770 μεθα,
325 1724 394 1762 κᾶν
419 1729 450 1761 εἰ
472 1729 581 1763 τοῦτο
605 1730 721 1774 ῥητῶς
745 1727 764 1762 ὁ
789 1729 899 1774 νόμος
923 1727 1050 1763 ἐδίδου.

1205 1842 1363 1878 CAPUT
1388 1842 1417 1878 Ι.

257 1908 338 1942 Νῦν
363 1906 402 1942 δὲ
426 1906 469 1951 δὴ
494 1908 584 1953 πρὸς
608 1908 649 1942 τὸ
674 1912 820 1953 μέτριον
845 1909 1120 1951 έπαναχθέντας
1145 1906 1273 1944 αὐτοὺς
1409 1910 1516 1945 Nunc
1540 1910 1660 1954 itaque
1691 1909 1738 1945 ad
1762 1908 2041 1944 moderationem
2073 1906 2243 1942 reductos
2267 1905 2426 1941 videntes

190 1951 344 1996 ἰδόντες,
380 1952 487 1998 ἡμῶν
521 1966 561 1988 τε
592 1950 717 1988 αὐτῶν
753 1951 904 1994 ἀνάξιον
938 1955 1031 1988 εἶναι
1061 1958 1275 1998 νομίσαντες
1343 1965 1422 1998 eos,
1455 1957 1492 1990 et
1515 1957 1719 1992 nostrorum
1749 1955 1910 2000 ipsorum
1938 1953 2123 1997 indignum
2154 1961 2234 1987 esse
2259 1953 2426 1996 putantes

259 2044 343 2077 Νου.
362 2045 528 2077 CXXIX
549 2044 713 2087 (Authent.
731 2045 895 2087 CXXII)
925 2045 1048 2079 Graece
1070 2052 1157 2078 extat
1181 2047 1214 2079 in
1234 2046 1283 2079 M
1303 2065 1346 2069 --
1370 2046 1461 2089 Epit.
1480 2046 1601 2078 Theod.
1622 2047 1696 2087 129,
1721 2045 1843 2078 Athon.
1862 2046 1892 2086 3,
1909 2051 1925 2078 2
1948 2044 2036 2085 (inde
2064 2043 2145 2077 Coll.
2171 2043 2426 2076 constitutionum

192 2090 265 2122 eccl.
289 2089 354 2121 ΙΙΙ
374 2090 405 2130 3,
423 2090 462 2131 2),
485 2089 671 2133 Anonymus
695 2090 901 2123 Bodleianus
926 2091 967 2123 20
994 2091 1085 2132 apud
1108 2090 1296 2124 Zachariae
1317 2085 1448 2123 Ἀνέκδ.
1466 2102 1503 2133 p.
1522 2091 1597 2124 219.
1644 2090 1766 2123 Iulian.
1784 2097 1883 2123 const.
1904 2089 2036 2122 CXVI.
2083 2088 2311 2131 Aryumentum
2336 2093 2427 2120 notat

190 2134 323 2168 Nomoc.
349 2134 448 2167 XIV
470 2135 514 2167 tit.
535 2136 587 2176 10,
604 2141 620 2168 8
642 2147 676 2177 p.
696 2135 759 2168 586
785 2135 890 2168 Pitra.

1223 2273 1390 2311 CXXIX.

1035 2353 1137 2403 DE
1167 2351 1575 2404 SAMARITIS.

327 2445 589 2491 Praefatio.
638 2444 786 2479 Nullum
810 2443 900 2478 adeo
926 2454 1095 2488 maqnum
1127 2446 1181 2477 est
1211 2443 1322 2477 ullius
1354 2453 1402 2478 ex
1432 2442 1600 2477 subiectis
1635 2440 1770 2475 nostris
1801 2440 1987 2483 delictum,
2025 2444 2065 2476 ut
2095 2453 2169 2477 non
2202 2440 2424 2479 humanitate

190 2499 315 2530 nostra
340 2492 489 2537 diqnum
513 2490 728 2525 aestimetur.
775 2488 876 2524 Licet
899 2489 991 2523 enim
1023 2498 1116 2533 quae
1140 2487 1184 2522 ab
1208 2487 1254 2522 iis
1274 2488 1380 2534 facta
1403 2491 1489 2523 sunt
1511 2486 1616 2523 exosi
1647 2486 1696 2521 ad
1718 2485 1910 2521 vindictam
1943 2486 1987 2521 de
2017 2487 2063 2521 its
2092 2487 2319 2522 statuendam
2343 2499 2423 2523 sur-

190 2550 330 2586 qamus,
363 2542 480 2572 tamen
505 2539 643 2580 tempus
667 2538 835 2569 curantes
858 2533 918 2568 ubi
941 2532 1188 2578 delinquentes
1211 2532 1501 2568 convenientibus
1525 2531 1639 2566 modis
1664 2531 1702 2566 in
1727 2530 1836 2566 aliam
1859 2535 2008 2566 mentem
2032 2531 2264 2575 adduximus,
2295 2543 2424 2568 rursus

191 2585 240 2619 ad
255 2582 512 2619 humanitatem
537 2584 698 2615 nostram
723 2579 880 2614 redimus
902 2578 1032 2612 iustam
1055 2578 1146 2612 iram
1171 2578 1401 2623 beniqnitatis
1424 2576 1627 2612 rationibus
1651 2575 1832 2616 lenientes
1879 2574 2100 2656 Qualeffuid
2119 2578 2226 2613 etiam
2243 2588 2422 2623 praesens

192 2630 254 2665 lex
277 2632 404 2663 nostra
429 2627 514 2671 aqit.
563 2624 765 2659 Samaritas
789 2623 881 2659 enim
900 2623 1008 2668 prius
1031 2626 1174 2657 atroces
1197 2626 1231 2658 et
1254 2622 1426 2658 adversus
1452 2621 1673 2657 Christianos
1696 2621 1811 2655 elatos
1838 2625 1947 2666 atque
1970 2632 1992 2656 a
2041 2626 2241 2657 extremam
2266 2623 2422 2658 omnium

191 2674 297 2720 quasi
322 2671 533 2707 clementiam
553 2669 720 2715 delapsos
743 2680 822 2703 cum
846 2668 966 2703 multis
988 2667 1117 2713 poenis
1133 2667 1388 2713 castiqavimus
1413 2671 1485 2702 tum
1502 2677 1575 2701 una
1589 2666 1827 2712 potissimum,
1852 2672 1892 2701 ut
1907 2676 2022 2711 neque
2040 2671 2248 2703 testamenta
2267 2667 2423 2704 scribere

191 2729 305 2765 neque
328 2717 405 2752 sine
430 2715 647 2751 testamentis
670 2714 876 2749 decedentes
901 2712 950 2748 ad
972 2717 1148 2757 eoqnatos
1179 2713 1244 2757 qui
1265 2712 1309 2748 ab
1333 2713 1502 2747 intestato
1534 2715 1711 2747 vocantur
1735 2710 1966 2746 hereditatem
1999 2713 2238 2747 transmittere
2260 2717 2422 2758 possent,

190 2765 261 2799 nisi
283 2763 385 2808 forte
408 2761 472 2806 qui
494 2759 542 2794 ad
565 2758 780 2794 hereditates
803 2758 840 2793 in
865 2762 1019 2803 utroque
1043 2767 1129 2791 casu
1156 2761 1332 2792 vocantur
1355 2760 1476 2792 rectae
1499 2755 1783 2791 Christianorum
1803 2755 1891 2800 fidei
1913 2760 2039 2792 essent.
2098 2757 2281 2792 Vetuimus
2304 2761 2422 2793 autem

190 2820 253 2845 eos
276 2812 312 2844 et
335 2807 457 2852 leqata
481 2804 570 2839 dare
593 2807 627 2839 et
650 2803 865 2839 donationes
887 2802 1054 2843 seribere,
1086 2801 1142 2836 vel
1164 2801 1259 2836 ullas
1283 2802 1428 2836 omnino
1454 2802 1490 2836 in
1514 2800 1622 2836 rebus
1643 2801 1805 2848 propriis
1829 2801 2066 2836 alienationes
2087 2803 2226 2848 faeere,
2261 2802 2321 2838 ubi
2335 2813 2422 2849 per-

189 2865 280 2889 sona
309 2862 402 2898 quae
425 2854 619 2895 acceptura
643 2850 689 2884 sit
722 2848 951 2884 orthodoxae
970 2847 1057 2891 fidei
1081 2857 1154 2881 non
1177 2846 1235 2882 sit.
1283 2847 1401 2892 Atque
1424 2845 1513 2881 haec
1543 2845 1684 2891 quidem
1715 2856 1781 2881 nos
1804 2846 1966 2891 qenerali
1998 2846 2076 2893 leqe
2107 2847 2322 2893 complexos
2345 2859 2422 2883 esse

190 2897 423 2938 meminimus,
454 2895 525 2929 nisi
556 2893 654 2939 quod
683 2904 754 2928 non
784 2893 931 2928 eandem
961 2893 999 2927 in
1028 2891 1143 2937 factis
1174 2901 1282 2936 quam
1304 2892 1343 2926 in
1368 2891 1496 2926 litteris
1524 2891 1747 2937 dili'qentiarn
1769 2891 2008 2926 servavimus:
2042 2903 2157 2937 neque
2180 2892 2272 2927 enim
2294 2892 2422 2937 fiscum

190 2948 351 2978 nostrum
382 2951 498 2985 neque
530 2939 639 2974 aliam
669 2938 780 2973 ullam
811 2938 865 2972 rei
891 2937 1059 2983 publicae
1088 2940 1229 2981 partem
1261 2937 1453 2982 quicquam
1484 2935 1568 2972 inde
1598 2936 1763 2982 accipere
1792 2936 1895 2982 passi
1925 2947 2057 2979 sumus,
2094 2937 2176 2972 licet
2199 2936 2267 2972 hoo
2289 2937 2422 2973 diserte

192 2988 254 3023 lex
277 2985 539 3067 coitiedteyeerfum
563 3038 659 3062 nune
683 3027 824 3072 quidem
849 3037 927 3061 cum
950 3037 1010 3062 eos
1034 3025 1084 3060 ad
1106 3025 1386 3062 moderationem
1408 3024 1576 3061 reductos
1599 3024 1793 3067 videamus,
1826 3025 1999 3070 nobisque
2022 3025 2111 3071 ipsis
2134 3026 2322 3073 indiqnum
2345 3038 2422 3063 esse

251 3166 372 3198 2rubr.
398 3165 487 3205 Περὶ
511 3161 752 3205 Σαμαρειτῶν
776 3163 873 3194 index
892 3162 942 3201 M,
966 3161 1042 3192 Ath.
1062 3161 1182 3192 Theod.
1200 3161 1269 3194 No·
1399 3161 1414 3192 1
1442 3172 1512 3192 nov.
1531 3160 1691 3192 CXXIX
1711 3175 1754 3186 =
1777 3160 1874 3192 Auth.
1895 3160 2037 3193 CXXII
2057 3173 2115 3193 om.
2140 3160 2184 3203 R,
2209 3162 2292 3194 inter
2314 3169 2420 3196 extra-

191 3211 281 3250 πιθα]
306 3210 394 3251 Περὶ
417 3208 494 3240 τῶν
518 3206 749 3250 σαμαρειτῶν
765 3207 853 3238 Min
871 3213 971 3243 textu3
996 3207 1085 3248 Περὶ
1105 3204 1170 3237 τοῦ
1191 3204 1272 3238 τοὺς
1339 3212 1495 3247 vayantes
1520 3206 1552 3237 in
1570 3207 1748 3247 appendice
1773 3208 1813 3237 ab
1835 3205 1899 3237 alio
1925 3206 2059 3239 librario
2080 3208 2232 3248 scriptam
2251 3208 2376 3240 eoehibet
2392 3208 2425 3240 Τ

192 3256 417 3297 Σαμαρείτας
447 3250 680 3296 κληρονομεῖν
711 3253 770 3283 καὶ
802 3249 1104 3294 κληρονομεῖσθαι
1134 3251 1194 3282 καὶ
1224 3249 1271 3283 τὰ
1329 3251 1362 3292 f.
1390 3251 1452 3283 180
1479 3248 1491 3293 Π
1520 3250 1639 3282 2rubr.
1665 3249 1714 3281 De
1738 3249 1911 3281 Samaritis
1935 3251 2033 3293 only]
2066 3251 2115 3283 De
2139 3251 2355 3284 samaritanis
2381 3253 2420 3293 T,

192 3298 283 3332 ἄλλα
309 3299 424 3331 ποιεῖν
450 3294 728 3339 συναλλάγματα
750 3295 876 3328 καθώς
899 3294 941 3328 τὸ
968 3291 1147 3339 πρότερον
1164 3295 1269 3327 Anon.
1339 3307 1396 3327 om.
1420 3294 1475 3337 Vll
1494 3295 1513 3327 3
1535 3294 1637 3326 addeo
1660 3291 1800 3337 {iporum
1821 3295 1884 3327 VT
1898 3294 1910 3337 ΙΙ
1932 3296 1953 3328 4
1978 3294 2131 3336 Nullum]
2157 3296 2214 3328 Set
2234 3296 2331 3328 illum
2358 3298 2390 3329 T
2410 3296 2421 3342 ΙΙ

193 3346 398 3378 Bodleianus
415 3342 427 3381 11
446 3343 464 3374 3
487 3344 581 3375 inser.
608 3354 666 3374 om.
688 3341 738 3382 M,
759 3347 929 3383 praestant
952 3340 1026 3372 Ath.
1052 3347 1080 3372 et
1100 3351 1119 3375 ς
1144 3335 1270 3384 (Ἀρεο-
1340 3342 1358 3373 5
1382 3341 1571 3371 nostrorum
1595 3352 1654 3371 om.
1674 3341 1705 3372 T
1730 3339 1742 3382 ΙΙ
1773 3340 1793 3372 6
1817 3339 1893 3371 odio
1917 3341 2017 3381 vala]
2043 3340 2103 3372 deo
2125 3341 2187 3374 VT
2207 3341 2218 3384 ΙΙ
2245 3343 2264 3375 8
2290 3352 2420 3383 compo-

191 3386 307 3432 βίνδῳ
325 3401 387 3431 pro
401 3384 554 3428 Ἀδδαίῳ
573 3399 639 3419 cum
654 3387 853 3428 Leunclavio
866 3386 965 3428 ναῖς.)
984 3384 995 3428 ΙΙ
1015 3387 1033 3418 5
1047 3382 1143 3418 τινὸς
1161 3384 1271 3428 omen
1338 3386 1452 3415 nentes
1472 3384 1527 3427 Vll
1555 3386 1593 3417 11
1621 3386 1749 3417 nostras
1769 3383 1825 3427 Vll
1852 3386 1892 3417 14
1917 3384 2096 3426 affligimus
2118 3386 2152 3418 V
2168 3386 2334 3419 affiximus
2360 3387 2391 3419 Τ

191 3434 257 3473 *ἐξ
274 3432 378 3477 ἡμῶν
397 3433 520 3474 (nostra
537 3433 580 3472 ς)]
606 3430 644 3469 ἐξ
659 3429 698 3472 ἡς
716 3431 765 3472 Μ,
790 3429 867 3472 ἑξῆς
887 3442 954 3462 cum
967 3430 1150 3472 Scrimqero
1162 3431 1268 3473 vul9.;
1340 3431 1380 3462 15
1406 3429 1609 3461 testamentis
1634 3430 1667 3462 T
1681 3430 1692 3471 ΙΙ
1720 3431 1758 3463 17
1783 3431 1923 3462 uocatur
1945 3430 2000 3473 Vll
2029 3431 2067 3463 18
2093 3440 2171 3463 casu
2198 3432 2244 3471 T]
2271 3444 2329 3464 om.
2359 3432 2393 3465 V

192 3479 275 3521 ἐμῆς
300 3480 380 3511 coni.
396 3478 582 3510 Zachariae
601 3476 611 3516 ΙΙ
631 3479 670 3510 15
696 3474 952 3515 ἐξωκείλαντας
976 3475 1016 3507 Μ
1030 3473 1041 3518 ΙΙ
1064 3475 1102 3508 18
1128 3472 1270 3508 *τελευ-
1338 3476 1469 3506 vocatos
1493 3475 1591 3517 vala]
1616 3477 1754 3507 uocatus
1777 3475 1812 3515 V,
1838 3487 1895 3507 om.
1914 3474 1969 3517 ΤΙΙ
1989 3476 2028 3508 19
2053 3475 2283 3508 interdicimus
2302 3477 2357 3519 ΤΙΙ
2377 3478 2414 3510 21

191 3522 345 3556 τώντων
371 3524 413 3556 M
418 3536 425 3561 ;
462 3520 703 3554 τελευτῶντας
735 3522 861 3554 correxi
890 3528 919 3553 et
949 3516 1125 3561 διαθήκης
1156 3521 1274 3553 seclusi
1338 3521 1470 3561 ponere]
1495 3519 1593 3551 rebus
1618 3521 1694 3552 add.
1712 3520 1798 3563 vuly.
1817 3520 1827 3560 ΙΙ
1853 3519 1965 3552 forsan
1989 3520 2076 3563 vulq.
2096 3519 2108 3563 ΙΙ
2133 3522 2174 3554 23
2198 3523 2282 3553 tuno
2305 3523 2419 3553 memi-

191 3570 246 3610 (ef.
273 3571 303 3610 ς)
328 3569 400 3601 coll.
415 3569 542 3608 648,11.
558 3574 593 3599 24
614 3566 630 3608 Η
657 3568 696 3599 19
721 3563 953 3608 καλουμένους
977 3565 1023 3597 Μ
1042 3563 1054 3608 ΙΙ
1078 3566 1119 3598 23
1145 3563 1271 3598 *τινας
1338 3564 1473 3596 neribus
1495 3564 1528 3596 V
1545 3564 1556 3606 ΙΙ
1584 3565 1627 3597 24
1651 3564 1762 3597 eadem
1788 3563 1840 3608 VH
1867 3565 1908 3597 25
1933 3564 2176 3597 reseruabimus
2198 3565 2254 3608 Vn
2281 3567 2323 3599 26
2348 3569 2418 3608 nec]

192 3613 332 3654 (aliquas
357 3614 399 3655 ς)]
423 3611 487 3646 τὰς
513 3612 552 3644 Μ
568 3611 641 3649 1124
665 3610 874 3657 πράγμασιν
899 3622 956 3643 om.
974 3621 993 3645 ς
1009 3610 1021 3648 ΙΙ
1040 3606 1188 3643 ἐπειδὰν
1210 3607 1269 3652 μὴ]
1338 3619 1444 3650 neque
1468 3611 1614 3642 nostram
1638 3610 1794 3651 (nostram
1817 3610 1878 3643 del.
1900 3621 1939 3642 m.
1960 3610 2036 3651 rec.)
2060 3620 2120 3643 nec
2148 3611 2180 3643 T
2192 3610 2205 3655 ΙΙ
2223 3612 2264 3644 27
2291 3621 2420 3653 expres-

192 3658 257 3689 nisi
281 3658 366 3690 forte
390 3669 409 3693 ς
427 3657 439 3701 {1
464 3658 506 3691 26
531 3652 645 3699 νόμῳ]
676 3657 751 3689 Cod.
769 3658 798 3697 1,
813 3664 839 3697 5,
855 3663 883 3688 17
904 3654 915 3694 ΙΙ
938 3656 980 3688 28
1005 3651 1051 3698 ἣν
1074 3656 1158 3698 vulq.
1182 3667 1220 3688 ex
1239 3656 1268 3696 ς]
1338 3664 1409 3686 sum
1433 3654 1465 3686 T

192 3700 261 3745 τὴν
284 3703 331 3735 Μ
347 3703 358 3746 ΙΙ
384 3704 426 3736 29
446 3697 616 3735 *οὗδὲ-
632 3696 713 3734 οὐδὲ
737 3701 783 3734 M
801 3699 813 3744 ΙΙ
830 3702 871 3734 30
896 3699 1020 3745 ἑτέραν
1045 3712 1101 3733 om.
1117 3711 1136 3736 ς
