2618 4010
1235 131 1322 180 335

1317 247 1476 289 veritate,
1502 246 1645 282 domum
1665 247 1776 280 totam
1798 243 1962 280 aedificet
1986 248 2022 281 et
2042 255 2155 291 usque
2175 244 2222 280 ad
2242 244 2396 290 spatium

1317 296 1432 328 totum
1462 294 1619 335 (centum
1642 290 1792 326 dicimus
1816 290 1960 335 pedum)
1983 290 2122 333 tendat,
2155 289 2318 326 aedificia
2341 290 2394 326 fa-

166 149 325 182 mmm
364 146 589 180 aereorus
1974 133 2082 179 Nov.
2104 132 2243 176 LXIII
2276 136 2293 175 1
2328 146 2394 190 ep.

168 248 287 285 δέοιτο
316 251 394 283 ταῖς
425 246 632 291 ἀληθείαις,
667 247 766 282 οἷκον
799 243 884 282 ὅλον
918 246 1151 292 οἰκοδομείτω
1188 250 1248 281 καὶ

167 297 268 340 μέχρι
288 295 351 329 τοῦ
372 292 611 338 διαστήματος
631 291 768 329 παντὸς
789 295 864 335 (τοῦ
884 295 962 328 τῶν
983 291 1112 328 ἑκατόν
1128 306 1248 339 φαμεν

169 339 309 383 ποδῶν)
327 342 501 384 χωρείτω,
526 337 588 372 τὰς
611 335 815 382 οἰκοδομίας
838 341 957 374 ποιῶν
983 336 1030 373 ὠς
1050 336 1248 386 ἀναγκαίας
1318 338 1415 374 ciens
1439 341 1622 383 tamquam
1645 337 1853 372 necessaria
1877 335 1946 371 sibi
1969 340 2005 371 et
2022 335 2242 372 inevitabilia
2261 335 2394 381 futura,

169 384 269 430 αὐτῷ
302 387 362 419 καὶ
393 381 656 431 ἀπαραιτήτους
687 385 872 428 ἐσομένας·
908 383 957 429 μὴ
985 382 1058 428 μὴν
1073 381 1149 418 ”ὃιᾰ
1179 382 1247 427 τὴν
1317 394 1390 420 11011
1410 386 1530 419 autem
1554 383 1701 428 propter
1726 380 1831 416 vicini
1854 380 2047 418 laesionem
2072 384 2259 418 construat
2277 381 2395 427 parie-

168 432 232 466 τοῦ
263 433 419 478 γείτονος
454 427 650 474 ἐπιβουλὴν
685 428 745 464 διὰ
779 431 888 464 τοῦτο
923 427 1140 472 σχεδιαζέτω
1176 434 1248 463 τοί-
1285 433 1304 465 5
1318 431 1372 465 tes
1408 432 1444 464 et
1478 428 1575 464 velut
1609 437 1652 463 ex
1688 425 1840 472 quadam
1875 427 2017 471 pictura
2057 427 2165 462 talem
2200 427 2396 463 extendens

168 487 247 521 χους
270 478 330 510 καὶ
350 471 467 523 ὥςπερ
491 476 555 530 ἐπί
565 486 673 530 ,τινος
691 475 829 528 γραφῆς
851 474 919 531 τὴν
940 473 1113 529 τοιαύτην
1137 477 1246 509 έκτεί-
1684 471 1694 480 ’

1317 474 1617 510 machinationem
1665 472 1874 508 nvationem
1899 475 2068 517 aspectus
2092 472 2252 518 arripiat.
2294 472 2398 508 Sicut

168 533 232 558 νας
252 523 452 568 σκαιωρίαν
473 533 540 564 την
557 524 748 566 αφαίοεσιν
771 532 832 563 τηε
850 519 1022 566 απόψεως
1042 523 1246 566 αρπαζέτω.
1317 521 1409 556 enim
1442 530 1504 556 eos
1537 519 1598 564 qui
1628 484 1747 554 AEiena
1779 516 1950 562 diripiunt
1988 520 2086 553 reete
2121 527 2326 554 aversamur
2359 522 2398 554 et

170 564 298 620 ὥςπερ,
315 564 383 614 γὰρ
413 564 494 600 τοὺς
528 564 573 600 τὰ
603 553 691 600 ἄλλα
723 563 951 611 ἁρπάζοντας
981 563 1127 600 εἰκότως
1158 564 1242 601 ἀπο-

1316 575 1433 611 poena
1458 565 1581 610 dignos
1605 567 1790 618 putamus,
1822 562 1875 598 ita
1907 565 1944 598 et
1974 562 2043 598 hoc
2075 563 2261 599 molientes
2284 563 2396 599 nihilo

168 611 403 658 στρεφομεθα
431 614 490 645 καὶ
524 612 648 654 ποινῆς
679 609 797 652 ἀξίους
825 613 1029 656 νομίζομεν,
1061 607 1157 646 οὕτω
1186 615 1246 645 καὶ
1316 611 1470 647 minores
1500 610 1638 646 malitla
1670 619 1793 645 eorum
1823 608 1884 653 qui
1912 607 2021 643 etiam
2051 608 2186 644 alienas
2217 619 2276 644 res
2305 609 2395 645 arri-

167 657 250 693 τούς
269 658 376 692 τοῦτο
393 660 635 701 τεχνωμένους
658 654 802 692 οὐδενὸς
826 655 1017 691 ἐλάττονας
1045 658 1092 691 εἰς
1115 660 1245 691 κακίαν
1262 660 1303 692 10
1316 657 1421 702 piunt
1440 656 1681 692 aestimamus.
1720 653 1823 690 Unde
1842 653 1872 689 si
1889 663 2038 698 parvam
2058 654 2216 707 aliquam
2235 664 2310 690 rem
2331 665 2396 699 per

168 705 245 738 τῶν
269 705 329 736 καὶ
352 700 398 736 τὰ
422 701 513 736 ἄλλα
537 702 734 748 πράγματα
769 700 1012 747 ἁρπαζόντων
1041 704 1245 746 νομίζομεν.
1315 703 1458 738 modum
1482 700 1694 747 arreptionis
1718 700 1862 735 auferre
1885 703 2129 744 praesumenti
2148 700 2240 736 bene
2259 698 2396 736 faciens

171 744 258 784 ὥςτε
283 748 313 782 εἰ
336 750 395 782 καὶ
419 750 472 791 τῷ
498 748 649 793 σμικρόν
671 761 708 782 τι
732 748 880 794 πρᾶγμα
901 745 1026 791 λαβεῖν
1050 746 1142 781 κατὰ
1165 745 1246 793 τρό-
1315 747 1351 782 vi
1366 747 1542 783 bonorum
1561 750 1747 792 raptorum
1773 756 1853 780 cum
1870 743 2064 790 quadrupli
2087 745 2243 780 minatur
2266 755 2395 790 poena,

169 807 241 829 πον
272 790 432 840 ἁρπαγῆς
459 792 689 840 θαρρήσαντι
715 795 752 827 εὐ
783 793 936 828 ποιοῦσα
965 789 987 835 ἡ
1012 792 1047 828 vi
1070 792 1247 828 bonorum
1315 792 1491 838 quomodo
1522 803 1595 828 non
1624 793 1661 827 et
1685 791 1782 827 hunc
1805 799 1955 826 necesse
1978 794 2044 834 est,
2080 790 2141 836 qui
2164 790 2238 826 tale
2261 789 2396 835 aliquid

170 842 356 886 raptorum
387 838 477 882 μετὰ
500 840 561 882 τῆς
584 837 848 883 τετραπλασίας
870 839 989 872 ἔπεισι
1010 838 1145 881 ποινῆς,
1169 838 1247 872 πῶς
1313 838 1395 882 egit,
1421 842 1455 872 et
1476 838 1555 883 cogi
1578 838 1754 882 deponere
1779 836 1874 881 quod
1899 835 1945 871 ab
1969 846 2012 871 eo
2039 835 2176 872 factum
2196 838 2251 872 est
2272 838 2309 871 et
2327 836 2397 871 alia

169 883 246 928 οὐχὶ
270 888 329 918 καὶ
350 886 482 918 τοῦτον
505 881 575 919 ἀνά
598 898 640 928 κη
663 882 729 918 τὸν
747 881 889 917 τοιοῦτό
913 896 949 917 τι
973 881 1165 929 πράξαντα
1187 886 1301 918 καὶ15
1314 883 1441 918 maiori
1464 893 1581 928 poena
1604 882 1767 923 multari,
1801 882 1871 917 hoc
1895 884 1952 916 est
1975 881 2098 917 decem
2120 881 2294 917 librarum
2318 882 2397 916 auri

169 929 341 965 καθελεῖν
362 927 563 976 ἀναγκάζω
597 943 634 963 αι
660 926 700 963 τὸ
722 923 812 974 παρ’
833 925 942 962 αὐτοῦ
968 926 1165 974 γενόμενον
1187 931 1248 962 καὶ
1314 928 1577 964 inferendarum
1608 927 1845 963 theatralibus
1876 930 1961 963 tuae
1985 927 2224 970 celsitudinis,
2259 930 2301 961 ut
2324 937 2397 962 non

170 977 274 1022 ἑτέρᾳ
297 977 436 1020 μείζονι
467 976 577 1022 ποινῇ
600 973 910 1031 σωφρονισθῆναι,
936 977 1100 1008 τουτέστι
1124 974 1249 1009 decem
1315 974 1431 1009 malus
1456 974 1594 1009 vicinus
1617 973 1698 1016 (hoc
1724 973 1820 1019 quod
1843 972 1880 1008 in
1905 982 2067 1009 sermone
2088 975 2153 1015 est)
2178 972 2396 1008 constitutus

169 1022 346 1057 librarum
369 1021 448 1056 auri
479 1021 772 1075 είςκοριζομενων
805 1020 860 1075 τῇ,
875 1017 1080 1065 θεατραλίᾳ
1103 1020 1164 1062 τῆς
1187 1020 1249 1061 σῆς
1315 1019 1423 1054 vadat
1456 1018 1619 1054 deridens
1651 1019 1764 1063 legem
1793 1022 1975 1062 tamquam
2004 1029 2076 1055 non
2107 1018 2283 1055 valentem
2315 1028 2397 1052 eum

170 1067 358 1112 ὑπεροχῆς·
402 1066 463 1100 ἵνα
494 1079 562 1120 μη,
588 1064 693 1099 κακὸς
714 1067 847 1111 γείτων
895 1065 1014 1107 (τοῦτο
1046 1062 1090 1108 δὴ
1117 1063 1159 1099 τὸ
1183 1066 1246 1099 τοῦ

172 1111 288 1168 λργου)
321 1108 509 1159 γενόμενος
542 1113 644 1164 απίοι
679 1108 892 1156 καταγελῶν
927 1111 992 1144 τοῦ
1027 1109 1156 1165 νόμρυ,
1200 1110 1247 1144 αῖς
1262 1112 1303 1145 20

172 1171 234 1193 ουκ
266 1156 475 1200 ἰσχύσαντος
506 1153 617 1190 αὐτον
649 1157 727 1189 ταῖς
758 1155 901 1189 οἰκείαις
936 1152 1137 1203 ὖπαγαγειν
1172 1153 1247 1189 δια·

171 1199 365 1238 τυπώσεσι.

216 1246 309 1294 <Ἐπ
320 1252 335 1281 ί
341 1246 387 1282 λο
425 1246 495 1291 ος.)
534 1245 583 1280 Τὰ
604 1249 727 1280 τοίνυν
745 1245 987 1292 παραστάντα
1005 1243 1089 1291 ἡμῖν
1108 1249 1168 1280 καὶ
1189 1244 1250 1280 διὰ

172 1292 276 1329 τοῦδε
298 1294 362 1328 τοῦ
415 1295 487 1326 είου
512 1289 713 1336 δηλούμενα
736 1289 847 1336 νόμου
872 1288 893 1334 ἡ
917 1289 962 1334 σὴ
980 1288 1134 1337 ὑπεροχὴ
1157 1290 1248 1326 κατὰ

1316 1064 1474 1110 propriis
1498 1065 1658 1100 inhibere
1684 1063 1990 1110 dispositionibus.

1363 1245 1632 1291 (Epilogus.)
1678 1245 1776 1290 Quae
1795 1246 1905 1290 igitur
1923 1245 2138 1290 placuerunt
2156 1245 2259 1281 nobis
2281 1249 2316 1281 et
2334 1255 2399 1290 per

1318 1291 1413 1326 hanc
1437 1301 1575 1326 sacram
1601 1291 1785 1327 declarata
1808 1298 1894 1326 sunt
1916 1292 2041 1336 legem,
2074 1294 2137 1327 tua
2160 1290 2336 1327 celsitudo
2360 1291 2398 1326 in

172 1337 310 1382 ταύτην
332 1337 400 1381 τὴν
423 1334 621 1382 εὐδαίμονα
643 1334 752 1372 πόλιν
775 1339 870 1383 ἔργῳ
895 1339 955 1370 καὶ
979 1340 1120 1391 πέρατιη
1133 1350 1247 1383 παρα-
1264 1341 1306 1373 25
1319 1337 1388 1372 hac
1411 1336 1617 1373 felicissima
1640 1336 1785 1373 civitate
1817 1336 1918 1382 operi
1941 1337 2163 1382 terminoque
2187 1337 2398 1372 contradere

173 1384 298 1420 δοῦναι
332 1385 391 1417 καὶ
422 1383 470 1417 εἰς
503 1381 547 1417 τὸ
579 1379 734 1425 διηνεκὲς
767 1380 1063 1428 παραφυλάττειν
1097 1396 1172 1427 αμα
1204 1384 1251 1430 τῇ

163 1430 374 1475 ’πειθομένῃ
399 1425 489 1476 αὐτῇ
513 1426 613 1468 τάξει
636 1424 840 1471 σπευσάτω,
864 1430 925 1471 τῆς
945 1423 1061 1470 αὐτῆς,
1085 1431 1250 1463 τουτέστι

171 1477 250 1511 τῶν
267 1474 391 1510 decem
408 1474 582 1510 librarum
602 1473 683 1509 auri
702 1475 925 1516 ἐπικειμένης
940 1474 1065 1516 ποινῆς
1083 1477 1143 1507 καὶ
1159 1473 1251 1508 κατὰ

171 1522 249 1555 τῶν
272 1521 389 1554 ταῦτα
412 1516 723 1566 παραβαινόντων
747 1514 768 1562 ἢ
791 1530 844 1553 πα
870 1519 1094 1563 αβαίνεσθαι
1118 1531 1250 1566 συγχω-

172 1565 345 1613 ρούντων.
446 1565 528 1599 Dat.
552 1575 617 1599 vn.
642 1564 689 1600 id.
716 1564 824 1599 Mart.
846 1532 877 1600 {J

171 1611 269 1647 niani
291 1621 350 1656 pp.
373 1610 463 1654 Aug.
485 1619 567 1645 ann.
586 1609 662 1654 XL,
686 1609 848 1645 Iohanne
870 1621 902 1645 v.
920 1619 951 1645 c.
977 1619 1074 1646 cons.

879 1564 919 1599 P.
951 1564 1036 1609 imp.
1063 1564 1120 1600 dn.
1146 1563 1250 1600 Iusti·
1264 1568 1308 1600 30

1320 1388 1356 1418 et
1378 1382 1415 1417 in
1439 1384 1651 1427 perpetuum
1675 1392 1747 1418 una
1777 1393 1859 1418 cum
1883 1381 2087 1418 oboedienti
2111 1381 2230 1418 officio
2255 1392 2399 1418 servare

1319 1427 1474 1471 festinet,
1509 1428 1632 1463 eadem
1656 1428 1725 1463 hoc
1758 1431 1813 1463 est
1837 1428 1960 1464 decem
1984 1427 2157 1463 librarum
2180 1427 2260 1463 auri
2285 1427 2398 1462 immi-

1320 1477 1426 1508 nente
1459 1483 1576 1518 poena
1608 1477 1733 1509 contra
1764 1473 1854 1509 haec
1885 1473 2174 1519 praevaricantes
2208 1475 2272 1508 aut
2294 1483 2398 1518 prae-

1320 1519 1473 1555 varicari
1497 1518 1666 1555 sinentes.

1367 1564 1449 1600 Dat.
1465 1573 1528 1600 vn.
1549 1565 1631 1600 idus
1647 1565 1754 1600 Mart.
1777 1564 2013 1600 Constantino
2042 1564 2100 1607 oli,
2120 1563 2205 1609 imp.
2219 1563 2399 1600 dn.1usti-

1229 1613 1273 1653 [a.
1288 1613 1364 1653 538]
1435 1609 1535 1646 niani
1557 1622 1617 1656 pp.
1635 1611 1727 1655 Aug.
1749 1620 1842 1646 anno
1858 1610 1934 1654 ΧΙ.,
1956 1610 2015 1656 <Io
2043 1609 2152 1654 anne>
2170 1621 2200 1645 v.
2224 1620 2254 1645 c.
2279 1619 2376 1645 cons.

171 1725 236 1762 sed
256 1725 289 1760 si
312 1724 455 1771 quidem
477 1734 604 1760 revera
627 1735 671 1759 ea
694 1735 734 1759 re
758 1734 852 1770 opus
874 1724 908 1759 ei
930 1724 990 1766 sit,
1013 1723 1159 1759 domum
1183 1725 1361 1770 ιἰιιεριαηι
1384 1724 1560 1768 aedificet,
1590 1730 1623 1759 et
1648 1734 1762 1775 usque
1786 1723 1835 1758 ad
1858 1723 2087 1759 intervallum
2112 1728 2235 1765 totum,
2261 1728 2402 1759 eentum

173 1771 328 1822 dicimus⁸
339 1769 494 1817 pedum,
506 1768 712 1861 froc-edat,
741 1769 933 1815 faciatque
956 1768 1244 1814 aedificationem
1276 1773 1403 1816 utpote
1426 1769 1498 1816 ipsi
1521 1778 1764 1805 necessariam
1787 1773 1823 1804 et
1846 1768 2085 1805 inevitabilem
2105 1768 2286 1813 futuram,
2315 1779 2403 1804 neve

529 1825 549 1849 r

174 1821 291 1852 tamen
314 1826 353 1850 tn
376 1814 485 1850 vieini

174 1862 269 1897 tione
292 1860 437 1897 obtenta
452 1863 689 1913 prospectum
712 1860 855 1906 eripiat.

550 1813 678 1850 audem
702 1814 838 1849 ideireo
856 1814 1022 1861 parietes
1055 1819 1185 1850 temere
1214 1819 1368 1850 extruat
1397 1820 1433 1850 et
1455 1814 1562 1860 quasi
1589 1814 1628 1849 in
1656 1814 1803 1861 pictura
1835 1814 1993 1860 quadam
2022 1813 2198 1849 eiusmodi
2219 1813 2402 1849 maehina-

903 1858 1207 1903 Quemadmodum
1230 1860 1324 1895 enim
1347 1870 1410 1896 eos
1433 1860 1497 1906 qui
1520 1859 1641 1896 aliena
1664 1860 1818 1912 rapiunt
1839 1861 1968 1895 merito
1992 1870 2204 1895 aversamur
2225 1864 2262 1896 et
2277 1871 2402 1906 poena

173 1907 303 1953 diqnos
323 1910 507 1952 putamus,
539 1910 591 1941 ιτα
615 1905 723 1941 etiam
753 1915 817 1941 eos
847 1906 910 1958 qui
934 1904 1003 1940 Ῐιοο
1023 1905 1280 1941 machinantur
1310 1905 1450 1941 malitia
1481 1905 1573 1941 nihil
1603 1906 1801 1951 inferiores
1830 1905 1877 1940 iis
1906 1906 1971 1951 qui
1997 1916 2057 1940 res
2086 1904 2225 1940 alienas
2252 1905 2404 1952 rapiunt

174 1952 432 1988 existimamus.
481 1949 613 1996 Itaque
635 1951 667 1985 si
689 1962 768 1986 eum
792 1961 854 1997 ραι
879 1950 935 1986 vel
951 1961 1110 1997 parvam
1133 1950 1294 1996 aliquam
1317 1962 1393 1986 rem
1416 1951 1568 1996 auferre
1585 1962 1657 1998 per
1679 1950 1823 1987 modum
1845 1952 2001 1997 rapinae
2024 1951 2136 1992 ausit,
2169 1950 2204 1986 vi
2228 1950 2403 1986 bonorum

174 2002 365 2044 raptorum
389 1997 486 2032 actio
509 2007 576 2032 suo
606 1996 685 2031 iure
716 2006 797 2031 eum
816 1995 1162 2087 (quadrupltlpoena
1184 1996 1428 2043 persequitur,
1458 1996 1546 2043 quin
1568 2008 1647 2032 eum
1672 2007 1825 2048 quoque,
1858 1996 1921 2042 qui
1943 1995 2016 2031 tale
2039 1995 2129 2042 quid
2156 1996 2287 2042 eqerit,
2319 1996 2403 2048 οορξ

1043 2053 1066 2076 a

175 2054 318 2079 neeesse
342 2047 396 2078 est
425 2047 467 2077 ut
496 2046 532 2078 et
554 2041 718 2077 destruat
741 2052 814 2087 quo
871 2041 915 2076 ab
950 2052 992 2077 eo

1068 2046 1163 2076 ctum
1187 2045 1252 2085 est,
1282 2046 1319 2077 et
1342 2041 1460 2078 altera
1477 2052 1604 2089 poena
1635 2053 1774 2078 maiore
1803 2041 1872 2077 Ιιοο
1894 2045 1950 2077 est
1976 2041 2098 2077 decem
2122 2040 2296 2077 librarum
2320 2052 2402 2076 aurt

175 2088 373 2135 eastiqetur
396 2098 505 2123 areae
531 2086 700 2123 theatrali
724 2090 807 2122 tuae
828 2086 1059 2123 sublimitatis
1082 2086 1384 2132 inferendarum?
1416 2099 1461 2122 ne
1479 2088 1597 2122 malus
1620 2087 1759 2124 vicinus
1782 2086 1896 2133 (quod
1914 2091 1970 2123 est
1987 2087 2026 2122 in
2043 2086 2256 2134 proverbio)
2277 2087 2403 2133 factus

174 2133 338 2170 discedat
361 2132 473 2185 leqem
497 2132 676 2173 deridens,
701 2132 836 2178 quippe
859 2143 954 2178 quae
976 2132 1054 2167 suis
1075 2143 1155 2168 eum
1206 2133 1385 2179 raeeeptis
1407 2132 1569 2168 subicere
1592 2143 1667 2168 non
1691 2132 1855 2169 valuerit.

312 2177 349 2212 E
387 2178 556 2223 aloqus.
603 2175 703 2219 Quae
733 2177 848 2223 iqitur
869 2177 1093 2223 placuerunt
1122 2188 1169 2212 no
1195 2177 1226 2212 is
1254 2182 1291 2212 et
1312 2188 1384 2224 per
1407 2177 1502 2213 nane
1529 2189 1674 2213 sacram
1704 2178 1818 2224 leqem
1849 2177 2084 2214 declarantur
2116 2182 2179 2213 tua
2201 2177 2404 2220 sublimitas

175 2224 215 2258 in
238 2224 307 2258 hac
328 2190 430 2266 felici
453 2222 541 2257 urbe
565 2221 614 2256 ad
637 2231 730 2267 opus
751 2221 989 2267 effectumque
1012 2220 1194 2272 adducere
1223 2226 1260 2257 et
1288 2222 1327 2256 in
1348 2227 1564 2268 perpetuum
1588 2234 1733 2259 servare
1764 2234 1838 2258 una
1862 2234 1942 2258 eum
1966 2223 2094 2269 officio
2119 2222 2221 2269 quod
2268 2226 2350 2260 aret
2370 2223 2404 2260 ei

176 2267 319 2303 studeat
325 2279 339 2308 ;
374 2277 453 2302 eum
475 2266 598 2302 eadem
626 2276 748 2312 poena
781 2266 819 2301 id
849 2270 905 2302 est
933 2266 1053 2302 decem
1087 2266 1263 2302 librarum
1298 2267 1381 2303 auri
1413 2267 1522 2303 etiam
1545 2268 1591 2303 iis
1614 2268 1799 2304 immineat
1829 2268 1892 2314 qui
1915 2267 2004 2304 haec
2028 2267 2164 2305 violent
2193 2279 2235 2305 ve
2273 2268 2407 2306 violari

173 2314 376 2360 patiantur.

224 2429 245 2461 2
264 2423 401 2460 παντὸς
416 2444 460 2449 -
478 2425 498 2458 3
513 2421 652 2467 ποδῶν]
678 2426 797 2470 φαμὲν
808 2425 872 2458 τοῦ
887 2425 963 2459 τῶν
977 2422 1008 2469 ρ’
1023 2422 1151 2458 ποδῶν
1166 2437 1255 2459 παν-

178 2470 238 2506 τὸς
250 2473 299 2506 13⁸
314 2471 327 2515 ΙΙ
346 2473 365 2505 3
379 2467 506 2504 ποδῶν
519 2471 637 2515 φαμὲν
650 2471 681 2504 L
698 2471 711 2515 ΙΙ
737 2472 755 2504 5
770 2467 830 2504 διὰ
840 2471 948 2504 τοῦτο
962 2483 1020 2504 om.
1031 2481 1050 2507 ς
1066 2483 1128 2504 non
1142 2471 1225 2504 male
1245 2470 1257 2515 ΙΙ

178 2519 326 2560 τοίχους]
363 2515 444 2550 τοὺς
474 2518 611 2557 τοίχους
643 2517 692 2550 B⁸
720 2515 733 2559 ΙΙ
764 2517 805 2550 12
837 2515 868 2549 εἰ
888 2517 952 2558 (ς)]
989 2514 1135 2550 εἰκότως
1158 2515 1189 2549 εἰ
1213 2517 1256 2556 L,

180 2577 239 2597 om.
253 2563 299 2596 Μ
307 2561 320 2607 ΙΙ
337 2559 510 2606 μικρὸνὶ
537 2560 550 2605 ΙΙ
575 2562 616 2595 13
641 2562 678 2594 ui
699 2561 864 2595 bondrum
887 2556 1071 2614 ‘raptdrum
1090 2562 1123 2594 L
1155 2563 1255 2605 βιβο-

178 2607 313 2653 νόρουμ
337 2605 537 2652 ῥαπτόροῐῐι
560 2607 608 2640 Μ
623 2606 635 2650 ΙΙ
661 2609 703 2641 15
728 2603 805 2648 οὗχὶ
829 2607 886 2648 Μ]
910 2619 959 2649 μη
984 2607 1015 2639 L
1040 2606 1052 2650 ΙΙ
1079 2609 1119 2640 17
1146 2606 1255 2640 decem

178 2654 341 2687 librarum
365 2653 440 2685 auri
464 2652 524 2693 M]
557 2649 643 2685 δέκα
666 2649 803 2698 λιτρῶν
824 2654 968 2695 χρυσίου
992 2652 1024 2685 L
1048 2652 1061 2696 ΙΙ
1090 2654 1130 2687 19
1154 2654 1254 2695 siqni-

174 2700 259 2742 ficat
282 2698 479 2732 Hesiodeum
503 2697 605 2740 πῆμα
628 2694 733 2730 κακὸς
779 2700 888 2731 είτων
908 2698 985 2740 (Op.
1013 2705 1042 2731 et
1063 2698 1108 2731 D.
1134 2698 1212 2739 346)
1251 2696 1256 2742 Ι

180 2747 223 2779 20
247 2739 353 2786 ἆπήει
377 2743 408 2776 L
433 2742 446 2786 ΙΙ
471 2743 511 2776 21
539 2742 663 2776 οἰκίαις
680 2743 726 2776 Μ
746 2742 751 2787 Ι
788 2739 1000 2788 ὑπαγαγεῖν]
1025 2743 1177 2776 inhibere
1202 2755 1221 2779 ς
1251 2743 1255 2787 Ι

180 2791 221 2824 27
236 2784 325 2836 αὐτῇ
342 2801 401 2822 om.
416 2799 435 2825 ς
450 2787 462 2832 ΙΙ
482 2789 524 2822 28
541 2788 653 2821 decem
664 2787 827 2822 librarum
840 2790 915 2821 auri
931 2789 987 2829 M]
1013 2784 1099 2821 δέκα
1110 2791 1253 2833 χρυσίου

179 2834 315 2880 λιτρῶν
338 2835 369 2868 L
386 2834 400 2878 ΙΙ
416 2835 477 2866 καὶ
501 2847 559 2866 om.
573 2834 605 2867 L
620 2833 633 2878 ΙΙ
663 2835 706 2868 30
730 2845 793 2867 vu.
818 2834 863 2866 id.
888 2835 984 2866 mart.
1003 2834 1050 2867 Μ
1051 2836 1082 2875 ς]
1107 2830 1182 2880 πρὸ
1203 2833 1251 2875 ιζ’

180 2877 371 2914 καλάνδων
396 2881 576 2926 Μαρτίων
598 2880 674 2913 Atta.
709 2881 796 2923 μηνὶ
819 2882 961 2924 μαρτίῳ
988 2879 1109 2913 Τήεοά.
1140 2880 1153 2922 ΙΙ
1186 2879 1253 2911 GP.

180 2926 258 2968 imp.
284 2925 340 2960 dn.
365 2924 553 2958 Iustiniano
575 2935 630 2968 pp.
656 2935 731 2967 aug.
758 2924 909 2958 ann.XI.
936 2924 1033 2965 Μ(ς)
1072 2922 1256 2967 βασιλείας

177 2967 432 3004 Ἰουστινιανοῦ
455 2968 497 3002 τὸ
522 2967 568 3003 ια’
592 2971 667 3004 Atlz.
701 2967 883 3013 βασιλείας
907 2967 952 3003 ια’
974 2971 1074 3002 ἔτους
1100 2970 1220 3004 Theod.
1245 2969 1257 3015 ΙΙ

182 3018 222 3050 31
249 3016 374 3048 Ioanne
395 3026 446 3048 uc.
469 3025 571 3048 conss.
591 3016 637 3049 M
643 3017 698 3060 (cs.
714 3017 758 3057 ς),
780 3011 949 3049 Ἰωάννου
965 3011 1120 3058 ὑπατείᾳ
1135 3016 1255 3049 Theod.

181 3057 288 3094 ὖπατ.
301 3056 468 3093 Ἰωάννου
476 3061 552 3094 ΔιΙι.
565 3059 578 3105 ΙΙ
593 3063 717 3095 subscr.
730 3061 797 3094 dat.
812 3071 901 3094 cons.
915 3060 1077 3093 Iohannis
1089 3061 1218 3102 (Iohan.
1230 3059 1257 3103 Β)

182 3104 286 3139 qustw
319 3105 385 3138 dat.
401 3116 432 3148 p.
450 3115 478 3137 c.
496 3105 639 3139 uilisarii
656 3106 739 3140 IulJ’
763 3106 829 3139 dat.
848 3117 880 3149 p.
897 3116 924 3140 c.
947 3106 1084 3138 iohann.
1101 3106 1164 3139 Iul.
1187 3108 1255 3140 cod.

182 3151 356 3184 Parisinus
381 3151 462 3184 alter

231 3243 247 3275 1
270 3243 355 3273 totat
375 3240 423 3273 R¹
442 3242 455 3284 ΙΙ
479 3243 498 3273 2
523 3245 629 3274 totum
646 3255 705 3275 om.
718 3254 738 3274 v
754 3240 767 3286 ΙΙ
791 3243 924 3274 centum
949 3253 1008 3275 om.
1023 3241 1057 3273 R
1075 3241 1087 3284 ΙΙ
1110 3241 1257 3275 decerni-

182 3297 255 3319 mus
273 3298 293 3318 v
311 3284 324 3327 ΙΙ
345 3285 465 3328 pedum
491 3298 549 3320 om.
562 3299 582 3319 υ
602 3285 616 3331 ΙΙ
640 3287 659 3321 3
684 3286 898 3320 necessariam
923 3299 940 3318 r
962 3285 975 3329 ΙΙ
998 3285 1063 3318 sibi
1087 3299 1144 3319 om.
1158 3285 1228 3321 ΒΤ
1247 3285 1259 3330 ΙΙ

182 3330 376 3364 inuitabilia
409 3331 442 3363 V
470 3331 712 3365 incunctabilia
735 3345 756 3364 v
782 3331 795 3376 ΙΙ
826 3333 847 3364 4
879 3332 958 3371 11011]
995 3341 1085 3365 nunc
1115 3332 1164 3365 R¹
1181 3346 1202 3365 υ
1247 3334 1258 3376 ΙΙ

182 3377 308 3410 lesione
331 3389 349 3408 r
375 3376 388 3419 ΙΙ
417 3378 436 3410 5
461 3379 495 3409 et
517 3390 575 3410 om.
597 3391 614 3410 r
640 3376 653 3421 ΙΙ
684 3379 704 3410 6
728 3376 868 3418 arripiat
890 3378 923 3416 v]
963 3376 1106 3419 arripuit
1136 3378 1167 3410 V
1200 3378 1257 3411 ab—

183 3421 285 3464 ripiat
307 3422 365 3455 Rr
381 3421 432 3455 T²
455 3422 575 3464 eripiat
600 3422 652 3456 T¹
672 3421 686 3467 ΙΙ
716 3424 734 3456 7
760 3421 1002 3455 *aduersamur
1026 3422 1103 3457 libri
1122 3421 1136 3467 ΙΙ
1165 3424 1185 3457 8
1209 3423 1257 3456 ita

1325 2428 1369 2467 et]
1395 2428 1427 2458 et
1450 2426 1499 2459 ita
1522 2426 1583 2459 Rv
1598 2426 1611 2471 ΙΙ
1629 2427 1756 2460 haecR
1772 2426 1785 2471 ΙΙ
1801 2427 1989 2460 mollientes
2012 2440 2030 2460 r
2051 2427 2063 2471 ΙΙ
2090 2429 2110 2461 9
2135 2427 2279 2462 minores
2301 2431 2402 2475 vuly.]

1324 2471 1434 2504 minus
1457 2482 1530 2504 reos
1553 2485 1571 2505 r
1605 2473 1716 2505 minus
1739 2473 1788 2505 rei
1818 2473 1851 2505 V
1880 2472 1995 2505 minus·
2016 2472 2047 2506 ei
2071 2472 2105 2505 R
2144 2474 2254 2507 minus
2278 2475 2349 2508 eius
2375 2476 2408 2509 T

1323 2517 1434 2550 minus
1457 2519 1513 2559 (cs.
1538 2530 1620 2561 quae
1644 2519 1756 2552 notavi
1778 2519 1825 2551 ad
1847 2519 1946 2559 v.10)
1969 2531 1990 2550 υ
2025 2517 2039 2562 ΙΙ
2070 2518 2211 2561 malitia]
2240 2520 2364 2553 militia
2387 2534 2404 2555 r

1323 2563 1359 2595 in
1383 2562 1513 2595 malitia
1534 2564 1620 2607 vuly.
1639 2562 1651 2606 ΙΙ
1668 2564 1788 2596 horum
1809 2563 1862 2596 Vr
1877 2562 1890 2607 ΙΙ
1909 2563 2008 2596 etiam
2029 2576 2086 2597 om.
2101 2564 2136 2597 R
2148 2577 2169 2597 υ
2186 2564 2198 2608 ΙΙ
2215 2564 2326 2598 aliena
2342 2566 2377 2600 V
2391 2566 2405 2610 ΙΙ

1323 2608 1492 2650 arripiunt
1523 2608 1588 2649 Vr]
1619 2608 1793 2650 abripiunt
1816 2608 1878 2641 Rv
1896 2609 1982 2652 vulq.
2010 2607 2023 2653 ΙΙ
2055 2611 2098 2643 10
2120 2613 2270 2652 paruam]
2300 2622 2401 2654 pern

1323 2653 1374 2686 R³
1403 2654 1415 2696 ΙΙ
1447 2664 1515 2686 rem
1551 2664 1610 2696 per
1642 2654 1777 2686 modum
1808 2654 1906 2697 vulq]
1949 2664 2076 2697 semper
2109 2656 2244 2689 modum
2269 2670 2286 2689 r
2320 2668 2402 2690 sem-

1323 2709 1382 2741 per
1406 2698 1449 2731 ad
1471 2698 1605 2732 modum
1626 2698 1657 2732 V
1682 2709 1808 2742 semper
1823 2699 1963 2732 minoris
1980 2713 2001 2733 υ
2030 2701 2249 2743 separationis
2264 2702 2309 2744 R,
2334 2714 2401 2736 rem

1322 2744 1365 2776 ad
1387 2744 1522 2776 modum
1543 2746 1724 2779 Heimbach
1740 2745 1752 2788 ΙΙ
1781 2746 1819 2780 11
1847 2744 2051 2787 abreptionis
2066 2746 2101 2779 R
2122 2746 2134 2789 ΙΙ
2158 2747 2284 2781 auferri
2304 2761 2322 2780 r
2345 2751 2404 2781 aut

1323 2789 1408 2822 ferre
1423 2790 1537 2823 R¹Vv
1553 2789 1565 2833 ΙΙ
1583 2790 1822 2823 benesatientes
1844 2803 1866 2823 v
1894 2790 2090 2824 benefitiens
2114 2792 2147 2826 R
2160 2805 2178 2825 r
2210 2792 2404 2827 benefitient

1332 2835 1366 2867 V
1377 2834 1389 2877 ΙΙ
1408 2835 1449 2868 12
1462 2835 1643 2877 quadrupli
1655 2835 1803 2868 minatur
1819 2836 1885 2877 Vr]
1899 2836 2182 2879 quadruplinatur
2194 2838 2244 2871 R¹
2257 2839 2402 2880 quadru-

1322 2879 1468 2922 plicatur
1481 2879 1531 2913 R³
1561 2880 1801 2924 quadruplatus
1820 2894 1841 2913 v
1869 2880 1882 2926 ΙΙ
1914 2882 1953 2915 13
1980 2885 2013 2915 et
2037 2894 2096 2917 om.
2112 2883 2178 2916 Rv
2204 2883 2217 2928 ΙΙ
2246 2884 2337 2918 hunc
2358 2886 2403 2925 V]

1323 2926 1409 2958 hanc
1434 2939 1451 2957 r
1482 2925 1544 2957 hoc
1569 2925 1633 2958 Rv
1659 2925 1672 2969 ΙΙ
1705 2928 1746 2960 14
1771 2928 1804 2958 et
1827 2926 1902 2969 cogi
1932 2940 1990 2960 om.
2016 2928 2084 2960 Rv
2110 2928 2123 2971 ΙΙ
2154 2931 2187 2961 et
2209 2929 2288 2971 alia]
2322 2930 2404 2963 talia

1324 2970 1371 3003 R¹
1384 2983 1404 3002 v
1421 2970 1433 3014 ΙΙ
1459 2972 1499 3005 15
1517 2971 1601 3002 mari
1617 2983 1637 3002 v
1653 2969 1665 3015 ΙΙ
1683 2971 1832 3012 multari]
1853 2982 1939 3014 pena
1960 2973 2037 3006 add.
2052 2973 2102 3006 Βι
2117 2973 2129 3016 ΙΙ
2154 2975 2198 3008 16
2213 2975 2402 3008 inseranda-

1324 3027 1397 3049 rum
1419 3016 1452 3049 V
1462 3015 1474 3060 ΙΙ
1494 3015 1694 3048 theatalibus
1710 3028 1728 3049 v
1745 3015 1758 3059 ΙΙ
1775 3019 1825 3057 ut]
1844 3019 1883 3049 ut
1899 3019 1938 3050 ut
1954 3030 1976 3050 υ
2000 3020 2032 3050 et
2047 3031 2065 3050 r
2081 3018 2099 3061 ΙΙ“
2114 3021 2154 3053 17
2170 3019 2267 3052 malis
2282 3020 2343 3054 Rv
2366 3021 2403 3053 in

1325 3061 1401 3093 aliis
1416 3074 1434 3094 r
1451 3060 1464 3104 ΙΙ
1486 3063 1533 3094 est
1554 3062 1596 3102 V]
1623 3074 1680 3095 om.
1693 3061 1756 3094 Rr
1769 3074 1788 3095 υ
1806 3060 1819 3106 ΙΙ
1843 3063 1883 3096 18
1908 3062 2009 3095 uadat
2030 3064 2091 3096 VR
2102 3066 2134 3105 υ]
2160 3066 2208 3097 est
2231 3078 2249 3097 r
2273 3066 2404 3107 (evadat

1326 3107 1420 3140 Beck
1434 3107 1528 3147 male)
1543 3106 1555 3149 ΙΙ
1574 3117 1641 3139 11011
1655 3106 1821 3139 ualentem
1843 3107 1889 3148 V]
1915 3118 1983 3140 non
2000 3107 2134 3141 ualente
2156 3123 2172 3142 r
2195 3110 2403 3144 inualentem

1326 3152 1387 3185 Rv
1406 3151 1418 3195 ΙΙ
1436 3153 1478 3186 19
1491 3152 1654 3193 inhibere]
1669 3152 1794 3185 nubere
1807 3166 1824 3185 r
1836 3153 1848 3196 ΙΙ
1861 3153 1905 3187 24
1917 3155 2010 3185 tuam
2031 3154 2063 3186 V
2075 3152 2088 3197 ΙΙ
2105 3155 2148 3188 26
2161 3156 2194 3187 et
2209 3155 2245 3188 in
2259 3156 2318 3198 (im
2334 3157 2403 3198 Vv)

1326 3199 1522 3276 1θίἜὲἓῖἙῖ
1537 3197 1852 3286 ῗῖἒῖὲιξῗῆἕθῆ
1872 3198 2255 3278 ᾏΙξθώέἓῗέἑΐῗῗ
2276 3202 2404 3292 ”¹²5³

1952 3262 1996 3268 ·-
2151 3257 2168 3278 Γ
2235 3259 2261 3279 28
2273 3259 2334 3280 scr.
2347 3260 2369 3279 ὐ

1326 3288 1400 3320 auri
1425 3301 1482 3321 om.
1497 3288 1559 3321 Rr
1577 3287 1589 3331 ΙΙ
1610 3287 1835 3321 imminentem
1858 3288 1908 3321 R¹
1934 3287 1946 3331 ΙΙ
1968 3289 2010 3323 28
2034 3300 2117 3332 pene
2140 3304 2160 3323 υ
2182 3290 2195 3333 ΙΙ
2221 3291 2283 3324 hoc
2303 3292 2370 3325 Ru

1326 3333 1557 3376 praevaricari]
1583 3334 1737 3375 praeuari
1757 3334 1790 3367 R
1807 3333 1820 3377 ΙΙ
1846 3334 1888 3368 29
1909 3334 2047 3367 scientes
2064 3335 2112 3379 υΙΙ
2139 3337 2182 3370 30
2197 3339 2318 3371 subscr.
2335 3337 2402 3370 dat.

1326 3389 1388 3410 vn.
1402 3379 1476 3410 idus
1491 3389 1571 3410 mar.
1587 3378 1795 3412 constantin.
1813 3380 1909 3422 impr.
1923 3379 1999 3413 ciffi.
2014 3380 2097 3413 Iust.
2113 3391 2167 3423 pp.
2181 3391 2233 3424 ag.
2247 3392 2336 3416 anno
2349 3382 2401 3416 XI

1326 3423 1401 3457 uiro
1425 3423 1592 3456 clarisimo
1615 3424 1750 3457 consule
1771 3425 1808 3466 V,
1833 3438 1891 3459 om.
1909 3426 1979 3459 rell.
