2618 4010
256 148 361 191 Nov.
384 149 419 191 L

254 257 342 303 πρὸς
364 257 430 300 τὴν
453 256 520 300 σὴν
542 255 761 302 ένδοξὸτητα
805 254 892 293 aim
914 259 993 294 τῶν
1014 261 1082 304 μὲν
1105 261 1143 294 ἐκ
1165 261 1326 295 Σκυθίας

254 306 313 336 καὶ
344 305 485 337 Μυσίας
515 300 629 338 δικῶν
659 300 706 338 αἶς
737 305 776 338 ἐκ
804 301 981 350 γειτόνων
1013 302 1134 339 οὐσῶν
1162 305 1229 349 τὴν
1259 305 1326 349 σὴν

253 345 430 393 ὑπεροχὴν
444 346 538 381 καθ’
557 344 671 391 αὑτὴν
686 345 902 394 ἀκροᾶσθαι,
922 351 1000 384 τῶν
1018 347 1058 383 δὲ
1075 347 1206 392 ἄλλων,
1224 363 1325 385 τουτ·

254 395 329 425 ἐστι
352 393 429 425 τῶν
452 389 525 427 ἀπὸ
546 395 684 438 Καρίας
713 396 773 429 καὶ
801 395 880 448 τῶν
905 395 1102 440 εἰρημένων
1121 392 1244 439 νήσων
1266 398 1326 430 καὶ

253 436 402 483 Κύπρου
431 437 544 485 (εἴπερ
573 438 612 479 ἐξ
639 435 746 496 ἀρξιῆς
776 452 883 474 αυται
911 438 1009 487 παρὰ
1037 441 1112 474 τοῖς
1140 438 1324 480 ἐνδοξοτά-

252 492 327 534 τοις
355 479 459 526 ἡμῶν
488 481 653 530 ἐπάρχοις
676 486 908 532 ηγωνίζοντο,
939 486 977 517 ἐκ
1008 484 1113 519 θείας
1137 483 1326 520 nemeseus·

252 526 356 570 ημῶν
386 525 677 574 παραδεδομέναι
707 531 760 574 τῷ
792 532 853 573 τῆς
883 531 1052 574 ἐπαρχίας
1082 528 1260 574 ἄρχοντι),
1295 530 1326 564 εἰ

252 573 319 615 μὲν
350 568 456 607 αὐτὸς
486 571 671 619 ἐνδημοίης
699 572 812 622 ταύτῃ
844 575 889 620 τῇ
918 573 1079 618 βασιλίδι
1112 574 1231 618 πόλει,
1266 577 1326 609 καὶ

253 614 361 651 αὐτὰς
392 614 464 652 ὑπὸ
499 621 557 653 σοὶ
586 620 772 654 κινεῖσθαι
806 622 866 653 καὶ
899 618 1132 661 ἐξετάζεσθαι
1167 618 1241 664 ἅμα
1271 620 1325 664 τῷ

1329 146 1413 195 294

1361 444 1379 476 5
1393 442 1493 485 ipsae
1516 450 1588 486 apu

1674 161 2035 196 APPELLATIONES
2063 165 2127 197 Ex
2155 165 2186 198 V
2215 163 2465 198 PROVINCIIS

1395 261 1478 296 bere
1513 261 1559 308 ad
1595 263 1694 296 tuam
1728 263 1895 306 gloriam:
1931 267 1973 300 ut
2007 274 2052 300 ex
2081 265 2225 311 Scythia
2259 264 2400 310 quidem
2430 269 2466 300 et

1393 306 1511 352 Mysia
1534 315 1661 342 causas
1685 309 1864 352 tamquam
1886 318 1930 344 ex
1947 309 2073 346 vicinis
2095 310 2288 346 existentes
2311 311 2376 345 tua
2395 310 2464 346 cel-

1395 350 1511 387 situdo
1536 350 1731 386 seeundum
1755 361 1794 387 se
1810 353 1943 396 audiat,
1967 355 2117 391 aliarum
2139 365 2235 398 ver0‚
2260 355 2329 390 hoc
2348 358 2404 390 est
2422 365 2466 390 ex

1395 395 1504 431 Caria
1538 398 1574 432 et
1590 395 1798 476 (praedietis
1833 397 1958 435 insulis
1993 403 2030 435 et
2061 401 2178 447 cypro
2215 400 2259 440 (si
2289 400 2335 435 ab
2365 399 2466 435 initio

1635 441 1907 486 gloriosissimos
1934 447 2076 482 nostros
2099 445 2301 492 praefectos
2325 454 2466 480 exerce-

1393 485 1536 528 bantur,
1568 495 1612 522 ex
1635 496 1740 521 sacra
1762 486 1919 523 iussione
1941 494 2065 526 nostra
2086 491 2240 527 traditae
2259 490 2466 536 provinciae

1394 530 1527 574 iudici),
1551 530 1583 566 si
1607 530 1747 576 quidem
1770 531 1916 568 affueris
1940 532 2023 570 huic
2045 535 2163 580 regiae
2186 535 2335 579 civitati,
2361 535 2467 570 etiam

1395 585 1456 611 eas
1487 575 1583 621 apud
1612 579 1648 611 te
1677 577 1809 612 moveri
1839 580 1876 612 et
1906 579 2100 616 examinari
2128 590 2202 617 una
2234 591 2313 616 cum
2336 580 2465 624 glorio-

1395 620 1532 656 sissimo
1558 625 1746 666 quaestore
1770 622 1864 657 sacri
1886 624 1999 658 nostri
2021 625 2146 669 palatii
2174 626 2212 661 in
2236 635 2340 661 sacro
2365 625 2466 660 audi-

252 659 446 703 ἐνὸοξοτάτ
500 667 709 712 κοιαίστωρι
739 665 802 699 τοῦ
826 665 932 699 θείου
959 661 1062 708 ἡμῶν
1086 663 1263 700 παλατίου
1288 666 1327 699 ἐν
1342 669 1382 701 10
1396 666 1498 708 torio,
1523 666 1616 702 sicut
1635 676 1742 712 super
1761 666 2058 712 appellationibus
2078 671 2194 715 posita
2210 670 2267 706 lex
2283 670 2466 715 explanat3

252 705 373 753 σάκρῳ
398 706 441 742 αὖ
467 713 607 756 ιτορίῳ,
639 708 808 756 καθάπερ
837 712 897 743 καὶ
922 706 942 743 ὅ
967 711 1026 743 ἐπὶ
1049 713 1128 744 ταῖς
1150 707 1327 754 ἐκκλήτοις

251 753 274 788 1
319 756 476 798 κείμενος
505 754 694 802 ὑφηγεῖται
722 755 843 799 νόμος·
891 755 923 788 εἰ
952 752 992 789 δὲ
1019 754 1125 790 αὐτὸς
1156 757 1216 790 ἐπὶ
1238 758 1325 789 Σκυ-

252 797 340 832 θίας
358 801 418 832 καὶ
435 803 575 836 Μυσίας
594 798 801 847 διατρίβοις,
825 800 878 842 τῷ
902 797 968 834 τὸν
989 796 1106 835 τόπον
1129 799 1325 847 πληροῦντι

251 841 318 877 τὸν
340 843 407 879 σὸν
435 844 529 880 κατὰ
550 845 688 888 ταύτην
702 845 777 897 ’τὴν
800 841 995 889 εὐδαίμονα
1026 843 1134 900 πᾷλιν
1160 845 1324 893 προςάγε-

1393 757 1413 791 1
1460 756 1491 791 si
1520 759 1639 809 autem
1668 756 1745 810 ipse
1775 757 1812 792 in
1843 757 1961 810 Mysia
1991 761 2028 794 et
2053 759 2196 804 Scythia
2227 760 2468 801 commoraris,

1393 801 1509 837 locum
1541 802 1702 847 implenti
1732 806 1833 837 tuum
1862 813 1901 837 in
1932 803 2001 838 hac
2035 803 2134 839 felici
2166 805 2308 841 civitate
2336 805 2466 841 deferri

1393 846 1667 891 appellationes,
1704 847 1845 884 omnino
1875 849 1996 883 tamen
2026 849 2202 885 residente
2223 860 2267 886 eo
2290 861 2363 886 una
2386 860 2468 886 cum

253 888 346 940 σθαι
381 888 442 924 τὰς
476 892 624 935 ἐφέσεις·
660 901 806 925 παντως
838 892 963 934 μέντοι
995 903 1188 944 γινομενον
1214 889 1325 926 αὐτὸν
1339 895 1378 927 15
1392 891 1646 935 gloriosissimo
1679 896 1801 928 nostro
1834 897 2023 938 quaestore
2055 893 2178 929 audire
2209 896 2388 940 negotium
2412 905 2466 931 se-

251 929 325 978 ἇμα
348 935 403 978 τῷ
426 932 651 978 ἐνδοξοτάτῳ
675 936 778 979 ἡμῶν
801 939 973 970 κοιαίστω
998 950 1011 969 ι
1034 947 1096 990 της
1116 935 1325 971 ὑποθέσεως

251 975 456 1025 ἀκροᾶσθαι
479 978 571 1015 κατὰ
593 979 636 1014 τὸ
667 982 744 1015 τῶν
767 978 944 1015 τοιούτων
975 948 1175 1022 Ξξετασεων
1198 983 1263 1025 σχῆ
1291 995 1324 1023 α,

251 1026 310 1057 καὶ
333 1023 383 1068 μὴ
405 1024 485 1059 τοὺς
508 1022 729 1072 ἀνθρώπους
751 1025 813 1059 τὰς
829 1026 1012 1079 εἰρημένας
1034 1024 1226 1071 ὑπομένειν
1272 1038 1324 1061 υς-

251 1067 385 1111 κολίας,
420 1067 497 1103 ἀλλ’
523 1067 588 1105 ὑπ’
625 1067 742 1104 αὐτοῖς
773 1083 874 1115 κοινη
909 1072 1001 1105 κατὰ
1035 1070 1077 1106 τὸ
1112 1073 1325 1119 ἔμπροσθεν

1393 936 1548 973 cundum
1579 937 1703 972 talium
1727 937 2026 973 examinationum
2056 939 2218 983 schema,
2249 944 2286 976 et
2307 950 2379 976 non
2402 941 2467 976 ho-

1392 982 1504 1017 mines
1537 982 1714 1019 sustinere
1744 982 1946 1028 praedictas
1978 983 2228 1027 difficultates,
2259 985 2322 1020 sed
2348 986 2393 1021 ab
2417 986 2468 1021 eis

1393 1027 1627 1063 communiter
1657 1028 1852 1064 seeundum
1888 1028 1983 1073 quod
2045 1030 2118 1064 rius
2148 1039 2171 1064 a
2201 1029 2305 1065 nobis
2337 1030 2468 1065 dictum

1393 1074 1448 1108 est
1462 1072 1623 1116 iudicari,
1646 1082 1687 1109 eo
1705 1073 1798 1118 quod
1817 1073 1953 1118 placuit
1972 1084 2019 1110 no
2045 1074 2076 1110 is
2095 1075 2146 1110 ita
2161 1074 2326 1110 ordinare
2346 1075 2360 1110 l
2401 1085 2455 1110 em

251 1112 335 1167 ἡμῖν
365 1114 555 1170 εἰρημένον
574 1115 782 1171 κρίνεσθαι,
823 1107 883 1149 ὃιόὶ
915 1116 957 1150 τὸ
989 1119 1218 1171 παραστῆναι
1241 1115 1325 1162 ἡμῖν
1337 1120 1379 1153 20
1392 1119 1433 1153 ut
1457 1127 1537 1153 cum
1560 1118 1714 1164 plurima
1746 1122 1781 1154 et
1809 1118 1935 1155 maiori
1963 1118 2160 1155 subtilitate
2190 1123 2228 1155 et
2255 1101 2469 1156 auctoritate

250 1172 346 1192 ουτω
377 1159 482 1200 ταξαι
516 1173 583 1194 τον
613 1173 736 1205 νυμον,
772 1156 860 1195 ὥςτε
888 1160 980 1206 μετὰ
1004 1161 1167 1198 πλείονος
1197 1175 1237 1197 τε
1264 1165 1325 1197 καὶ

249 1205 410 1247 μείζονος
432 1202 612 1253 ἀκριβείας
635 1209 694 1239 καὶ
715 1203 911 1241 αὐθεντίας
932 1205 996 1242 τὰς
1015 1204 1208 1244 ὑποθέσεις
1231 1205 1324 1255 ἀγω-

251 1249 274 1283 2
319 1249 499 1292 νίζεσθαι.
559 1251 606 1284 Εἰ
637 1248 677 1285 δὲ
707 1248 814 1286 αὐτὸς
844 1249 941 1295 δοίης
970 1251 1037 1287 τὸν
1068 1250 1241 1308 ξικαστὴν
1264 1254 1324 1288 ἐπὶ

1392 1163 1536 1208 negotia
1560 1167 1802 1199 exerceantur.

1392 1253 1416 1289 2
1462 1253 1499 1289 Si
1522 1263 1604 1290 vero
1627 1255 1705 1299 ipse
1729 1254 1865 1290 dederis
1896 1254 2050 1290 iudicem
2073 1254 2111 1290 in
2133 1253 2336 1290 memoratis
2362 1264 2468 1300 supe-

250 1296 327 1328 τῶν
358 1295 557 1342 εἰρημένων
586 1296 798 1343 ἔμπροσθεν
833 1298 1028 1353 ἐπαρχιῶν,
1065 1311 1085 1332 ο
1119 1297 1187 1342 τὴν
1219 1296 1325 1339 τάξιν
1391 1298 1466 1334 rius
1490 1299 1695 1344 provinciis,
1728 1300 1790 1345 qui
1812 1300 1931 1335 locum
1959 1300 2119 1345 optineat
2142 1304 2243 1335 tuum
2266 1300 2303 1335 iu
2327 1299 2468 1335 civitate

251 1341 390 1381 ἐπέχων
419 1339 487 1384 τὴν
509 1339 577 1385 σὴν
605 1341 698 1376 κατὰ
720 1340 787 1385 τὴν
809 1340 1005 1399 ευδαίμονα
1029 1341 1135 1378 πόλιν
1159 1341 1324 1388 ἀκροάσε-
1337 1345 1379 1378 25
1393 1343 1596 1379 felicissima
1626 1344 1764 1387 audiet,
1797 1345 1991 1380 secundum
2023 1345 2118 1390 quod
2146 1347 2183 1380 et
2204 1345 2468 1389 gloriosissimis

250 1398 322 1428 ται,
353 1384 453 1419 καθὰ
471 1389 533 1420 καὶ
562 1387 623 1422 ἐπὶ
645 1388 724 1422 τῶν
747 1385 997 1428 ἐνδοξοτάτων
1027 1387 1195 1435 ἐπάρχων
1226 1385 1324 1422 νενό-

248 1440 386 1474 μισται.
433 1431 464 1465 εἰ
485 1433 610 1476 μέντοι
633 1429 815 1477 ἆρχθῆναι
846 1432 946 1487 παρὰ
975 1434 1020 1481 τῇ
1047 1435 1093 1481 σῇ
1118 1431 1325 1476 ἐνδοξότητι

250 1479 407 1520 συμβαίη
441 1475 509 1520 τὴν
543 1475 646 1521 δίκην
677 1478 843 1512 ἐνταῦθα
881 1489 928 1512 ως
962 1477 1051 1513 εἰκὸς
1082 1475 1223 1525 εὑρισκο
1252 1481 1325 1522 ε’νη,

249 1519 327 1555 εἶτα
348 1522 388 1556 έν
409 1523 508 1565 μέσῳ
526 1520 597 1577 ,διὰ
618 1521 680 1557 τὰς
703 1522 962 1569 στρατιωτικὰς
991 1521 1155 1559 δαπάνας
1178 1492 1325 1577 έκέημῆ·

1393 1388 1585 1433 praefectis
1610 1388 1755 1424 solitum
1778 1393 1842 1425 est.
1890 1389 1928 1425 Si
1950 1399 2034 1426 vero
2058 1390 2220 1425 incohari
2249 1390 2344 1435 apud
2368 1393 2467 1425 tuam

1391 1433 1539 1478 gloriam
1563 1433 1746 1478 contingat
1768 1433 1867 1469 litem
1882 1434 1948 1482 ,hic
1970 1434 2093 1470 forsan
2115 1434 2305 1476 inventam,
2338 1434 2465 1470 deinde

1391 1479 1428 1513 in
1452 1478 1567 1514 medio
1591 1482 1738 1524 propter
1766 1479 1938 1515 militares
1969 1489 2142 1524 expensas
2165 1479 2359 1525 proficisci,
2388 1490 2467 1515 eam

1393 1524 1470 1559 sine
1494 1523 1662 1559 dilatione
1686 1524 1855 1577 compleri
1887 1525 1984 1570 apud
2014 1534 2094 1560 eum
2125 1526 2184 1570 qui
2206 1528 2306 1559 tuum
2330 1524 2467 1569 optinet

251 1577 327 1607 σαι,
356 1564 492 1611 ταύτην
516 1567 772 1615 ανυπερθέτως
795 1568 1029 1622 πληροζισθαι
1060 1567 1158 1626 παρα
1181 1582 1234 1623 vg)
1259 1567 1521 1612 τὴν3010011111,
1546 1569 1639 1604 sicut
1662 1578 1740 1604 eam
1762 1579 1839 1614 lpse
1862 1570 2045 1606 audiebas.
2093 1569 2131 1605 Si
2154 1572 2273 1605 autem
2296 1569 2341 1604 ab
2365 1569 2466 1605 initio

250 1610 317 1654 σὴν
345 1613 464 1654 ἔχοντι
494 1610 608 1656 τάξιν,
639 1611 808 1661 καθάπερ
840 1614 946 1656 αὐτης
974 1616 1034 1648 καὶ
1067 1625 1172 1649 αυτος
1195 1614 1324 1668 ηκροεῖἰξ

1394 1625 1466 1650 11011
1490 1614 1586 1659 apud
1608 1614 1879 1658 gloriosissimos
1901 1614 2104 1660 praefectos
2124 1614 2315 1669 appellatio
2339 1623 2383 1649 ex
2403 1614 2466 1649 ali-

250 1656 282 1689 εῖ
305 1653 345 1690 δὲ
367 1657 407 1697 ἐξ
429 1654 534 1703 ἀρχῆς
563 1655 605 1692 οὗ
629 1657 728 1705 παρὰ
751 1662 825 1693 τοῖς
850 1656 1096 1700 ἐνδοξοτάτοις
1119 1658 1282 1705 ἐπάρχοις
1305 1672 1327 1702 η
1394 1659 1521 1704 quibus
1544 1659 1737 1704 provinciis
1760 1660 2020 1703 remittebatur,
2051 1660 2114 1696 sed
2143 1670 2180 1695 1n
2210 1659 2308 1695 aliud
2337 1659 2466 1704 forum,

250 1703 367 1747 ἔφεσις
387 1704 426 1736 ἔκ
443 1716 557 1738 τινων
575 1704 759 1750 ἐπαρχιῶν
780 1701 1016 1748 ἀνεπέμπετο,
1036 1702 1117 1739 ἀλλ’
1135 1705 1184 1739 εἰς
1202 1707 1326 1751 ἕτερον
1393 1704 1639 1749 antiquitatem
1662 1705 1806 1751 penitus
1830 1715 1903 1741 non
1926 1715 2108 1742 novamus.

251 1745 489 1795 δικαστήριον,
512 1748 580 1792 τὴν
597 1745 816 1795 ἀρχαιότητα
840 1747 1028 1784 παντελῶς
1047 1748 1087 1784 οὗ
1107 1751 1323 1794 καινίζομεν.

305 1790 587 1840 <Ἐπίλογος.>
649 1793 698 1828 Τὰ
727 1797 852 1829 τοίνυν
883 1792 1124 1842 παραστάντα
1151 1793 1236 1839 ἡμῖν
1265 1797 1326 1829 καὶ
1339 1797 1380 1830 35
1438 1794 1671 1841 (Epilogus

1747 1795 1846 1840 Quae
1865 1795 1973 1840 igitur
1991 1795 2205 1841 placuerunt
2223 1794 2326 1831 nobis
2346 1797 2383 1830 et
2402 1805 2468 1840 per

251 1835 309 1871 διὰ
332 1835 437 1872 τοῦδε
459 1839 523 1872 τοῦ
547 1838 653 1873 θείου
676 1836 877 1884 δηλούμενα
897 1838 1009 1884 νόμου
1031 1837 1054 1883 ἡ
1074 1838 1119 1883 σὴ
1139 1836 1327 1883 ἐνδοξότης
1394 1840 1488 1875 hanc
1512 1850 1651 1876 sacram
1675 1794 1856 1877 declarata
1880 1844 1964 1877 sunt
1986 1841 2117 1885 legem,
2147 1842 2212 1876 tua
2233 1840 2345 1885 gloria
2369 1840 2467 1885 operi

249 1885 343 1930 ἔργῳ
361 1886 422 1918 καὶ
436 1885 567 1930 πέρατι
586 1881 814 1931 παραδοῦναι
830 1887 891 1919 καὶ
909 1882 1204 1931 παραφυλάττειν
1220 1885 1268 1920 εἰς
1284 1883 1327 1920 τὸ
1394 1884 1607 1930 effectuique
1636 1886 1846 1922 contradere
1875 1890 1912 1922 et
1941 1886 1978 1922 in
2009 1887 2222 1932 perpetuum
2252 1895 2392 1922 servare
2414 1885 2465 1920 fe·

250 1925 404 1971 διηνεκὲς
422 1928 624 1964 σπευσάτω.

295 1973 378 2009 Dat.
397 1976 486 2016 [xv]
506 1973 542 2009 k.
562 1974 659 2019 Sept.
681 1974 749 2010 GP.
766 1974 849 2020 imp.
867 1974 926 2010 dn.
943 1974 1131 2010 Iustiniani
1149 1985 1210 2021 pp.
1229 1975 1321 2019 Aug.

250 2028 343 2054 anno
355 2029 408 2054 xl.
420 2022 504 2064 post
517 2019 786 2055 cons.Belisarii
799 2031 830 2055 v.
841 2030 872 2055 e.
885 2030 981 2055 anno
993 2031 1032 2055 11.
1045 2020 1118 2054 ind.
1131 2031 1155 2055 1.
1189 2023 1234 2062 [a.
1246 2023 1322 2062 537]
1336 2023 1379 2055 40
1393 2031 1428 2066 p.
1450 2030 1481 2056 c.
1507 2020 1672 2057 Belisari1
1694 2032 1726 2057 v.
1743 2031 1774 2057 c.
1800 2031 1893 2056 anno
1918 2022 2085 2058 secundo.

1392 1933 1519 2011 snfflt'.
1532 1976 1604 2012 kal.
1619 1976 1717 2029 sept.
1731 1976 1799 2012 cp.
1814 1976 1896 2022 imp.
1910 1976 2099 2011 Iustiniani
2117 1986 2177 2022 pp.
2194 1976 2284 2021 Aug.
2306 1985 2401 2012 anno
2413 1985 2465 2011 xx.

249 2098 362 2132 riam:
396 2101 439 2132 ut
460 2098 541 2134 lites
571 2098 713 2144 quidem
744 2108 839 2144 quae
868 2102 953 2133 sunt
983 2109 1032 2134 ex
1056 2097 1207 2145 Scythia
1230 2102 1266 2134 et
1288 2098 1410 2145 Mysia
1440 2103 1567 2146 utpote
1595 2100 1722 2136 vicinis
1745 2104 1808 2135 tua
1830 2100 2031 2136 sublimitas
2054 2101 2136 2146 ipsa
2159 2100 2296 2142 audiat,
2328 2105 2467 2135 ceterae

250 2152 347 2184 vero,
369 2140 410 2177 id
431 2146 487 2179 est
507 2153 602 2189 quae
623 2153 673 2179 ex
697 2142 805 2179 Caria
828 2147 864 2179 et
885 2142 1014 2178 insulis
1062 2154 1129 2178 uas
1151 2142 1311 2179 diximus
1334 2147 1370 2179 et
1394 2143 1514 2191 Cypro
1538 2143 1755 2190 deferuntur
1778 2144 1967 2190 (siquidem
1990 2155 2054 2180 eae
2076 2144 2121 2180 ab
2141 2145 2243 2180 initio
2267 2144 2369 2192 apud
2388 2145 2465 2197 qlo-

247 2187 467 2223 riosissimos
489 2192 634 2224 nostros
650 2188 865 2235 praefectos
888 2187 951 2234 aqi
969 2153 1144 2230 soletum,
1168 2198 1218 2224 ex
1238 2198 1347 2224 sacra
1369 2188 1529 2224 iussione
1550 2193 1678 2225 nostra
1695 2189 1909 2236 provinciae
1925 2188 2094 2236 praesidi
2116 2189 2302 2232 traditae),
2333 2190 2366 2225 si
2387 2201 2466 2237 ipse

249 2233 288 2267 in
311 2231 381 2268 hac
402 2232 506 2279 reqia
528 2232 616 2268 urbe
639 2233 804 2275 verseris,
835 2232 938 2279 apud
961 2236 995 2268 te
1017 2233 1119 2279 ipsae
1142 2243 1285 2284 quoque
1307 2237 1517 2270 moveantur
1539 2236 1575 2269 et
1597 2234 1851 2270 examinentur
1874 2245 1948 2269 una
1972 2245 2051 2285 cum
2074 2234 2334 2285 qlon'osissimo
2357 2246 2464 2281 quae-

249 2281 348 2313 store
366 2278 465 2313 sacri
487 2278 605 2314 nostri
625 2277 758 2324 palatii
790 2277 829 2312 in
859 2288 966 2314 sacro
997 2276 1194 2320 auditorio,
1227 2278 1525 2324 quemadmodum
1556 2279 1664 2315 etiam
1694 2278 1758 2315 lex
1785 2279 1830 2315 de
1853 2278 2157 2332 appellationibus
2187 2278 2262 2315 lata
2291 2279 2467 2326 exponit.-

248 2324 270 2359 1
314 2322 372 2358 sin
395 2326 514 2359 autem
535 2323 550 2358 i
575 2333 614 2359 se
636 2323 674 2358 in
698 2321 850 2369 Scythia
873 2327 909 2359 et
930 2321 1052 2370 Mysia
1076 2324 1317 2367 commoreris,
1342 2323 1392 2360 ad
1413 2334 1493 2360 eum
1516 2325 1582 2371 qui
1602 2324 1720 2360 locum
1745 2328 1844 2360 tuum
1866 2335 1905 2359 in
1927 2322 1997 2359 hac
2017 2323 2121 2370 felici
2142 2323 2230 2360 urbe
2252 2323 2386 2360 obtinet
2407 2324 2465 2360 de-

247 2367 420 2414 ferantur
437 2379 485 2415 ap
513 2333 713 2411 elationes,
734 2368 796 2403 ille
816 2372 935 2404 tamen
957 2368 1082 2414 utique
1104 2379 1179 2404 una
1202 2379 1282 2404 cum
1301 2369 1564 2421 qloriosissimo
1588 2373 1715 2405 nostro
1739 2373 1931 2416 quaestore
1953 2379 2100 2405 causam
2123 2369 2251 2405 audiat
2272 2369 2466 2405 secundum

249 2413 409 2460 formam
434 2417 558 2449 tatum
582 2413 849 2460 coqnitionum:
882 2424 969 2450 neve
991 2412 1153 2450 homines
1175 2414 1357 2450 molestias
1380 2426 1473 2461 quas
1495 2413 1655 2451 diximus
1677 2414 1839 2457 subeant,
1866 2414 1931 2450 sed
1952 2414 2184 2451 communiter
2206 2414 2307 2462 apud
2328 2425 2391 2451 eos
2412 2426 2465 2451 se-

250 2458 406 2494 cundum
427 2458 468 2494 id
489 2458 589 2505 quod
610 2470 653 2494 su
680 2470 725 2494 ra
745 2458 849 2494 nobis
871 2457 1005 2494 dictum
1028 2462 1083 2495 est
1104 2458 1275 2494 iudicium
1294 2459 1382 2505 fiat,
1404 2463 1611 2511 propterea
1642 2459 1743 2506 quod
1763 2459 1868 2496 nobis
1890 2460 1943 2496 ita
1968 2460 2081 2506 leqem
2111 2460 2297 2496 instituere
2315 2460 2465 2506 placuit,

249 2504 274 2539 2
318 2507 360 2539 ut
381 2504 519 2540 maiore
542 2514 622 2540 cum
645 2470 834 2556 diligentia
864 2507 900 2540 et
928 2504 1147 2556 auctoritate
1168 2515 1310 2556 ‘causae
1338 2504 1567 2542 dirimantur.
1659 2504 1702 2541 Si
1723 2516 1807 2541 vero
1832 2507 1909 2559 ipse
1939 2505 1978 2540 in
1999 2505 2195 2551 provinciis
2224 2516 2338 2552 supra
2360 2504 2466 2541 dictis

250 2548 393 2584 dederis
415 2548 578 2592 iudicem,
609 2550 642 2585 is
664 2559 725 2596 qut
750 2549 868 2585 locum
891 2551 989 2585 tuum
1012 2549 1050 2584 in
1071 2548 1174 2595 felici
1197 2549 1286 2586 urbe
1309 2550 1445 2587 obtinet
1474 2560 1621 2586 causam
1644 2549 1777 2593 audiet,
1811 2553 1906 2602 secut
1927 2551 2035 2602 etiam
2067 2550 2168 2597 apud
2188 2549 2467 2597 qlorioszzesimos

243 2594 460 2641 praefectos
477 2594 562 2641 fieri
584 2594 685 2630 solet.
745 2593 787 2630 Si
816 2598 934 2630 tamen
963 2594 1159 2640 contiqerit
1187 2598 1230 2631 ut
1257 2594 1447 2631 incohetur
1477 2595 1523 2631 lis
1544 2594 1647 2642 apud
1677 2599 1774 2631 tuam
1796 2595 1952 2641 qlortam
1974 2596 2141 2631 nimirum
2172 2594 2230 2631 hic
2253 2599 2464 2638 versantem,

250 2641 387 2676 interea
410 2644 530 2676 autem
552 2639 595 2675 ob
619 2639 794 2676 militares
817 2650 983 2693 annonas
1004 2650 1159 2686 pereqre
1174 2639 1301 2692 abeas,
1326 2639 1415 2677 haec
1437 2641 1515 2694 sine
1537 2651 1641 2693 mora
1664 2640 1766 2687 apud
1786 2651 1866 2676 eum
1889 2639 2089 2693 qui-locum
2110 2644 2209 2675 tuum
2229 2640 2362 2676 obtinet
2374 2651 2464 2687 per·

250 2688 410 2767 attis.
418 2684 1274 2777 tfflffldssoZississ’itiisstsssszssffissessssii
1290 2684 1352 2766 αὲ)
1353 2685 1463 2766 2355}
1471 2685 2137 2776 {Ziazi‚”sszttt.tmti¹⁸tntzt
2139 2684 2231 2766 §.ti
2223 2685 2464 2782 ‘'5215’22252'532'1521

385 2773 626 2822 Epiloqus.
681 2774 781 2818 Quae
809 2774 924 2822 iqitur
953 2774 1058 2811 nobis
1086 2775 1305 2822 placuerunt
1334 2780 1370 2812 et
1395 2787 1464 2823 per
1487 2775 1581 2811 hanc
1610 2786 1754 2812 sacram
1777 2775 1889 2822 leqem
1919 2774 2106 2811 declarata
2127 2779 2223 2818 sunt,
2257 2779 2320 2811 tua
2341 2774 2464 2822 qloria

251 2819 302 2856 ad
323 2831 416 2868 opus
438 2819 674 2867 effectumque
695 2820 875 2856 adducere
898 2823 1007 2866 atque
1029 2820 1069 2855 in
1088 2824 1306 2867 perpetuum
1329 2820 1512 2857 custodire
1534 2820 1687 2857 studeat.

1394 2901 1527 2942 Theod.)
1549 2899 1591 2943 β’
1615 2902 1691 2934 Ath.
1714 2901 1848 2943 Theoti„
1877 2903 1951 2943 post
1973 2899 2144 2932 Bilissario
2168 2909 2220 2933 uo.
2245 2910 2348 2933 conse.
2371 2908 2464 2934 annu

1389 2945 1461 2988 (sic)
1476 2946 1530 2988 M,
1560 2947 1635 2988 post
1658 2945 1816 2979 Bilisario
1838 2955 1889 2979 ue.
1914 2955 2019 2978 conss.
2043 2944 2112 2977 ind.
2136 2945 2160 2976 ἃ
2184 2945 2232 2979 Μ
2245 2958 2279 2989 p.
2294 2946 2398 2987 263,7

297 2901 317 2935 3
339 2895 462 2942 αὐτὴν]
482 2897 612 2941 ἑαυτὴν
621 2912 657 2943 p.
672 2901 749 2942 262,
764 2898 826 2943 1⁹ss
851 2901 870 2933 5
885 2890 989 2932 αὗται
1003 2900 1047 2933 Μ
1065 2900 1154 2942 ipsae
1173 2901 1207 2941 (i.
1223 2913 1249 2934 e.
1263 2897 1322 2933 αὒ-

251 2948 326 2986 ταὶ)
339 2958 358 2982 ς
381 2946 394 2984 ΙΙ
419 2947 439 2979 6
457 2940 627 2989 ὑπάρχοις
639 2945 746 2988 M(qf2
760 2946 807 2979 ad
818 2945 895 2987 262,
908 2947 958 2987 20)
985 2943 998 2989 11
1031 2946 1050 2979 8
1070 2941 1175 2978 αὐτὸς
1191 2958 1249 2979 om.
1264 2957 1284 2982 ς
1304 2944 1323 2999 fl

252 2994 274 3026 9
300 2988 373 3025 ὑπὸ
392 2992 449 3023 σοὶ
469 2991 540 3031 Me]
570 2986 643 3024 ὑπὸ
656 2990 722 3023 σοῦ’
741 2990 818 3024 libri
831 3002 867 3034 p.
881 2990 958 3031 262,
974 2997 1010 3024 22
1030 2990 1085 3033 (cf.
1099 3002 1127 3024 υ.
1144 2991 1197 3032 19)
1226 2989 1238 3034 11
1267 3002 1322 3024 τω

253 3031 476 3076 ἐνδοξοτάτω
498 3031 603 3078 ἡμῶν
624 3037 796 3069 κοιαίστω
820 3048 833 3068 ι
857 3035 905 3069 Μ
920 3036 992 3077 (sed
1013 3037 1055 3079 qs:
1076 3048 1112 3079 p.
1137 3037 1214 3077 262,
1228 3036 1276 3078 22)
1310 3034 1323 3080 11

257 3084 292 3116 11
319 3080 500 3114 auditoria>
524 3081 572 3114 Μ
580 3092 617 3124 p.
640 3082 716 3123 262,
735 3087 771 3115 23
797 3047 818 3124 ff
839 3082 899 3113 καὶ
922 3092 981 3114 om.
1006 3080 1075 3116 Μς
1095 3079 1108 3124 ΙΙ
1141 3082 1181 3114 12
1204 3078 1322 3124 νόμος]

253 3140 324 3161 nov.
343 3128 476 3160 XXIII
494 3138 522 3159 c.
539 3127 561 3160 4
582 3127 642 3170 (efi
664 3126 742 3160 Cod.
758 3128 789 3167 7,
810 3132 858 3167 62,
877 3127 926 3168 82)
956 3125 970 3170 11
995 3125 1056 3159 ἐπὶ
1079 3124 1241 3160 Σκυθίας
1263 3126 1323 3158 καὶ

255 3173 406 3213 Μυσίας]
430 3171 466 3204 in
489 3170 595 3215 Mysia
618 3173 650 3204 et
672 3171 808 3214 Scythia
832 3183 851 3207 ς
879 3171 892 3214 11
922 3172 962 3205 15
984 3168 1176 3216 γινόμενον
1199 3167 1321 3211 αὐτὸν]

254 3217 415 3250 residente
439 3227 477 3250 eo
501 3228 521 3253 ς
548 3215 561 3259 11
589 3217 631 3250 25
655 3216 722 3259 τὴν
745 3212 942 3258 εὐδαίμονα
964 3213 1102 3259 ταύτην
1124 3213 1232 3250 πόλιν
1255 3228 1324 3250 cum

255 3262 450 3296 Haloandro
463 3263 518 3296 vul
540 3286 547 3293 .
563 3260 577 3304 11
595 3262 638 3295 26
654 3261 714 3295 ἐπὶ
733 3260 810 3295 τῶν
825 3256 1074 3301 ἐνδοξοτάτων
1087 3256 1260 3308 ὑπάρχων
1273 3260 1323 3300 M,

254 3275 900 3397 2‘.⁰35‚{.2{‡q52‘3}.{2020²5“33„²32352²}5
911 3303 1323 3394 L335223103fi⁷zain⁹3

255 3398 426 3439 praefectis
450 3409 470 3433 ς
497 3396 510 3440 11
537 3363 739 3438 aceretem
764 3398 932 3439 prioribus
961 3377 1064 3440 iunqsst
1092 3397 1279 3431 Zachariae
1311 3394 1324 3440 11

257 3443 297 3474 32
310 3439 477 3488 ὑπάρχοις
491 3442 538 3476 Μ
550 3440 563 3487 11
588 3442 632 3476 39
643 3451 693 3474 xv
704 3441 737 3474 k.
750 3450 815 3483 sep.
828 3442 920 3484 (sept.
929 3453 965 3485 p.
974 3442 1051 3483 263,
1060 3442 1091 3484 θ)
1105 3441 1171 3475 GP.
1187 3440 1233 3475 M
1238 3448 1323 3476 uir-0·

257 3498 316 3527 que
330 3487 407 3528 loco,
432 3488 463 3519 k.
478 3487 567 3530 Sept.
581 3486 647 3519 GP.
662 3498 692 3529 ς,
716 3487 803 3530 quod
810 3493 945 3530 propter
955 3487 1159 3521 indictionem
1167 3499 1203 3531 p.
1217 3487 1294 3528 263,
1307 3493 1322 3520 7

258 3532 290 3562 in
308 3531 353 3563 M
365 3539 505 3566 notatam
527 3539 610 3566 recte
674 3533 749 3565 obal
764 3530 962 3573 Zachariae,
983 3532 1070 3575 μηνὶ
1083 3533 1322 3577 Σεπτεμβρίῳ

259 3574 333 3606 Ath.
350 3576 467 3609 ΊἸιεοᾰ.
493 3577 505 3620 11
531 3577 610 3620 imp.
671 3601 679 3609 .
700 3575 770 3618 (dn.
784 3588 843 3610 om.
855 3576 887 3618 ς)
907 3576 1022 3609 instin.
1035 3587 1089 3630 pp.
1104 3587 1180 3619 aug.
1193 3587 1270 3610 ann.
1283 3587 1323 3609 ιι

261 3617 306 3651 Μ
308 3630 342 3660 ρ.
355 3620 430 3659 263,
443 3627 460 3653 ο
479 3629 508 3654 et
521 3633 541 3657 ς·
590 3619 738 3656 wal-date
754 3617 1004 3655 ’Ῑουστινιανοῧ
1028 3633 1071 3655 το
1095 3619 1143 3655 ια’
1167 3618 1224 3665 (ις’
1239 3622 1323 3663 cod.)

261 3662 348 3702 Aeli„
361 3675 418 3695 om.
434 3664 476 3696 M
486 3666 543 3698 hoc
587 3678 633 3707 co,
650 3667 768 3700 Theod.
798 3664 813 3711 fl
839 3668 883 3701 40
903 3675 935 3709 p.
949 3677 976 3699 o.
996 3666 1149 3700 Belisarii
1169 3677 1221 3700 uo.
1234 3676 1322 3700 anno

258 3706 401 3740 ”eundo
423 3718 444 3744 e
475 3706 565 3750 μετὰ
590 3709 656 3752 τὴν
686 3708 864 3745 ὑπατείαν
899 3709 1108 3757 Βελισαρίου
1137 3708 1181 3746 τὸ
1211 3708 1324 3753 (hove

2266 3029 2461 3036 mam—‘-

1440 3080 1452 3112 1
1472 3080 1521 3120 ut]
1546 3080 1579 3112 et
1600 3079 1632 3113 V
1648 3079 1661 3124 11
1684 3079 1818 3123 soythya
1838 3079 1871 3112 V
1887 3079 1994 3123 soicya
2015 3086 2026 3112 t
2050 3077 2063 3123 11
2088 3080 2107 3112 2
2124 3078 2220 3111 misia
2237 3085 2249 3112 t
2270 3077 2384 3111 missia
2404 3078 2434 3112 V

1390 3124 1556 3158 existenst
1581 3123 1593 3168 11
1625 3126 1645 3159 3
1669 3128 1717 3158 eet
1740 3136 1799 3159 om.
1821 3124 1856 3159 V
1874 3123 1888 3169 11
1918 3127 1937 3159 5
1961 3124 1973 3156 i
2034 3134 2051 3156 e
2075 3123 2212 3164 Biener]
2243 3123 2331 3166 ipsas
2354 3124 2431 3157 libri

1392 3171 1410 3202 7
1436 3169 1540 3202 usuris
1566 3169 1607 3213 tn
1629 3171 1730 3203 huius
1753 3171 1779 3203 ι’
1797 3169 1811 3213 11
1834 3171 1853 3204 8
1878 3180 1916 3202 ea
1940 3177 1952 3203 t
1981 3169 1986 3214 1
2012 3170 2032 3203 9
2055 3168 2091 3201 in
2116 3179 2209 3202 sacro
2232 3170 2344 3201 nostro
2367 3169 2462 3201 audi-

1390 3215 1477 3247 torio
1492 3223 1503 3248 t
1517 3213 1530 3258 11
1552 3216 1591 3248 10
1603 3225 1702 3258 super
1714 3215 1832 3256 Neela]
1852 3224 1952 3258 supra
1963 3214 2017 3257 (de
2029 3227 2054 3248 s.
2068 3216 2112 3257 v.)
2126 3221 2146 3254 t,
2162 3227 2219 3248 om.
2230 3213 2264 3247 V
2273 3212 2285 3258 11
2306 3215 2345 3247 12
2357 3213 2462 3257 Mysia

1391 3262 1423 3292 et
1439 3260 1573 3302 Scythia
1589 3261 1687 3305 vulo]
1711 3261 1848 3304 misyam
1865 3262 1898 3293 et
1913 3259 2054 3303 sithyam
2070 3267 2081 3293 t
2109 3259 2237 3292 misiam
2253 3261 2287 3291 et
2301 3257 2460 3301 sytioham

1398 3305 1452 3347 Vn
1471 3306 1648 3339 comoraris
1668 3305 1723 3347 Vll
1750 3307 1791 3341 13
1814 3303 1932 3348 implet
1956 3313 1967 3339 t
1991 3303 2004 3350 11
2030 3306 2071 3339 14
2094 3304 2280 3338 resindente
2300 3313 2338 3335 eo
2358 3301 2392 3335 V
2406 3311 2458 3334 re-

1390 3349 1559 3383 scindente
1583 3361 1620 3384 eo
1645 3358 1658 3384 t
1690 3350 1886 3384 residentem
1909 3361 1983 3384 eum
2007 3350 2091 3394 vuly.
2116 3349 2129 3394 11
2158 3359 2226 3382 nna
2248 3348 2333 3388 oum]
2358 3355 2457 3378 unam

1398 3393 1452 3438 Vll
1475 3395 1515 3429 16
1529 3406 1641 3429 omnes
1661 3403 1673 3430 t
1689 3395 1703 3441 11
1726 3397 1764 3430 17
1780 3395 1965 3439 praedictas
1982 3394 2119 3429 om.tal.
2135 3392 2149 3438 fl
2173 3392 2239 3433 sed]
2262 3392 2290 3424 ai
2307 3390 2432 3442 εΝροό.
2446 3391 2459 3435 11

1393 3440 1432 3473 18
1453 3449 1473 3472 a
1493 3453 1551 3474 om.
1567 3440 1605 3485 1ss
1624 3443 1667 3476 20
1684 3440 1807 3474 maiore
1827 3440 1883 3484 Vss
1907 3442 1950 3475 24
1965 3439 2093 3474 obtinet
2110 3439 2167 3473 vul
2187 3462 2194 3470 .
2212 3436 2227 3482 11
2248 3436 2292 3470 26
2309 3434 2457 3487 solitum]

1389 3486 1422 3518 et
1444 3484 1590 3518 solutum
1611 3486 1643 3519 V
1662 3485 1675 3531 11
1699 3486 1850 3519 inchoari
1872 3485 1931 3530 Vfl
1955 3485 2043 3528 apud
2067 3496 2125 3518 om.
2194 3479 2210 3566 11
2236 3480 2279 3514 30
2302 3480 2459 3513 audlebat

1398 3529 1443 3563 νδ
1458 3529 1471 3574 u
1490 3531 1532 3564 32
1554 3530 1657 3564 alium
1683 3531 1761 3566 ιῑῡη·
1777 3529 1790 3576 11
1815 3532 1856 3565 37
1881 3530 2074 3564 contradere
2091 3528 2192 3562 Νωῡ.
2219 3525 2426 3577 ‘contendere
2447 3532 2459 3558 t

1388 3575 1517 3608 tradere
1539 3574 1604 3621 Vl}
1630 3577 1672 3612 39
1696 3576 1761 3610 dat.
1783 3576 1873 3618 (data
1893 3576 1918 3617 t)
1942 3574 1988 3608 kl.
2012 3570 2165 3616 septemb.
2185 3569 2323 3612 (septeb.
2339 3571 2362 3611 t)
2387 3580 2457 3613 oap.

1398 3620 1447 3654 Vt
1461 3620 1562 3654 Neob.
1590 3623 1604 3666 11
1629 3621 1707 3664 imp.
1721 3620 1907 3655 iustiniano
1929 3618 2054 3654 tNeob.
2078 3617 2173 3658 impr.
2198 3614 2275 3647 inst.
2301 3613 2356 3667 Vll
2375 3625 2456 3667 oppo.

1390 3664 1515 3699 tNeob.
1533 3665 1546 3710 11
1563 3668 1606 3700 40
1619 3677 1671 3710 po.
1688 3666 1774 3700 bilis.
1792 3676 1843 3699 ue.
1860 3675 1949 3698 auno
1963 3659 2105 3697 mundo
2130 3659 2269 3702 eNeob„
2295 3659 2459 3694 lnhsumo

1389 3711 1524 3754 reliquis
1546 3713 1671 3746 omae-‘s
1689 3711 1722 3745 V
