2586 3990
196 146 304 193 Nov.
325 146 442 191 CXX
473 148 498 188 7

195 259 261 294 τοῦ
294 254 442 302 εὗαγοῦς
472 252 780 301 ὖρφανοτροφείου
808 257 869 289 καὶ
892 251 1065 295 ξενώνων
1094 255 1154 286 καὶ
1178 265 1276 288 πτω-

195 305 303 346 χείων
333 302 411 335 τῶν
441 301 481 334 ἐν
503 301 550 345 τῇ
572 296 735 342 βασιλίδι
759 297 863 334 πόλει
893 301 954 333 καὶ
976 295 1050 332 ὑπὸ
1077 296 1145 341 τὴν
1168 294 1277 341 αὐτῆς

197 347 318 382 ὄντων
342 347 488 390 ἐνορίαν
511 345 644 385 ἐξεῖναι
666 340 797 379 πάσαις
818 346 896 378 ταῖς
917 339 1136 390 ἁγιωτάταις
1156 340 1277 386 ἐκκλη-

195 395 288 426 σίαις
310 393 370 424 καὶ
393 392 466 424 τοῖς
482 385 649 436 εὗαγέσιν
672 389 798 434 οἴκοις,
822 385 864 423 οὗ
879 387 954 433 μὴν
971 384 1063 422 ἀλλά
1088 390 1148 422 καὶ
1164 400 1277 432 μονα-

1261 139 1345 188 586

2033 150 2097 187 DE‘
2121 154 2424 188 ALIENATIONE

1346 253 1514 306 trepidis,
1543 252 1743 289 xenonibus
1767 256 1804 289 et
1825 254 1996 299 ptochiis,

1346 300 1509 340 civitate,
1543 297 1612 333 sub
1643 297 1719 333 eius
1749 298 1952 335 constitutis
1983 300 2208 336 ordinatione
2244 298 2426 334 licentiam

1346 352 1425 378 esse
1455 342 1620 378 omnibus
1651 342 1884 378 sanctissimis
1915 344 2075 381 ecclesiis
2105 347 2142 381 et
2164 343 2425 380 venerabilibus

1346 387 1509 423 domibus
1540 397 1607 422 nec
1635 397 1709 422 non
1739 391 1776 423 et
1797 390 2020 426 monasteriis
2048 394 2122 426 tam
2152 390 2190 425 in
2217 389 2314 434 regia
2342 389 2425 423 civi·

195 439 351 480 στηρίοις
385 435 427 469 ἔν
458 446 498 468 τε
529 435 573 480 τῇ
603 432 767 478 βασιλίδι
798 431 903 468 πόλει
934 435 994 467 καὶ
1024 434 1064 466 ἐν
1093 430 1278 479 διαφόροις
1314 434 1421 468 5tate
1453 442 1558 477 quam
1589 431 1627 467 in
1650 431 1798 468 diversis
1827 433 2018 478 provinciis
2051 435 2253 471 constitutis
2283 443 2424 479 permu-

195 483 381 525 ἐπαρχίαις
409 481 581 523 κειμένοις
610 474 836 525 ἀνταλλαγάς
859 476 950 523 πρὸς
973 473 1144 521 ἀλλήλους
1166 481 1277 512 ποιεῖ-

195 526 300 568 σθαι,
324 522 418 559 ὅταν
441 524 598 568 ἑκατέρῳ
623 520 742 570 εὗαγεῖ
763 524 850 567 οἴκῳ
880 521 1106 569 φυλάττηται
1128 520 1172 557 τὸ
1193 519 1278 566 ἀζή-

193 583 290 615 μιον,
321 570 593 605 συναινούντων
623 566 811 615 ἐγγράφως
837 566 860 612 ἢ
884 566 945 602 διὰ
966 567 1201 602 καταθέσεως
1223 567 1277 611 τῷ

194 613 644 670 τοιούτῳ’συναλλάγματι
675 611 716 647 οὐ
738 612 856 659 μόνον
878 614 957 648 τῶν
981 611 1174 656 διοικητῶν
1197 613 1278 647 ἑκα-

1345 477 1500 512 tationes
1530 476 1577 512 ad
1600 477 1754 512 invicem
1777 477 1908 522 facere,
1941 479 2083 524 quando
2115 481 2256 524 utrique
2279 488 2426 515 venera-

1346 522 1412 557 bili
1443 522 1562 558 domui
1593 526 1755 558 servatur
1790 522 2020 568 indemnitas,
2053 525 2357 560 consentientibus
2388 524 2426 558 in

1346 567 1490 612 scriptis
1526 569 1589 602 aut
1611 578 1687 647 (fer
1720 567 1958 613 depositiones
1989 569 2193 606 huiusmodi
2225 568 2426 605 contractui

1346 622 1418 648 non
1434 613 1550 648 solum
1568 623 1609 648 or
1634 613 1834 648 inatoribus
1858 613 2042 659 utriusque
2058 614 2269 650 venerabilis
2286 614 2424 656 domus,

193 663 297 706 τέρου
328 660 476 716 ευαγοῦς
506 661 613 702 οἱκου,
649 655 741 693 ἀλλά
772 661 833 693 καὶ
864 659 928 693 τοῦ
961 656 1125 693 πλείονος
1153 660 1278 704 μέρους
1293 661 1333 694 10
1347 658 1411 693 sed
1426 660 1463 692 et
1478 658 1649 703 ampliore
1672 661 1775 703 parte
1797 658 1834 692 in
1860 658 1910 693 eis
1926 658 2209 696 deservientium.
2254 659 2313 694 Ea
2329 669 2424 700 vero,

194 707 272 739 τῶν
289 706 328 739 ἐν
345 707 466 739 αυτοῖς
491 703 804 751 λειτουργούντων.
852 703 900 738 τὰ
925 701 965 738 δὲ
988 700 1062 738 ἀπὸ
1088 702 1277 749 βασιλικοῦ

194 750 290 784 οἴκου
313 749 362 785 εἰς
384 747 599 792 οἱονδήποτε
621 746 731 796 εὐαγῆ
749 750 866 784 τόπον
881 747 1130 795 περιελθόντα
1148 745 1170 791 ἢ
1185 748 1277 794 μετὰ

193 797 312 830 ταῦτα
347 794 647 842 περιελευσόμενα
681 791 766 829 κατ’
799 791 930 829 οὐδένα
964 793 1105 840 τρόπον
1140 791 1275 840 πιπρά-

194 841 352 876 σκεσθαι
370 838 393 885 ἢ
408 839 665 876 ὑποτίθεσθαι
688 838 710 883 ἢ
726 837 1046 874 ἀνταλλάττεσθαι
1066 837 1090 883 ἢ
1106 835 1199 873 ὅλως
1223 841 1277 873 έκ-

1346 712 1439 748 quae
1468 703 1513 738 ab
1545 703 1721 749 imperiali
1755 703 1859 739 domo
1895 703 1932 738 in
1963 704 2156 748 quemlibet
2188 704 2426 740 venerabilem

1345 749 1465 783 locum
1499 751 1738 793 pervenerunt
1780 752 1843 784 aut
1878 752 2006 794 postea
2040 749 2284 793 pervenerint,
2327 749 2425 784 nullo

1345 793 1451 829 modo
1481 794 1585 830 vendi
1614 798 1678 829 aut
1706 793 1860 839 supponi
1882 794 2023 838 pignori
2054 798 2117 829 aut
2138 794 2335 839 permutari
2363 797 2426 829 aut

1347 839 1489 875 omnino
1525 839 1673 874 alienari
1707 839 1953 881 concedimus,
1997 848 2112 884 neque
2146 839 2177 875 si
2215 839 2261 875 ad
2294 840 2425 875 alteras

194 886 385 922 ποιεῖσθαι
422 886 685 940 συγχωροῦμεν,
727 882 812 938 οὐδὲ
846 885 877 919 εἰ
911 884 1001 931 πρὸς
1035 881 1206 928 ἀλλήλους
1243 883 1279 919 οἱ
1292 887 1332 920 15
1347 884 1567 920 venerabiles
1591 884 1714 920 domos
1737 885 1811 919 tale
1835 884 1970 929 aliquid
1994 885 2138 928 egerint.

194 927 330 978 εὐαγεῖς
360 931 451 966 οἶκοι
481 943 624 966 τοιουτο
655 943 693 965 τι
724 930 914 976 πραξαιεν.

194 979 218 1013 1
273 974 419 1020 Ἐπειδὴ
442 974 482 1010 δὲ
502 978 668 1023 ἔγνωμεν
689 976 790 1021 παρά
811 988 928 1010 τινων
949 975 1123 1022 γίνεσθαι
1146 977 1207 1009 καὶ
1223 975 1276 1008 ἐκ·

194 1022 356 1066 ποιήσεις
383 1026 640 1067 μοναστηρίων
672 1022 733 1056 ἐπὶ
764 1023 817 1064 τῷ
842 1022 960 1056 ταῦτα
991 1017 1065 1054 ἀπὸ
1099 1019 1276 1066 ἱερατικοῦ

195 1066 375 1112 σχήματος
398 1067 446 1101 εἰς
465 1065 654 1122 ἰδιωτικὴν
677 1064 862 1113 διαγωγὴν
883 1065 1277 1111 μετασχηματίζεσθαι,

1346 977 1367 1011 1
1413 975 1462 1010 Et
1493 975 1661 1020 quoniam
1693 974 1922 1019 cognovimus
1955 975 2002 1010 ab
2033 974 2211 1019 aliquibus
2241 973 2318 1009 fieri
2341 973 2426 1009 alie-

1347 1020 1509 1056 nationes
1533 1020 1845 1064 monasteriorum,
1877 1023 1918 1055 ut
1940 1020 2032 1056 haec
2064 1029 2087 1055 a
2115 1029 2222 1055 sacra
2243 1018 2359 1063 figura
2389 1018 2428 1054 in

1347 1067 1566 1110 privatorum
1587 1065 1857 1101 conversatione
1877 1065 2151 1107 transferantur,
2175 1068 2211 1100 et
2227 1064 2296 1100 hoc
2316 1064 2427 1099 omni-

194 1115 256 1146 καὶ
277 1113 385 1147 τοῦτο
417 1112 510 1147 πᾶσι
540 1123 691 1157 τροποις
719 1110 914 1156 κωλύομεν.
962 1112 994 1145 εἰ
1017 1110 1060 1146 δέ
1080 1125 1115 1146 τι
1135 1112 1278 1146 τοιοῦτο
1292 1114 1334 1146 20
1349 1113 1414 1146 bus
1438 1111 1552 1146 modis
1572 1111 1813 1156 prohibemus.
1863 1110 1901 1146 Si
1923 1121 2007 1147 vero
2036 1110 2108 1146 tale
2137 1109 2270 1155 aliquid
2293 1109 2428 1144 factum

192 1154 391 1204 γενόμενον
414 1155 592 1202 εὑρεθείη,
625 1155 754 1191 ἄδειαν
778 1160 981 1206 παρέχομεν
1011 1157 1065 1200 τῷ
1090 1155 1183 1191 κατὰ
1211 1155 1278 1190 τὸν

194 1200 313 1238 τόπον
336 1199 532 1246 ὁσιωτάτῳ
558 1202 748 1246 ἐπισκόπῳ
776 1202 819 1237 τὸ
845 1203 1011 1237 τοιοῦτον
1032 1199 1278 1247 μοναστήριον

195 1246 348 1283 ἐκδικεῖν
375 1251 436 1282 καὶ
460 1248 507 1282 εἰς
529 1247 573 1283 τὸ
598 1245 749 1295 ἀρχαῖον
781 1249 900 1293 σχῆμα
924 1248 1130 1295 ἐπανάγειν.
1178 1247 1209 1281 εἰ
1239 1244 1281 1281 δέ

194 1304 248 1328 τις
264 1295 303 1328 ἐκ
317 1294 396 1328 τῶν
411 1293 611 1339 εἰρημένων
633 1290 776 1339 εὗαγῶν
799 1293 911 1328 οἴκων
933 1294 1010 1327 τῶν
1024 1305 1065 1327 τε
1088 1294 1129 1327 ἐν
1151 1294 1196 1339 τῇ
1212 1295 1278 1337 βα-

1347 1157 1646 1201 deprehendatur,
1670 1156 1848 1191 licentiam
1871 1156 2084 1201 praebemus
2110 1155 2333 1191 sanctissimo
2357 1154 2428 1190 loci

1347 1203 1515 1247 episcopo
1540 1202 1610 1237 hoc
1633 1202 1886 1237 monasterium
1909 1202 2089 1237 vindicare
2121 1203 2157 1236 et
2182 1201 2219 1236 in
2243 1200 2428 1245 antiquam

1346 1247 1496 1291 figuram
1520 1247 1702 1282 reducere.
1751 1247 1789 1282 Si
1812 1257 1893 1283 vero
1926 1246 2004 1292 quis
2037 1247 2080 1282 de
2103 1246 2297 1291 praedictis
2323 1255 2426 1280 vene-

1347 1293 1519 1328 rabilibus
1544 1293 1706 1328 domibus
1732 1302 1822 1336 quae
1845 1292 1882 1327 in
1905 1293 2002 1336 regia
2026 1292 2167 1327 civitate
2191 1292 2264 1327 sive
2286 1291 2324 1325 in
2348 1290 2426 1325 aliis

194 1336 306 1373 σιλίδι
328 1336 432 1374 πόλει
456 1352 534 1373 των
557 1352 599 1373 τε
621 1340 662 1373 ἐν
685 1341 763 1373 ταῖς
787 1340 972 1384 ἐπαρχίαις
996 1337 1119 1373 ὄντων
1143 1339 1278 1381 (ἑξηρη-
1293 1341 1334 1374 25
1347 1338 1539 1382 provinciis
1563 1341 1657 1380 sunt,
1690 1343 1840 1383 excepta
1864 1338 2088 1373 sanctissima
2117 1337 2252 1372 maiore
2275 1335 2427 1371 ecclesia

193 1387 300 1429 μένης
322 1385 386 1428 τῆς
409 1381 613 1431 ἁγιωτάτης
641 1382 792 1430 μεγάλης
815 1383 997 1428 ἐκκλησίας
1016 1384 1077 1427 τῆς
1096 1374 1280 1428 βασιλίδος

195 1428 346 1471 πόλεως)
370 1430 594 1474 κτῆσιν-ἔχοι
618 1428 761 1464 πολλοῖς
792 1427 973 1474 δημοσίοις
1003 1427 1196 1471 τελέσμασι
1220 1432 1278 1473 βε·

194 1477 415 1522 βαρημένην,
436 1475 476 1515 ἐξ
491 1475 530 1518 ῆς
545 1471 696 1519 οὐδεμία
712 1472 888 1522 εἰςάγεται
903 1472 1075 1520 πρόςοδος
1089 1475 1143 1517 τῷ
1161 1471 1281 1520 εὗαγεῖ

194 1520 293 1564 οἴκῳ,
318 1518 447 1554 ἄδειαν
469 1523 671 1566 παρέχομεν
693 1523 767 1555 τοῖς
789 1521 856 1555 τοῦ
879 1517 989 1555 αὐτοῦ
1015 1517 1158 1566 εὐαγοῦς
1181 1520 1278 1553 οἴκου

1348 1384 1465 1426 regiae
1490 1383 1654 1426 civitatis,
1687 1383 1871 1428 praedium
1894 1383 2027 1418 habeat
2053 1383 2216 1428 plurimis
2243 1381 2427 1416 fiscalibus

1349 1429 1491 1464 tributis
1526 1434 1731 1474 gravatum,
1769 1439 1814 1464 ex
1849 1439 1918 1474 quo
1953 1429 2072 1463 nullus
2106 1428 2260 1463 infertur
2292 1427 2426 1462 reditus

1348 1474 1540 1510 venerabili
1565 1475 1702 1516 domui,
1734 1474 1915 1509 licentiam
1945 1475 2158 1518 praebemus
2185 1473 2344 1508 eiusdem
2367 1482 2426 1506 ve·

1348 1520 1516 1555 nerabilis
1541 1520 1665 1556 domus
1683 1520 1947 1556 ordinatoribus
1971 1519 2043 1554 tale
2061 1519 2248 1564 praedium
2270 1518 2427 1553 alienare

195 1563 390 1609 διοικηταῖς
420 1565 490 1609 τὴν
519 1566 692 1609 τοιαύτην
722 1567 850 1610 κτῆσιν
885 1567 1042 1600 εκποιεῖν
1075 1563 1278 1620 οἱῳδήποτε
1291 1567 1333 1599 30
1349 1565 1507 1617 quolibet
1541 1566 1646 1601 modo
1683 1565 1857 1601 voluerint
1890 1564 1937 1599 ad
1970 1564 2167 1609 perfectam
2200 1564 2426 1599 securitatem

194 1611 322 1666 τρόπῳ
338 1609 556 1656 βουληθεῖεν
572 1610 663 1657 πρὸς
679 1611 722 1645 τὸ
735 1609 912 1646 λυσιτελὲς
926 1612 991 1645 τοῦ
1007 1607 1117 1645 αὐτοῦ
1134 1611 1280 1657 ευαγοῢς

195 1657 307 1700 alnov,
339 1654 617 1701 ὑπομνημάτων
640 1654 777 1701 δηλαδὴ
810 1659 870 1690 καὶ
895 1657 956 1691 ἐπὶ
978 1656 1023 1703 τῇ
1047 1656 1198 1704 τοιαύτῃ
1225 1656 1278 1689 ἐκ·

194 1701 338 1745 ποιήσει
361 1704 626 1747 πραττομένων
648 1699 739 1746 παρ’
765 1703 929 1743 ἐκείνοις,
962 1697 1030 1747 ἀφ’
1056 1693 1112 1736 αἷν
1134 1700 1171 1735 οἱ
1193 1699 1279 1735 διοι-

194 1750 300 1800 κηταὶ
322 1747 401 1781 τῶν
423 1746 603 1782 τοιούτων
626 1744 757 1782 τόπων
779 1744 1052 1801 προβάλλονται
1079 1743 1103 1789 ἢ
1124 1759 1279 1800 χειροτο·

193 1804 355 1836 νουνται,
384 1794 446 1827 καὶ
469 1789 665 1838 ὄμνύντων
694 1793 754 1827 ἐπὶ
785 1793 863 1827 τῶν
886 1795 1002 1839 αγίων
1023 1804 1176 1838 γραφων
1204 1792 1282 1825 τῶν
1295 1793 1336 1826 35

1349 1610 1505 1646 e1usdem
1539 1611 1750 1647 venerabilis
1788 1611 1933 1652 domus,
1973 1609 2082 1655 gestis
2119 1611 2427 1644 monumentorum

1348 1656 1511 1691 videlicet
1533 1656 1571 1691 in
1586 1656 1788 1692 huiusmodi
1812 1655 2026 1691 alienatione
2044 1655 2273 1690 conficiendis
2292 1653 2338 1688 ab
2357 1653 2427 1688 illis

1348 1712 1370 1736 a
1399 1701 1529 1746 quibus
1560 1702 1781 1737 ordinatores
1813 1701 1938 1736 talium
1967 1700 2127 1736 locorum
2158 1702 2428 1745 praeponuntur

1349 1747 1421 1783 sive
1452 1747 1675 1790 ordinantur,
1713 1751 1747 1783 et
1776 1746 1978 1782 iurantibus
2006 1746 2044 1781 in
2075 1745 2209 1781 sanctis
2240 1744 2427 1790 scripturis

262 1894 311 1938 §1
338 1895 518 1930 υ.17-32
543 1895 640 1929 habet
664 1895 712 1929 B⁸
734 1896 771 1927 E
793 1895 845 1935 11,
862 1902 889 1928 7.
912 1911 958 1918 —-
981 1907 1010 1927 υ.
1027 1896 1160 1928 17-23
1185 1895 1335 1927 clausula
1359 1895 1524 1928 immutata
1545 1901 1654 1928 extant
1678 1896 1710 1928 in
1734 1894 1942 1939 Epanaqoqe
1968 1897 2019 1936 10,
2039 1900 2085 1934 11,
2118 1893 2228 1926 eadem
2252 1904 2291 1925 ex
2313 1891 2350 1924 B
2374 1903 2426 1924 ex·

193 1941 319 1984 scripta
342 1941 375 1974 in
396 1939 577 1975 Νοηιοιεὲἷηι
595 1940 749 1974 XIVtit.
766 1941 861 1982 11,1;
893 1941 1069 1974 summaria
1093 1941 1214 1974 habent
1239 1940 1317 1974 Con.
1339 1941 1380 1974 87
1405 1952 1478 1983 cap.
1493 1941 1547 1982 17,
1571 1940 1703 1974 Nomoc.
1730 1940 1793 1973 XI
1799 1940 1887 1974 Vtit.
1906 1942 2001 1982 11,1‚
2027 1940 2154 1982 Ecloqa
2177 1938 2224 1971 ad
2245 1937 2427 1971 Prochiron

193 1993 317 2020 mutata
341 1986 395 2028 23,
408 1993 424 2020 2
443 1998 479 2030 p.
495 1986 560 2021 116
576 1986 681 2019 Zacb.

2029 264 2121 300 quae
2153 256 2237 290 sunt
2266 253 2305 288 in
2327 250 2426 298 regia
2481 254 2483 257 “

194 2118 340 2165 trophio
365 2122 402 2155 et
422 2117 628 2154 oeenonibus
650 2121 687 2153 et
701 2116 867 2163 ptochiis
888 2127 983 2162 quae
1006 2117 1044 2152 in
1067 2117 1171 2162 reqia
1195 2117 1338 2152 civitate
1368 2119 1404 2151 et
1426 2116 1524 2152 intra
1548 2116 1625 2151 eius
1643 2116 1739 2161 fines
1760 2121 1846 2151 sunt
1871 2116 1978 2152 licere
2009 2116 2172 2152 omnibus
2192 2116 2428 2152 sanctissimis

193 2164 353 2200 ecclesiis
383 2167 420 2199 et
441 2162 704 2200 venerabilibus
734 2161 898 2197 domibus
928 2172 994 2197 nec
1023 2172 1098 2197 non
1127 2161 1357 2197 monasteriis
1387 2164 1423 2197 et
1454 2161 1492 2196 in
1514 2161 1618 2207 reqia
1641 2162 1786 2198 civitate
1815 2165 1852 2198 et
1877 2161 1916 2196 in
1939 2161 2091 2198 diversis
2115 2162 2319 2208 provinciis
2347 2162 2428 2198 sitis

190 2209 477 2256 permutationes
499 2209 593 2244 inter
608 2207 798 2253 sefacere,
823 2206 907 2242 dum
931 2207 1077 2253 utrique
1100 2206 1296 2243 venerabili
1320 2206 1442 2242 domui
1465 2206 1681 2242 indemnitas
1702 2211 1875 2250 servetur,
1901 2207 2202 2244 consentientibus
2222 2208 2261 2242 in
2279 2207 2428 2254 scriptis

193 2260 259 2290 aut
275 2265 347 2301 per
372 2253 632 2300 depositionem
663 2251 838 2288 eiusmodi
866 2252 1073 2288 contractui
1103 2263 1178 2287 non
1201 2252 1316 2287 solum
1348 2251 1704 2287 administratoribus
1734 2253 1923 2299 utriusque
1950 2252 2164 2288 venerabilis
2186 2252 2331 2296 domus,
2362 2253 2428 2288 sed

191 2301 301 2336 etiam
325 2299 462 2335 maiore
490 2303 598 2344 parte
624 2309 747 2334 eorum
777 2298 843 2344 qui
868 2298 907 2332 in
938 2298 985 2333 iis
1015 2297 1215 2333 ministeria
1239 2297 1379 2333 obeunt.
1423 2296 1524 2340 Quae
1547 2302 1664 2333 autem
1692 2297 1737 2334 ab
1762 2298 1941 2344 imperiali
1963 2298 2068 2333 domo
2100 2298 2150 2333 ad
2171 2308 2428 2344 quemcumque

192 2344 427 2381 venerabilem
459 2344 577 2379 locum
604 2346 848 2390 pervenerunt
876 2342 933 2378 vel
955 2346 1091 2390 postea
1117 2347 1340 2394 perventura
1369 2346 1455 2378 sunt
1486 2342 1586 2378 nullo
1618 2343 1725 2378 modo
1751 2343 1857 2379 vendi
1884 2343 1942 2379 vel
1970 2342 2129 2389 obliqari
2148 2343 2205 2379 vel
2219 2343 2429 2390 permutari

192 2390 250 2426 vel
272 2390 416 2426 omnino
440 2389 595 2424 alienari
610 2388 867 2435 permittimus,
899 2399 944 2423 ne
968 2393 1042 2424 tum
1065 2388 1208 2433 quidem
1231 2389 1263 2423 si
1285 2387 1381 2423 inter
1402 2399 1442 2423 se
1464 2387 1685 2423 venerabiles
1709 2387 1837 2423 domus
1862 2388 2039 2424 eiusmodi
2060 2388 2151 2440 quid
2173 2388 2322 2434 eqerint.

191 2438 215 2472 1
273 2434 451 2478 Quoniam
475 2438 595 2470 autem
619 2433 854 2514 ccbqnovimus
880 2433 924 2469 ab
954 2433 1136 2480 aliquibus
1163 2434 1271 2469 etiam
1302 2432 1540 2469 alienationes
1569 2434 1870 2469 monasteriorum
1902 2435 1955 2469 ita
1982 2434 2065 2479 sieri
2097 2438 2137 2470 ut
2164 2445 2208 2470 ea
2239 2445 2288 2470 ex
2319 2443 2426 2469 sacro

191 2484 291 2516 statu
314 2481 353 2515 in
370 2481 556 2526 privatam
580 2490 647 2515 eon
674 2479 824 2514 icionem
849 2479 1137 2524 transferantur,
1169 2478 1237 2514 boc
1260 2489 1404 2524 quoque
1431 2478 1594 2514 omnibus
1617 2479 1732 2513 modis
1754 2479 2001 2525 probibemus.
2048 2478 2091 2514 Si
2113 2479 2202 2525 quid
2226 2490 2310 2515 vero
2334 2479 2426 2515 eius·

191 2525 292 2561 modi
310 2525 454 2571 factum
478 2523 781 2570 deprehendatur,
810 2524 1026 2570 facultatem
1050 2523 1278 2559 concedimus
1300 2524 1526 2559 sanctissimo
1557 2523 1627 2559 loci
1649 2524 1749 2558 illius
1772 2525 1893 2570 episco
1923 2535 1944 2560 o
1977 2523 2049 2560 tale
2071 2524 2328 2560 monasterium
2351 2525 2426 2559 vin-

191 2570 338 2606 dicandi
360 2574 395 2605 et
417 2571 456 2604 in
476 2570 672 2616 pristinum
695 2574 829 2605 statum
851 2568 1059 2605 reducendi.
1107 2567 1246 2612 Quodsi
1269 2580 1364 2615 quae
1392 2579 1443 2604 ex
1469 2569 1669 2615 praedictis
1695 2570 1892 2605 venerabili
1915 2580 1959 2605 us
1982 2569 2146 2606 domibus
2174 2574 2247 2605 tam
2270 2580 2365 2615 quae
2387 2570 2426 2604 in

190 2617 294 2662 reqia
317 2615 462 2651 civitate
494 2625 603 2660 quam
633 2626 728 2661 quae
757 2615 796 2650 in
817 2614 1017 2660 provinciis
1039 2619 1126 2649 sunt
1155 2616 1324 2660 (excepta
1346 2614 1573 2650 sanctissima
1596 2614 1735 2650 maiore
1766 2616 1916 2650 ecclesia
1939 2626 1980 2651 re
2006 2616 2063 2651 iae
2087 2614 2255 2658 civitatis)
2280 2624 2425 2661 posses-

190 2663 327 2697 sionem
360 2660 492 2696 lzabeat
519 2659 642 2695 multis
664 2659 825 2706 publicis
855 2659 999 2695 tributis
1014 2664 1323 2706 praeparatam,
1356 2670 1406 2695 ex
1429 2670 1503 2705 qua
1533 2659 1655 2694 nullus
1684 2659 1822 2695 reditus
1852 2626 2047 2696 veneralia
2075 2660 2199 2696 domui
2224 2661 2425 2707 proveniat,

189 2706 406 2752 facultatem
429 2704 657 2740 concedimus
685 2703 842 2740 eiusdem
874 2705 1087 2741 venerabilis
1110 2705 1238 2740 domus
1260 2704 1618 2740 administratoribus
1646 2704 1751 2740 talem
1770 2705 2038 2751 possessionem
2068 2716 2295 2751 quocumque
2317 2704 2425 2740 modo

191 2751 299 2788 velint
321 2750 372 2786 ad
393 2750 585 2786 utilitatem
608 2749 766 2786 eiusdem
788 2750 1002 2786 venerabilis
1024 2750 1151 2786 domus
1174 2750 1378 2792 alienandi,
1410 2754 1449 2785 ut
1471 2749 1608 2785 scilicet
1630 2755 1861 2786 monumenta
1889 2750 1928 2784 in
1954 2750 2021 2785 tali
2041 2761 2186 2796 quoque
2208 2750 2427 2787 alienatione

191 2796 434 2842 conficiantur
455 2794 558 2842 apud
574 2794 670 2839 illos,
694 2806 718 2830 a
734 2795 863 2841 quibus
887 2795 1200 2832 administratores
1223 2795 1397 2831 eiusmodi
1414 2795 1575 2831 locorum
1596 2794 1834 2841 designantur
1856 2798 1922 2831 aut
1940 2799 2123 2837 creantur,
2148 2795 2338 2840 iurentque
2353 2804 2427 2841 per

1345 2953 1522 2987 curitatem
1543 2966 1562 2990 ς
1578 2953 1591 2997 Ι]
1608 2954 1651 2987 32
1667 2955 1727 2986 καὶ
1746 2966 1804 2986 om.
1819 2965 1838 2990 ς
1855 2952 1867 2997 ΙΙ
1884 2954 1928 2988 33
1951 2949 2017 2998 ὑφ’
2037 2943 2091 2986 οἷν
2107 2953 2293 2987 Zachariae
2308 2955 2364 2998 (cf.
2381 2955 2428 2989 ad

239 2957 254 2988 1
270 2954 333 2987 τοῦ
349 2949 496 2999 εὖαγοῢς
512 2950 833 2999 ὄρφανοτροφείου]
851 2953 1098 2987 venerabilibus
1110 2954 1275 2997 orphano-

1346 3000 1421 3040 579,
1436 3006 1481 3032 22.
1505 2999 1626 3041 584,2)
1641 2998 1653 3043 11
1673 3000 1715 3032 35
1740 2998 1817 3032 τῶν
1840 2995 2097 3043 προεστώτων]
2119 2998 2318 3042 praeside(?)
2343 3010 2363 3036 ς

191 2999 337 3043 trophiis
362 3010 382 3035 ς
407 2998 419 3042 ΙΙ
445 3000 465 3033 2
489 3001 549 3032 καὶ
574 3012 631 3032 om.
646 3000 755 3042 Epan.
771 3011 790 3035 ς
807 2999 819 3042 ΙΙ
843 3001 861 3032 ’7
887 2997 1107 3044 φυλάττεται
1129 3000 1241 3042 Epan.
1265 2997 1278 3035 ΙΙ

193 3047 213 3079 9
230 3042 365 3123 ’ἐιόνων
392 3043 480 3078 ΟΒῙ
493 3044 506 3087 ΙΙ
534 3046 573 3079 11
600 3044 640 3077 ἐν
663 3040 793 3085 αὐτοῖς]
818 3043 956 3077 ἑαυτοῖς
985 3045 1013 3078 G
1019 3045 1165 3088 plerique
1183 3044 1195 3087 ll
1211 3046 1277 3087 βα-

192 3101 228 3123 σι
253 3089 329 3123 ικοῦ
354 3088 463 3131 οἴκου]
488 3086 673 3133 βασιλικῆς
696 3088 747 3122 ΒΓ
761 3088 774 3133 ΙΙ
801 3090 842 3122 12
866 3087 985 3123 τόπον
1009 3089 1113 3125 MC'c
1125 3089 1187 3123 Iul.
1200 3090 1276 3122 ΑιΙι.
1397 3090 1418 3123 2
1442 3089 1588 3130 civitate]
1614 3099 1714 3130 quam
1736 3088 1772 3121 in
1790 3088 1933 3122 diuersis
1956 3088 2138 3131 prouintiis
2162 3089 2305 3122 add-13⁰
2320 3088 2333 3133 Ι]
2350 3089 2424 3131 sub]

191 3136 354 3177 (Theod.)]
379 3133 479 3168 οἷκον
502 3134 573 3168 LB
595 3135 607 3187 fl
638 3132 899 3179 περιελθόντα]
931 3131 955 3176 ἢ
979 3131 1225 3179 περιελθόντα
1252 3133 1282 3168 C
1346 3135 1378 3166 et
1401 3134 1462 3167 sub
1486 3135 1581 3168 Beck
1605 3134 1618 3177 ΙΙ
1645 3134 1693 3167 eis
1716 3134 1779 3167 VT
1787 3134 1798 3154 ¹
1825 3135 1837 3175 11
1864 3136 1886 3168 4
1908 3136 1981 3175 nec]
2007 3135 2040 3166 et
2063 3144 2123 3167 nec
2142 3134 2175 3167 R
2201 3133 2213 3179 ss
2241 3135 2261 3168 6
2285 3136 2426 3177 utreque

189 3181 278 3225 pleri
300 3193 338 3214 ue
363 3179 376 3224 ΙΙ
409 3181 451 3213 14
475 3176 768 3213 ἐναλλαττεσθαι
791 3179 827 3213 Β
857 3180 869 3221 ΙΙ
896 3176 1012 3213 ἄλλως
1041 3180 1121 3213 Οοίί.
1138 3181 1182 3224 87
1204 3191 1276 3222 cap.
1354 3178 1430 3222 V¹⁴ss
1449 3181 1468 3214 8
1493 3181 1701 3212 contractum
1726 3178 1773 3211 R¹
1791 3178 1804 3222 ΙΙ
1824 3181 1864 3214 10
1889 3181 1932 3220 et]
1959 3180 2057 3212 etiam
2083 3179 2213 3224 Tvuly.
2233 3179 2301 3221 1111
2325 3190 2424 3213 uene-

192 3193 300 3268 Athffi
316 3224 546 3259 ἐκποιεῖσθαι
565 3225 645 3259 coll.
659 3226 701 3259 87
716 3237 788 3268 cop.
803 3235 823 3260 ε’
836 3225 898 3258 Iul.
911 3225 988 3258 Atloe.
1002 3225 1165 3267 (Theod.)]
1189 3221 1277 3258 ὑπο-

193 3269 340 3303 κεῖσθαι
365 3271 406 3303 Μ
413 3270 484 3303 LB
499 3271 528 3304 C
552 3269 564 3313 ΙΙ
596 3271 636 3304 15
661 3269 703 3311 εἰ]
740 3267 776 3302 οἷ
797 3270 845 3303 M
864 3270 877 3312 ΙΙ
907 3268 996 3314 πρὸς
1025 3265 1204 3312 ἀλλήλους]
1236 3268 1278 3302 ad

194 3315 313 3348 alteras
337 3326 357 3351 ς’
379 3315 392 3359 ΙΙ
417 3312 454 3348 οἱ
476 3327 534 3348 om.
549 3314 585 3348 B
611 3315 623 3355 ΙΙ
648 3316 689 3349 16
715 3312 889 3359 πράξοιεν
917 3316 945 3348 C
965 3315 977 3358 ΙΙ
1002 3317 1042 3349 17
1064 3323 1137 3349 ante
1160 3319 1207 3354 §1
1229 3315 1277 3348 in-

194 3362 309 3393 seritur
325 3361 358 3394 in
375 3359 412 3393 B
428 3361 576 3393 novellae
596 3360 720 3393 CXIX
741 3372 766 3393 c.
787 3362 828 3394 10
855 3360 867 3400 ll
895 3361 956 3392 καὶ
980 3373 1039 3394 om.
1061 3360 1242 3404 CeEpan.
1265 3357 1278 3404 ss

199 3406 236 3438 18
260 3405 327 3446 τῷ]
351 3402 395 3437 τὸ
421 3404 562 3448 Epora„
593 3406 633 3438 19
658 3403 846 3451 έναγωγὴν
871 3400 1031 3451 (ἀγωγὴν
1053 3418 1084 3439 υ.
1100 3406 1134 3446 l.)
1163 3404 1273 3449 01121

193 3447 386 3493 γινόμενον
414 3450 490 3484 CB⁸
514 3450 527 3492 ΙΙ
554 3446 691 3495 εὑρεθῇ
718 3450 748 3484 0
762 3462 792 3484 v.
808 3451 827 3483 l.
855 3449 868 3488 ΙΙ
897 3450 964 3491 τῷ]
1001 3446 1050 3484 οὖς
1073 3447 1093 3483 ὃ
1120 3451 1149 3484 C
1170 3450 1183 3492 ΙΙ
1211 3448 1278 3484 τὸν

196 3506 252 3526 om.
272 3496 300 3528 C
307 3508 335 3528 v.
351 3496 384 3548 l„
403 3495 488 3558 LB⁸e
509 3494 522 3537 ΙΙ
549 3495 593 3528 22
616 3491 816 3547 ὁσιώτατος
839 3494 1033 3529 ἐπίσκοπος
1063 3496 1092 3529 Ο
1109 3494 1122 3539 ΙΙ
1149 3495 1190 3529 23
1216 3494 1277 3529 ἐπ-

196 3550 391 3626 azaer]
404 3539 472 3616 fif?
485 3539 854 3628 ,irretiant
878 3553 936 3618 ἵε·
947 3539 1185 3629 ξεξέὲηίῡέζ
1199 3548 1279 3626 5323

197 3638 254 3657 om.
271 3628 379 3660 MLB
398 3629 410 3669 ΙΙ
427 3630 468 3662 30
485 3629 643 3662 ἐκποιεῖν
665 3628 734 3684 την
756 3629 929 3672 τοιαύτην
951 3629 1078 3671 κτῆσιν
1098 3637 1174 3673 post
1193 3631 1277 3674 βου·-

198 3666 344 3711 ληθεῖεν
367 3673 436 3716 (βῙ)
459 3673 531 3706 coll.
554 3674 607 3707 ΒΓ
628 3674 641 3717 ΙΙ
669 3671 875 3717 οιῳδήποτε
900 3675 1048 3716 Gelai]
1084 3675 1125 3708 ἐν
1147 3670 1277 3717 οἱῳδή-

198 3725 286 3748 ποτε
315 3716 421 3748 MLB
449 3716 462 3759 Ι
491 3718 530 3750 31
558 3717 648 3762 πρὸς
670 3718 713 3752 τὸ
739 3717 925 3760 λυσιτελὲς]
961 3719 1003 3752 ad
1026 3720 1205 3762 perfectam
1227 3729 1276 3752 sc-

1344 3224 1549 3257 rabiliumR
1563 3225 1576 3269 ss
1597 3226 1637 3258 12
1661 3225 1876 3267 peruenerint
1899 3227 1958 3257 aut
1978 3227 2092 3268 postea
2115 3227 2342 3267 peruenerunt
2362 3225 2397 3259 V
2410 3223 2423 3264 ΙΙ

1347 3271 1387 3303 13
1411 3269 1547 3312 pignori
1568 3269 1713 3312 supponi
1735 3269 1866 3313 Rvuly.
1893 3269 1906 3313 ΙΙ
1939 3271 1979 3304 15
2004 3269 2119 3302 domus
2142 3270 2187 3311 T]
2218 3269 2331 3303 domos
2354 3268 2430 3303 RV

1345 3315 1431 3358 vulq.
1449 3315 1462 3358 ΙΙ
1480 3314 1561 3357 quid
1587 3315 1619 3348 T
1639 3314 1651 3358 Ι]
1669 3316 1808 3357 egerunt
1830 3315 1863 3348 V
1874 3314 1886 3358 Ι]
1907 3316 1945 3349 17
1957 3316 2046 3348 rubr.
2064 3314 2291 3348 Alienationes
2309 3323 2421 3347 mona-

1345 3359 1524 3393 steriorum
1547 3370 1615 3392 non
1638 3360 1710 3393 fieri
1733 3361 1767 3394 R
1784 3361 1815 3393 in
1834 3360 1966 3403 mar9.[l
1994 3360 2034 3394 18
2058 3369 2078 3392 a
2102 3373 2160 3393 om.
2187 3361 2220 3394 T
2278 3360 2320 3394 19
2342 3367 2420 3391 oon-

1347 3405 1565 3438 versationem
1588 3406 1674 3448 ναῖς.
1694 3405 1706 3448 ss
1730 3404 1949 3437 transferatur
1975 3405 2007 3438 T
2024 3404 2037 3448 Ι]
2059 3405 2140 3438 haec
2163 3404 2232 3439 RT
2288 3404 2331 3437 20
2354 3401 2420 3435 talc

1346 3462 1403 3483 om.
1422 3450 1454 3482 T
1470 3451 1482 3492 ΙΙ
1509 3451 1547 3484 21
1576 3449 1873 3493 depraeenderetur
1899 3451 1949 3483 13⁰
1965 3449 1978 3493 ΙΙ
2002 3449 2217 3483 sanctissimis
2298 3446 2420 3479 sanctis

1357 3493 1407 3538 ΙζΙΙ
1426 3494 1509 3528 locis
1524 3496 1556 3528 T
1570 3494 1582 3537 ΙΙ
1599 3497 1642 3529 22
1663 3495 1822 3538 episcopis
1842 3495 1905 3528 VT
1917 3494 1929 3538 ΙΙ
1946 3495 2027 3527 haec
2040 3495 2073 3528 R
2089 3495 2102 3538 ΙΙ
2119 3490 2350 3527 monasterium
2373 3492 2418 3532 V]

1345 3541 1545 3572 monasterio
1558 3541 1626 3574 ΕΤ
1638 3540 1651 3583 ΙΙ
1669 3541 1712 3574 24
1724 3540 1828 3582 regia]
1845 3540 1907 3572 hac
1918 3540 2010 3582 regia
2024 3540 2149 3616 Rvuq·
2165 3536 2179 3580 Ι
2193 3535 2264 3569 line
2285 3535 2417 3579 Vvuqu

1345 3583 1400 3617 uel
1417 3584 1485 3617 ΕΤ
1497 3584 1510 3627 ΙΙ
1535 3586 1577 3619 25
1593 3585 1718 3618 maiore
1735 3584 1871 3618 ecclesia
1887 3585 2093 3618 sanctissima
2154 3581 2167 3623 ΙΙ
2187 3581 2230 3614 26
2245 3580 2337 3621 regia
2359 3582 2390 3614 V
2406 3581 2419 3626 ss

1346 3629 1444 3662 habet
1467 3629 1621 3672 pluribus
1643 3630 1673 3664 T
1688 3630 1700 3674 ΙΙ
1718 3631 1761 3665 30
1785 3629 1932 3663 uoluerit
1952 3630 1986 3663 T
1997 3628 2010 3673 ΙΙ
2025 3625 2231 3661 securitatem
2255 3638 2313 3658 om.
2337 3626 2385 3659 V¹
2407 3629 2420 3671 ΙΙ

1345 3674 1388 3708 32
1412 3673 1461 3714 in]
1485 3677 1518 3707 et
1537 3675 1574 3707 in
1594 3674 1717 3718 Becku
1742 3675 1934 3709 huiusmodi
1954 3671 2060 3708 out-R
2081 3669 2096 3714 fl
2118 3670 2162 3703 34
2184 3669 2264 3710 sive]
2289 3671 2316 3703 si
2338 3681 2417 3705 uero

1349 3717 1397 3752 Τι
1413 3717 1428 3764 fl
1447 3719 1571 3753 sanctis
1593 3720 1699 3754 om.R
