2618 4010
233 103 341 148 Nov.
371 103 498 147 XXII
527 105 592 147 31.
623 105 677 147 32

237 213 514 270 πμςπάξαμν,
552 216 612 249 καὶ
644 210 762 262 ὥςπερ
793 212 970 257 αὔξεσθαι
1003 212 1312 262 συνεχωρήσαμεν,

234 272 331 294 ουτω
362 262 423 293 καὶ
452 260 648 303 μειοῦσθαι
678 261 758 295 τῶν
789 259 1048 295 συνελθόντων
1082 259 1314 305 βουλομένων

235 302 427 350 ἀφήκαμεν.
479 301 582 338 Ἀλλὰ
605 305 710 340 τοῦτο
718 331 727 348 ,
761 304 803 340 τὸ
826 306 889 349 τῆς
910 303 1092 351 μειώσεως
1115 309 1250 351 φαμέν,
1281 306 1314 340 εἰ

236 347 397 394 δεύτερος
418 351 560 396 γένοιτο
589 346 717 396 γάμος,
749 347 814 385 οὐκ
838 352 856 384 ἐ
884 350 1015 395 ήσομεν
1038 350 1112 392 (ἵνα
1135 348 1185 394 μή
1207 363 1244 384 τι
1266 351 1311 399 τῇ

235 395 394 428 Λέοντος
435 394 500 428 τοῦ
541 395 604 438 τῆς
644 392 809 440 εὐσεβοῦς
874 393 982 438 ἦξεως
1015 393 1313 440 προςκρούσωμεν

235 437 428 480 διατάξει),
462 436 570 483 ἡνίκα
604 439 729 475 παῖδες
764 442 802 475 ἐκ
841 442 904 475 τοῦ
943 442 1116 486 προτέρου
1149 443 1313 487 γένοιντο

235 481 359 530 γάμου.
418 484 465 518 Εἰ
494 483 563 532 γὰρ
595 483 751 541 ἄμετρον
774 484 915 527 ἐπιδοίη
946 486 1013 527 τὴν
1042 487 1171 531 προῖκα
1201 481 1223 529 ἦ
1245 484 1313 527 τὴν

236 532 482 575 προγαμιαίαν
513 527 654 575 δωρεαν
676 543 696 565 ο
725 531 847 578 γονεὺς
878 527 900 573 ἢ
923 526 1049 575 ἕτερόν
1069 542 1104 563 τι
1129 528 1312 575 φιλοτιμή·

236 585 353 615 σαιτο,
376 573 455 608 εἶτα
471 572 767 620 συναισθόμενος,
791 578 855 610 ποῖ
901 578 1019 619 ε’ρεται
1041 573 1087 608 τὰ
1104 576 1168 609 τοῦ
1188 572 1310 619 νόμου,

1299 101 1378 150 172

2190 120 2251 152 DE
2278 120 2455 153 amns

1382 215 1444 252 sed
1480 216 1584 270 etiam
1618 226 1642 269 a
1663 217 1855 298 ‘principio
1890 218 1968 254 dari
2001 218 2258 272 praecepimus,
2293 221 2330 254 et
2363 218 2457 255 sicut

1382 271 1505 306 augeri
1529 270 1766 306 permisimus,
1802 266 1841 298 ta
1864 273 2005 308 quoque
2028 263 2139 299 minui
2162 262 2455 300 contrahentibus

1381 306 1580 342 volentibus
1605 306 1856 344 concessimus.
1902 308 1971 344 Sed
1995 308 2081 351 hoc,
2106 308 2202 354 quod
2225 308 2269 344 de
2296 307 2455 344 deminu-

1381 352 1480 387 tione
1503 351 1638 386 dictum
1665 352 1731 393 est,
1756 352 1786 386 si
1809 353 1987 389 secundae
2008 353 2098 389 fiant
2121 354 2277 398 nuptiae,
2302 363 2375 389 non
2393 363 2455 407 pe-

1349 400 1367 431 5
1383 395 1561 440 percimus
1585 399 1640 436 (ut
1661 406 1733 431 non
1751 395 1871 440 aliquo
1886 397 1991 434 modo
2009 398 2141 434 Leonis
2163 399 2246 451 piae
2269 408 2456 434 memoriae

1383 440 1604 476 offendamus
1637 441 1958 485 constitutionem),
1999 453 2078 479 eum
2109 443 2173 478 filii
2204 454 2248 478 ex
2304 443 2457 479 rioribus

1382 485 1516 520 fuerint
1538 485 1684 531 nuptiis.
1733 485 1771 521 Si
1795 486 1885 521 enim
1913 487 2117 524 immensam
2147 488 2317 524 obtulerit
2339 488 2457 523 dotem

1383 534 1447 565 aut
1469 531 1752 576 antenuptialem
1776 530 2003 567 donationem
2025 543 2153 578 parens
2184 538 2247 568 aut
2270 533 2367 568 aliud
2390 533 2455 568 ali·
2501 566 2507 570 ,

1381 575 1467 620 quid
1490 575 1679 620 largiatur,
1712 575 1839 611 deinde
1871 577 2043 619 sentiens,
2073 589 2143 623 quo
2166 577 2261 613 ferat
2283 579 2360 620 lex,
2392 578 2455 613 ab·

236 617 430 654 συστείλειε
461 618 503 654 τὸ
534 619 728 667 γενόμενον
755 623 815 655 καὶ
847 622 864 653 ἐ
887 618 1060 653 αττώσειε
1092 618 1158 662 τὴν
1181 623 1312 666 προῖκα
1328 624 1367 656 10
1381 620 1516 656 breviet
1534 620 1629 666 quod
1647 621 1784 657 factum
1805 624 1861 656 est
1885 622 1922 657 et
1940 621 2120 658 deminuat
2136 622 2253 659 dotem
2272 628 2336 659 aut
2354 626 2456 658 ante-

235 660 257 707 ἢ
279 662 348 707 τὴν
368 668 615 720 προγαμιαίαν
637 663 788 710 δωρεάν,
812 662 875 698 οὐκ
899 666 953 698 ἔτι
977 661 1098 710 ἱιέρδος
1120 666 1223 699 ἔσται
1240 668 1313 699 τοῖς

236 711 342 743 παισὶ
371 723 414 744 το
445 706 575 751 δοθέν,
606 707 687 744 ἀλλ’
721 710 861 750 ἐξέσται
893 707 1095 754 κερδαίνειν
1118 708 1139 753 ἢ
1167 711 1222 754 τῷ
1245 723 1311 744 πα-

235 754 344 799 τρωῷ
375 752 398 798 ἢ
426 755 472 803 τῇ
499 757 672 800 μητρυιᾷ,
706 757 783 789 των
807 752 953 789 παίδων
977 753 1069 788 κατὰ
1097 757 1204 789 τοῦτο
1234 753 1309 789 ἀδι-

236 802 429 843 κουμένων.

1381 665 1578 711 nuptialem
1593 665 1847 708 donationem,
1878 675 2099 711 nequaquam
2122 668 2262 704 lucrum
2286 669 2353 704 erit
2375 667 2456 703 filiis

1381 710 1476 754 quod
1500 710 1621 746 datum
1646 714 1710 751 est,
1736 711 1797 746 sed
1823 710 1945 746 licebit
1969 711 2100 747 lucrari
2123 715 2188 749 aut
2210 714 2372 749 vitricum
2394 715 2457 748 aut

1381 766 1586 798 novercam,
1612 756 1691 792 filiis
1719 756 1914 791 secundum
1936 755 2005 791 hoc
2027 756 2145 793 laesis.

1170 890 1327 927 CAPUT
1354 890 1504 927 XXXII.

282 956 328 989 Ε
350 953 390 990 δὲ
419 954 545 1010 μόνιονε
563 953 867 1009 οὐσούφρρυκτον,
881 954 1106 1010 πραγμάτων
1133 952 1164 1012 ἦἱ
1179 954 1198 991 ὁ
1222 954 1312 1005 ἀνὴρ
1332 962 1367 994 15
1435 959 1472 994 Si
1495 970 1577 995 vero
1611 959 1725 995 solum
1749 959 2014 994 usumfructum
2044 969 2163 995 rerum
2193 962 2256 994 aut
2281 959 2334 995 vir
2356 961 2457 997 uxori

236 1003 280 1049 τῇ
310 1002 447 1048 γαμετῇ
476 1014 499 1043 η
527 1014 549 1043 η
571 1011 785 1055 συνοικουσα
815 1013 868 1044 τῳ
892 1014 1049 1055 γημαντι
1076 1015 1169 1036 κατα
1197 1002 1312 1038 τελευ-

357 1090 365 1098 -
377 1043 667 1125 ⁸⁰3wtzffl2³
684 1059 818 1125 ,τρίιῑνρ
841 1048 1046 1126 '‘uzei'‘
1060 1046 1172 1126 ,ὥς

235 1102 597 1190 ἓὴτῖἷιῗςαύτίκαρτῆς
615 1104 921 1215 καζαλειφθείὶσέζ
940 1105 1096 1182 χρήΖεως
1103 1105 1313 1181 σέιῒαῖἵσῖτξιάί

1381 1006 1446 1040 aut
1469 1004 1599 1040 coniux
1623 1004 1754 1039 marito
1812 1014 1850 1040 er
1874 1004 2105 1039 novissimam
2137 1004 2272 1040 dederit
2293 1005 2457 1041 volunta·

1380 1054 1468 1093 tem,
1501 1054 1583 1085 ante
1615 1060 1683 1085 nos
1717 1049 1777 1095 qui
1804 1059 1858 1084 em
1886 1050 2029 1084 dicebat
2051 1050 2126 1092 lex,
2162 1050 2191 1085 si
2215 1049 2262 1085 ad
2284 1050 2458 1086 secundas

1381 1095 1542 1130 venirent
1564 1095 1707 1140 nuptias
1732 1099 1796 1130 aut
1821 1098 1924 1140 pater
1948 1098 2012 1130 aut
2035 1099 2158 1138 mater,
2191 1094 2311 1130 statim
2335 1095 2458 1131 relicto

1381 1150 1449 1175 usu
1475 1140 1613 1182 cadere,
1645 1140 1740 1175 sicut
1763 1140 1865 1185 prius
1890 1139 2067 1175 cadebant
2089 1140 2319 1185 proprietate,
2344 1143 2380 1174 et
2402 1150 2458 1175 re-

238 1192 353 1234 ωςπερ
376 1193 554 1227 προτερον
577 1180 773 1221 ἐξέπιπτον
796 1182 857 1225 τῆς
897 1186 1094 1224 senoniae,
1117 1186 1178 1217 καὶ
1198 1197 1313 1228 παρα-
1326 1188 1368 1221 20
1407 1189 1488 1221 ente
1511 1185 1595 1221 filiis
1619 1185 1717 1220 illum
1741 1185 1898 1227 restitui,
1933 1185 1964 1220 si
1995 1195 2078 1221 vero
2110 1185 2312 1230 impuberes
2336 1185 2460 1221 forsan

235 1238 351 1271 χρημα
390 1229 464 1260 τοῖς
505 1228 635 1261 παισὶν
677 1222 790 1268 αὐτὴν
823 1223 1173 1270 ἀποκαθίστασθαι,
1210 1229 1241 1263 εἰ
1275 1227 1315 1264 δὲ

235 1272 364 1315 ἄνηβοι
386 1270 494 1314 τυχὸν
517 1270 554 1304 οἱ
574 1269 699 1306 παῖδες
723 1271 809 1312 εἷεν,
842 1276 902 1306 καὶ
932 1271 1023 1316 μετὰ
1046 1274 1125 1307 τῶν
1149 1275 1190 1307 έν
1212 1277 1312 1318 μέσῳ

235 1316 406 1361 καρπῶν·
441 1317 553 1370 τοῦτο
579 1315 647 1363 γὰρ
680 1314 796 1351 ἐδόκει
827 1318 881 1360 τῷ
911 1315 1023 1362 νόμῳ.
1082 1315 1186 1372 ’ῌμζν
1210 1317 1250 1352 δὲ
1272 1317 1312 1353 οὗ

1408 1230 1445 1265 lii
1475 1231 1646 1272 fuissent,
1679 1231 1785 1266 etiam
1820 1241 1901 1265 cum
1929 1230 2036 1266 medii
2069 1230 2238 1275 temporis
2269 1229 2458 1267 fructibus.

1381 1275 1460 1311 Hoc
1495 1276 1587 1311 enim
1623 1275 1809 1310 videbatur
1846 1275 1933 1320 legi3
1970 1275 2073 1311 nobis
2110 1280 2229 1311 autem
2263 1286 2338 1311 non
2372 1276 2459 1311 satis

1382 1321 1450 1356 hoc
1485 1321 1640 1365 placuit:
1679 1320 1742 1356 sed
1776 1320 1961 1363 volumus,
1994 1321 2050 1355 vel
2081 1321 2112 1355 si
2146 1331 2232 1356 usus
2264 1320 2366 1356 detur
2397 1331 2461 1366 per

237 1359 378 1407 σφόδρα
401 1362 509 1396 τοῦτο
533 1373 668 1408 nqeue-v,
692 1359 781 1396 ἀλλὰ
804 1360 1033 1406 βουλόμεθα,
1057 1377 1124 1397 καν
1147 1377 1171 1407 η
1193 1365 1315 1410 χρῆσις
1383 1366 1583 1409 largitatem
1607 1369 1670 1400 aut
1702 1366 1826 1400 mortis
1853 1375 1962 1400 causa
1992 1366 2218 1401 donationem
2240 1365 2392 1409 factam,
2425 1369 2460 1401 et

237 1404 384 1450 δοθείη,
416 1402 552 1460 ἣξατά
577 1405 787 1452 φιλοτιμίαν
822 1404 844 1450 ἢ
875 1407 999 1454 μόρτις
1033 1410 1149 1442 καῦσοι
1184 1407 1319 1455 δωρεᾶς
1331 1413 1371 1445 25
1386 1411 1479 1446 inter
1510 1411 1624 1454 vivos,
1656 1411 1694 1445 in
1718 1410 1847 1456 quibus
1880 1410 1963 1445 licet
1993 1410 2100 1445 etiam
2124 1410 2269 1454 donari,
2299 1411 2329 1446 si
2352 1411 2458 1446 relin-

235 1454 426 1498 γενομένης
454 1465 476 1495 η
505 1454 564 1485 καὶ
596 1452 690 1486 inter
718 1452 815 1487 vivos
847 1455 888 1486 ἐν
920 1452 970 1486 οἷς
1000 1454 1118 1494 ἔξεστι
1150 1457 1210 1487 καὶ
1250 1452 1317 1487 δω-

237 1497 399 1553 ρεῖσθαι,
430 1493 452 1540 ἣ
475 1495 754 1542 καταλειφθείη,
787 1500 847 1530 καὶ
870 1494 890 1532 ὁ
915 1496 1041 1541 λαβών
1065 1498 1112 1532 εἰς
1136 1496 1317 1545 δευτέρους

235 1546 401 1588 αφίκοιτο
418 1538 559 1589 γάμους,
579 1545 701 1582 μένειν
720 1544 780 1575 καὶ
797 1538 895 1576 οὕτω
914 1542 981 1585 τὴν
1001 1545 1137 1588 χρῆσιν,
1158 1543 1255 1590 ἄχρις
1275 1536 1317 1578 οὗ

237 1589 343 1641 περιῇ
365 1585 387 1642 ῥ
411 1589 543 1642 τοιῖτον
565 1589 660 1629 ἔχων
684 1586 749 1621 τὸν
773 1585 1083 1642 οιίισούιφρουκτον·
1131 1589 1162 1623 εἰ
1184 1588 1234 1634 μὴ
1258 1590 1318 1644 (5⁷7,-x

1387 1459 1534 1501 quatur,
1570 1459 1607 1491 et
1641 1455 1822 1500 accipiens
1859 1455 1904 1490 ad
1940 1455 2115 1490 secundas
2149 1456 2272 1490 veniat
2305 1456 2459 1500 nuptias,

1385 1511 1528 1536 manere
1554 1501 1605 1536 sic
1629 1511 1770 1545 quoque
1793 1511 1913 1541 usum,
1947 1500 2061 1535 donec
2094 1501 2248 1545 supersit
2281 1500 2342 1545 qui
2365 1501 2460 1536 hunc

1385 1545 1495 1581 habet
1525 1546 1805 1587 usumfructum,
1838 1546 1907 1580 nisi
1939 1555 1982 1581 ex
2009 1546 2133 1581 ressim
2165 1545 2242 1590 ipse
2265 1546 2327 1591 qui
2349 1545 2460 1581 dona·

1385 1591 1534 1633 tionem,
1571 1592 1665 1626 sicut
1696 1591 1828 1626 dictum
1861 1594 1933 1633 est,
1987 1591 2057 1626 ecit
2086 1593 2150 1626 aut
2179 1592 2275 1626 hunc
2305 1591 2460 1636 reliquit,

235 1644 308 1667 τως
331 1631 437 1667 αυτὸς
460 1646 480 1667 ο
505 1631 572 1675 τὴν
596 1630 750 1685 δωρεάν,
783 1643 831 1667 ως
853 1634 1001 1687 εἰρητάι,
1031 1637 1270 1678 πεποιημένος
1294 1648 1316 1678 η
1330 1639 1372 1671 30
1386 1636 1459 1672 sive
1481 1637 1659 1672 masculus
1684 1637 1756 1671 sive
1779 1636 1922 1679 femina,
1948 1636 2076 1671 dixerit
2104 1636 2192 1671 velle
2215 1635 2261 1671 ad
2285 1636 2460 1671 secundas

235 1675 255 1712 ὁ
279 1679 410 1712 τοῦτον
433 1676 659 1718 καταλιπων,
691 1678 762 1712 εἴτε
785 1676 898 1723 ἄρρην
921 1680 992 1712 εἶτε
1016 1676 1166 1722 θήλεια,
1191 1679 1314 1725 φήσειε

236 1722 437 1768 βούλεσθαι
466 1721 556 1769 πρὸς
585 1720 766 1769 δευτέρους
797 1720 1058 1768 ἀφικνουμένου
1089 1722 1220 1770 γάμους
1250 1726 1314 1759 τοῦ

237 1767 304 1803 τὸν
335 1763 622 1825 οὖσούφρουκτον
653 1765 831 1813 λαβόντος
863 1765 1023 1802 λύεσθαί
1050 1782 1090 1803 τε
1122 1766 1232 1804 αὐτὸν
1256 1773 1315 1803 καὶ

238 1812 325 1860 πρὸς
355 1812 422 1856 τὴν
452 1817 588 1848 οικείαν
617 1814 905 1860 ἐπαναστρέφειν
937 1811 1162 1848 δεσποτείαν.
1212 1811 1315 1849 Ἀλλί

1383 1682 1545 1717 veniente
1569 1681 1713 1726 nuptias
1738 1691 1791 1723 eo,
1818 1681 1879 1726 qui
1902 1681 2163 1716 usumfructum
2186 1682 2342 1726 accepit,
2373 1681 2461 1717 solvi

1384 1737 1464 1761 eum
1500 1731 1536 1762 et
1569 1727 1614 1762 ad
1651 1737 1751 1761 suam
1787 1727 1918 1762 reverti
1954 1726 2218 1771 proprietatem.
2266 1726 2335 1761 Sed
2371 1727 2460 1762 haec

1385 1772 1525 1816 quidem
1557 1772 1601 1807 de
1630 1772 1685 1807 his
1710 1782 1802 1817 quae
1832 1782 1896 1816 per
1921 1772 2118 1816 largitatem
2143 1772 2274 1807 dantur
2298 1771 2457 1807 dicimus.

236 1860 352 1893 ταῦτα
363 1861 431 1902 μὲν
444 1861 527 1905 περὶ
545 1859 623 1892 τῶν
636 1857 727 1892 κατὰ
747 1857 956 1903 φιλοτιμίαν
968 1856 1172 1903 δεδομένων
1185 1863 1315 1905 φαμέν.
1330 1864 1371 1896 35

281 1986 355 2017 cop.
377 1971 723 2007 XXXII—XXXI
728 1972 763 2006 V
779 1973 947 2006 decurtata
971 1974 1096 2006 exhibet
1116 1973 1167 2007 B·
1187 1986 1222 2017 p.
1240 1976 1300 2008 197
1321 1975 1424 2008 Zach.

236 2063 445 2111 ceperimus,
477 2067 513 2099 et
535 2061 833 2110 quemadmodum
857 2067 899 2097 ut
921 2066 1127 2109 auqeantur
1150 2063 1406 2106 concessimus,
1439 2063 1494 2099 ica
1517 2064 1624 2099 etiam
1657 2069 1697 2100 ut
1720 2064 1986 2106 deminuuntur,
2019 2066 2055 2099 si
2076 2065 2249 2111 coniuqes
2271 2065 2460 2109 voluerint,

229 2108 510 2157 permiserimus.
574 2107 704 2143 Verum
729 2106 796 2142 hoc
820 2106 877 2150 (de
900 2106 1143 2143 deminutione
1166 2108 1373 2154 loquimur),
1405 2108 1439 2143 si
1461 2109 1658 2144 secundum
1682 2110 1949 2145 matrimonium
1972 2110 2114 2155 factum
2133 2110 2192 2151 sit,
2216 2120 2289 2145 non
2308 2112 2460 2156 permit-

237 2159 350 2191 temus
373 2155 430 2197 (ne
454 2152 544 2200 quid
566 2151 699 2188 Leonis
721 2153 807 2198 piae
835 2152 1029 2188 memoriae
1052 2153 1344 2188 constitutionem
1378 2153 1638 2198 offendamus),
1675 2154 1735 2189 ubi
1767 2154 1871 2190 liberi
1902 2165 1952 2190 ex
1981 2155 2108 2201 priore
2130 2155 2360 2190 matrimonio
2384 2156 2461 2190 nati

235 2203 329 2236 sunt.
388 2197 485 2233 Nam
505 2197 540 2233 si
561 2197 789 2232 immodicam
811 2196 930 2232 dotem
954 2197 1010 2232 vel
1032 2201 1119 2232 ante
1141 2198 1291 2249 nuptias
1313 2197 1549 2233 donationem
1574 2209 1715 2245 parens
1745 2198 1885 2235 dederit
1909 2199 1965 2235 vel
1987 2199 2089 2234 aliud
2110 2198 2201 2246 quid
2222 2199 2379 2246 larqitus
2401 2201 2459 2241 sit,

235 2243 365 2280 deinde
393 2242 700 2284 animadvertens,
736 2253 809 2288 quo
842 2241 966 2277 tendat
994 2242 1092 2277 ratio
1116 2241 1228 2288 leqis,
1265 2243 1498 2278 contraaeerit
1529 2243 1627 2289 quod
1657 2247 1776 2278 actum
1808 2249 1862 2279 est
1890 2249 1925 2279 et
1955 2243 2074 2279 dotem
2107 2244 2163 2280 vel
2193 2248 2277 2280 ante
2310 2245 2461 2291 nuptias

236 2289 468 2326 donationem
496 2287 726 2330 deminuerit,
755 2298 831 2322 non
855 2287 927 2322 iam
951 2286 1052 2333 quod
1074 2286 1198 2322 datum
1231 2291 1286 2323 est
1317 2286 1439 2323 liberis
1463 2287 1566 2323 lucro
1590 2288 1679 2330 erit,
1711 2288 1776 2324 sed
1804 2288 1859 2324 vel
1883 2288 2011 2324 vitrico
2043 2289 2099 2324 vel
2120 2299 2298 2325 novercae
2326 2289 2461 2325 lucrari

236 2334 366 2377 licebit,
390 2337 431 2368 ut
454 2332 557 2368 liberi
579 2333 619 2367 in
642 2331 712 2367 ltac
734 2343 775 2367 re
798 2332 1003 2367 laedantur.

369 2377 520 2415 XXXII.

236 2482 298 2507 eos
319 2469 442 2506 statim
465 2468 593 2504 relicto
614 2468 811 2514 usufructu
860 2468 985 2509 rivari,
1019 2468 1318 2514 quemadmodum
1343 2471 1451 2504 antea

598 2514 606 2520 '
814 2479 918 2559 sssrte
942 2512 1045 2549 liberi
1069 2518 1204 2556 essent,
1236 2514 1344 2549 etiam
1378 2524 1457 2549 cum
1478 2514 1663 2559 fructibus
1690 2514 1798 2549 medii
1833 2514 2029 2560 temporis;
2063 2512 2133 2549 lzoc
2155 2514 2248 2549 enim
2272 2514 2344 2561 leqi
2368 2514 2460 2551 vide·

235 2515 394 2558 restitui,
424 2514 458 2550 si
483 2524 567 2550 vero
591 2513 793 2560 impuberes

579 2376 621 2413 Si
643 2388 728 2414 cero
757 2377 874 2413 solum
898 2377 1165 2423 usumfructum
1189 2377 1366 2413 bonorum
1399 2382 1464 2414 aut
1487 2378 1543 2414 vir
1565 2380 1682 2414 uxori
1701 2382 1767 2414 aut
1789 2378 1928 2414 coniux
1957 2378 2089 2414 marito
2114 2389 2187 2425 per
2215 2378 2377 2415 ultimam
2401 2389 2461 2415 vo-

238 2426 411 2461 luntatem
435 2423 593 2466 dederit,
629 2433 724 2469 quae
755 2426 839 2458 ante
870 2433 937 2458 nos
968 2426 1050 2458 erat
1081 2422 1144 2459 lex
1167 2422 1325 2466 dicebat,

1355 2424 1388 2458 si
1412 2423 1468 2459 vel
1517 2427 1597 2459 ater
1624 2424 1679 2460 vel
1702 2428 1818 2459 mater
1841 2423 1891 2458 ad
1916 2423 2094 2459 secundas
2117 2423 2266 2470 nuptias
2287 2425 2461 2467 venerint,

1501 2469 1633 2504 ominio
1656 2468 1911 2515 privabantur,
1942 2472 1980 2504 et
2001 2468 2103 2503 illum
2127 2470 2318 2514 confestim
2342 2469 2463 2505 liberis

236 2561 352 2598 batur,
401 2558 516 2595 Nobis
539 2569 624 2595 vero
649 2558 718 2594 hoc
741 2569 816 2594 non
839 2557 1033 2593 admodum
1055 2558 1207 2605 placuit,
1239 2559 1303 2594 sed
1327 2559 1503 2601 volumus,
1536 2559 1676 2594 etiamsi
1707 2558 1941 2604 ususfructus
1972 2558 2080 2593 datus
2101 2559 2151 2594 sit
2178 2560 2253 2594 sive
2276 2570 2326 2594 ex
2350 2559 2460 2605 ἰατρί-

237 2611 311 2643 tate
343 2605 418 2642 sive
451 2604 580 2640 mortis
613 2614 726 2640 causa
759 2603 956 2639 donatione
996 2603 1103 2649 facta
1136 2603 1210 2640 sive
1246 2604 1355 2639 etiam
1394 2604 1490 2639 inter
1525 2604 1641 2645 vivos,
1683 2608 1862 2649 quatenus
1896 2603 2035 2638 donare
2071 2602 2174 2646 licet,
2212 2603 2287 2639 sive
2315 2604 2462 2640 relictus

235 2653 294 2695 sit,
329 2656 366 2688 et
421 2650 460 2686 ui
490 2660 570 2686 eum
604 2648 746 2696 accepit
775 2648 826 2683 ad
853 2647 1032 2684 secundas
1062 2649 1211 2695 nuptias
1242 2649 1388 2691 venerit,
1424 2650 1532 2684 etiam
1566 2649 1618 2684 sic
1653 2649 1920 2693 usumfructum
1952 2658 2098 2683 manere
2128 2647 2252 2694 quoad
2279 2654 2462 2695 superstes

235 2698 284 2733 sit
306 2696 370 2744 qui

426 2705 497 2731 unc
527 2694 794 2740 usumfructum
827 2692 950 2729 habet:
985 2694 1055 2728 nisi
1079 2694 1157 2740 ipse
1187 2694 1251 2740 qui
1274 2694 1526 2737 donationem,
1556 2693 1611 2729 uti
1634 2693 1769 2729 dictum
1792 2697 1866 2735 est,

1893 2692 1986 2739 fecit
2009 2692 2064 2728 vel
2085 2692 2185 2727 illum
2209 2692 2367 2740 reliquit,
2388 2694 2463 2730 sive

236 2741 418 2778 masculus
447 2740 521 2776 sive
548 2739 706 2786 femina,
739 2749 912 2784 expresse
940 2738 1078 2774 dixerit
1106 2739 1195 2774 velle
1222 2750 1262 2775 se
1292 2743 1350 2781 ut,
1381 2739 1415 2774 si
1437 2738 1487 2774 ad
1516 2738 1695 2774 secundas
1721 2738 1868 2784 nuptias
1902 2737 2089 2773 transierit
2110 2738 2175 2783 qui
2196 2738 2470 2783 usumfructum

236 2787 395 2835 accepit,
425 2785 487 2821 ille
509 2789 546 2820 et
566 2784 730 2820 solvatur
759 2788 793 2820 et
824 2784 874 2819 ad
888 2784 1087 2830 proprium
1110 2783 1307 2820 dominium
1339 2787 1551 2820 revertatur.

238 2833 411 2879 larqitate
433 2830 522 2866 data
544 2834 639 2865 sunt.

293 2926 308 2959 1
334 2919 600 2969 προςετάξαμεν
621 2918 710 2962 κτλ.]
741 2921 818 2955 Cod.
843 2924 881 2961 5,
905 2928 933 2961 3,
956 2928 1000 2955 19.
1023 2928 1060 2956 20
1090 2920 1104 2965 ΙΙ
1135 2922 1155 2955 3
1186 2919 1229 2955 τὸ
1254 2934 1312 2955 om.

239 2969 307 3014 ΜΙΙ
332 2971 354 3003 4
385 2970 403 3001 ἐ
431 2965 575 3011 ἥσομεν]
611 2966 818 3009 pepercimus
847 2967 882 3006 (ἰ.
908 2979 934 2999 e.
959 2966 1167 3010 ἐφείσαμεν)
1191 2978 1211 3003 ς
1238 2966 1251 3009 11
1279 2979 1315 2999 τι

238 3029 297 3049 om.
322 3013 370 3049 B¹
445 3016 464 3048 5
497 3012 668 3052 Λέοντος]
700 3011 762 3044 τοῦ
783 3012 941 3044 Λέοντος
973 3012 1009 3045 Β
1037 3010 1050 3055 ΙΙ
1090 3015 1110 3045 6
1143 3008 1315 3052 διατάξει]

243 3061 320 3095 Cod.
341 3062 373 3100 5,
396 3066 426 3099 9,
447 3067 463 3092 6
490 3056 503 3102 ΙΙ
538 3059 577 3091 10
599 3053 791 3103 γινόμενον
815 3057 850 3089 Β
874 3055 886 3100 ΙΙ
917 3058 953 3090 11
981 3053 1046 3090 οὐκ
1069 3057 1173 3090 ἔσται
1197 3054 1317 3098 κέρδος

240 3105 286 3140 Βι
336 3107 375 3139 12
399 3102 552 3144 ἐξέσται]
579 3099 684 3142 ἕξετε
712 3102 759 3135 L¹
790 3101 932 3141 ἐξέσθω
958 3101 1006 3135 L²
1037 3103 1084 3141 (in
1104 3114 1206 3145 marq.
1227 3098 1317 3134 ἀλλὰ

238 3163 299 3197 κερ
323 3148 400 3193 ήσει
415 3149 483 3193 μὲν
496 3172 579 3182 .....
593 3145 635 3181 τὸ
652 3145 720 3188 τὴν
732 3144 928 3188 ὑπόσχεσιν
941 3142 1159 3190 δεξ[άμενον]
1173 3145 1316 3192 πρόσω-

239 3206 327 3229 πον·
365 3189 696 3240 ἀναγκα[σθήσεται
705 3192 734 3233 Ῡ]
769 3190 808 3225 δὲ
837 3192 892 3225 τῶ
915 3188 1020 3226 παιδὶ
1050 3192 1105 3225 τῶ
1136 3189 1315 3232 ἔλατ[τον]

240 3241 359 3282 ἔχοντι
375 3238 551 3273 τοσοῦτον
563 3234 731 3279 διδ[όναι]
748 3240 823 3270 add.
839 3236 899 3277 L2)
916 3236 929 3281 ΙΙ
945 3237 1023 3270 τῶν
1036 3248 1221 3283 πατρωων
1233 3237 1281 3269 L¹
1306 3238 1317 3275 ΙΙ

244 3288 281 3319 15
313 3282 599 3330 οὖσοὺφρουκτον
622 3281 848 3328 πραγμάτων
872 3283 930 3323 Μ]
964 3282 1089 3327 χρῆσιν
1119 3281 1271 3327 καρπῶν
1294 3277 1316 3322 ἢ

240 3328 644 3413 assuererunt
657 3324 1316 3417 tristissimizeum

241 3418 304 3462 Lfl
327 3388 374 3451 25
394 3416 516 3461 ὥσπερ
535 3399 595 3452 xcii
619 3398 692 3460 (καὶ
710 3415 754 3451 τὸ
782 3417 846 3457 Bt)
871 3414 1049 3462 πρότερον
1074 3418 1108 3450 Β
1136 3417 1149 3462 ΙΙ
1178 3418 1221 3451 22
1244 3414 1316 3449 εἶεν

241 3460 278 3497 οἱ
299 3460 421 3498 παῖδες
446 3464 510 3507 Bu
536 3464 614 3497 τῶν
637 3464 781 3507 ὀμμεσω
806 3463 838 3496 L
861 3463 873 3502 11
902 3464 944 3495 24
968 3459 1001 3504 ἡ]
1027 3462 1058 3495 εἰ
1084 3463 1139 3504 Β’,
1164 3475 1222 3495 om.
1237 3462 1268 3495 L
1304 3461 1316 3506 ΙΙ

242 3510 285 3542 25
309 3503 331 3549 ἦ
350 3506 452 3547 κατὰ]
476 3504 498 3549 ἢ
522 3522 579 3542 om.
595 3509 641 3552 ςΙ]
658 3506 705 3553 μό
752 3517 783 3541 ις
805 3506 920 3540 καῦσα
942 3508 1000 3548 Μ]
1026 3503 1193 3541 θανάτου
1217 3506 1317 3549 αἰτίᾳ

243 3552 312 3586 LB
341 3552 354 3594 1]
382 3554 424 3586 26
449 3555 633 3598 γινομένης
658 3554 693 3587 Β
707 3519 772 3597 {ri}
794 3554 866 3594 καὶ]
895 3554 928 3584 et
951 3551 999 3596 ςῙΙ
1026 3554 1114 3585 inter
1139 3555 1247 3597 ctuoij
1277 3551 1324 3585 Μ

243 3597 284 3631 ἐν
316 3596 390 3639 gavi)
423 3597 491 3629 ΕΒ
520 3597 533 3640 ΙΙ
568 3600 607 3631 27
646 3594 667 3640 ἢ
695 3599 735 3640 L]
771 3597 803 3632 εἰ
834 3597 919 3638 B‘e,
955 3610 1013 3629 om.
1039 3599 1078 3630 ,ll
1113 3599 1168 3638 (ch
1193 3598 1314 3631 Iulian.

244 3654 316 3686 cap.
346 3631 408 3675 150
422 3643 479 3682 in.)
492 3641 507 3694 fl
536 3643 577 3674 29
602 3641 738 3684 ταύτην
764 3644 798 3676 Β
813 3643 824 3683 ΙΙ
851 3642 949 3695 ἔχων
971 3639 1039 3683 τὴν
1061 3643 1189 3689 χρῆσιν
1212 3642 1281 3676 LB
1303 3639 1317 3686 fl

251 3690 293 3722 30
317 3683 432 3726 αὐτὸς]
459 3686 548 3726 ami]
573 3687 614 3726 L,
637 3700 695 3720 om.
720 3688 765 3720 B·
791 3687 803 3732 ΙΙ
831 3698 879 3720 ως
903 3685 1038 3732 εἴρηται
1063 3700 1119 3720 om.
1141 3687 1186 3721 Β·
1212 3686 1224 3731 ΙΙ
1256 3698 1315 3720 πε·
1347 3716 1352 3728 ,

1611 2781 1686 2819 Sed
1708 2782 1797 2819 haec
1820 2782 1963 2834 quidem
1986 2782 2032 2818 de
2053 2782 2099 2817 iis
2121 2782 2274 2817 dicimus
2296 2794 2390 2829 quae
2412 2795 2463 2819 ex

1387 2919 1543 2963 ποιηκώς
1567 2921 1620 2954 ΒΓ
1634 2921 1646 2964 ΙΙ
1665 2922 1706 2955 31
1731 2917 1869 2963 ταύτην
1889 2921 1925 2953 Β
1940 2919 1953 2964 ΙΙ
1971 2916 2078 2964 φήσοι
2097 2919 2208 2953 MLB
2225 2917 2238 2963 Ι
2259 2920 2301 2953 32
2312 2932 2359 2962 sq.
2383 2919 2460 2952 τοῦ·

1385 2977 1452 2999 τον
1473 2962 1582 2999 οὖσού
1602 2977 1669 2999 τον
1698 2979 1720 3008 χ
1745 2962 1825 3007 ἦσιν
1855 2965 2038 3011 φρούκταν
2062 2965 2111 2998 L¹
2145 2964 2209 2998 τοῦ
2239 2961 2308 3006 τὴν
2337 2963 2461 3009 χρῆσιν

1388 3011 1472 3044 L²B
1490 3010 1502 3054 ΙΙ
1520 3013 1560 3044 33
1584 3007 1697 3053 αὐτὴν
1771 3010 1784 3055 ΙΙ
1804 3013 1844 3044 35
1870 3007 2072 3053 διδομένων
2095 3010 2165 3043 LB
2190 3011 2247 3053 (ef.
2261 3011 2293 3050 ς)

1434 3103 1447 3134 1
1472 3101 1697 3143 praecepimus
1711 3102 1767 3134 vul
1789 3102 1810 3142 .]
1830 3100 2050 3144 praecipimus
2063 3100 2096 3133 R
2106 3100 2168 3134 VT
2181 3098 2194 3144 ss
2209 3100 2254 3141 et]
2270 3102 2320 3133 set
2331 3102 2364 3132 et
2383 3099 2431 3133 R·
2450 3101 2462 3143 ξ]

1387 3147 1405 3179 3
1432 3145 1639 3178 concessibus
1658 3146 1708 3179 R¹
1726 3144 1739 3190 ΙΙ
1778 3157 1795 3179 e
1815 3145 2038 3178 diminutione
2061 3146 2091 3176 V
2111 3144 2370 3178 deminutionem
2393 3144 2428 3178 R
2449 3145 2462 3189 n

1387 3193 1407 3225 6
1421 3191 1737 3224 constituoionesR¹
1748 3189 1761 3236 ΙΙ
1773 3192 1793 3225 8
1808 3190 1900 3223 aliud
1914 3203 1972 3223 om.
1984 3191 2020 3231 V,
2032 3189 2161 3232 aliquid
2175 3203 2234 3224 om.
2244 3190 2275 3223 R
2285 3188 2327 3235 119
2345 3188 2460 3223 abbre-

1386 3236 1458 3268 uiat
1471 3236 1518 3270 R¹
1536 3235 1549 3279 ΙΙ
1570 3237 1609 3270 10
1623 3240 1752 3269 autom.
1767 3236 1812 3269 Η*
1827 3236 1840 3279 fl
1864 3237 1898 3269 11
1914 3246 2020 3278 neque
2033 3235 2163 3268 lucrum
2177 3234 2316 3276 (luctum
2328 3233 2390 3273 12¹)
2403 3232 2436 3266 R
2445 3233 2459 3277 Ι

1389 3282 1428 3314 12
1453 3280 1578 3313 dictum
1600 3284 1647 3314 est
1669 3280 1725 3325 Vl}
1747 3283 1785 3315 15
1801 3283 1888 3314 rubr.
1919 3281 1968 3313 De
1989 3281 2164 3313 usufructu
2185 3279 2284 3312 uxori
2304 3288 2325 3311 a
2341 3277 2458 3310 marito

1385 3325 1500 3358 relicto
1516 3325 1632 3358 relicto
1646 3327 1719 3367 (sic)
1742 3325 1794 3359 uel
1811 3328 1926 3358 contra
1938 3325 1971 3358 R.
1984 3338 2042 3369 my.
2068 3325 2081 3369 ΙΙ
2105 3325 2168 3366 vir]
2183 3325 2213 3357 ei
2226 3324 2262 3356 in
2274 3323 2323 3357 12¹
2339 3314 2460 3357 fiunt

1394 3371 1442 3404 V¹
1459 3370 1472 3414 ΙΙ
1493 3373 1532 3404 16
1557 3372 1704 3403 coniunx
1728 3371 1778 3404 113⁸
1788 3370 1866 3415 V³fl
1893 3373 1932 3405 18
1959 3371 2091 3403 ueniret
2110 3369 2239 3411 Rvulq.
2257 3367 2270 3411 Ι
2286 3369 2328 3401 20
2351 3367 2458 3410 impu-

1386 3415 1461 3448 bere
1474 3415 1524 3448 13²
1539 3415 1551 3459 ΙΙ
1570 3418 1611 3449 23
1635 3415 1700 3457 vel]
1715 3419 1752 3448 ut
1765 3416 1822 3452 (sit
1835 3416 1898 3457 Va)
1915 3415 1971 3460 Vll
1988 3415 2194 3448 ususfructus
2206 3413 2290 3455 cuiq.
2310 3412 2323 3455 Ι
2338 3414 2380 3446 ’24
2401 3412 2457 3445 do-

1385 3460 1535 3494 nationes
1548 3460 1597 3494 R¹
1613 3461 1625 3504 ΙΙ
1644 3462 1687 3504 et]
1714 3464 1773 3494 aut
1785 3461 1942 3500 Beckius,
1966 3463 2026 3494 aut
2040 3462 2073 3493 et
2093 3456 2349 3500 Heimbachiusu
2369 3458 2410 3491 25
2431 3458 2458 3489 si

1384 3518 1443 3539 om.
1458 3506 1543 3550 vulq.
1560 3506 1572 3547 ΙΙ
1597 3506 1822 3548 relinquatum
1846 3506 1895 3539 R·
1919 3505 1932 3550 fl
1957 3506 1999 3540 28
2023 3511 2208 3547 expressum
2233 3501 2280 3534 R'
2304 3500 2318 3545 fl
2345 3503 2386 3535 29
2412 3507 2459 3534 est

1385 3563 1444 3584 om.
1459 3550 1508 3583 R¹
1527 3549 1540 3595 ss
1557 3553 1595 3585 31
1625 3552 1759 3594 nuptias
1782 3552 1938 3584 ueniente
1963 3561 2001 3583 eo
2014 3549 2057 3583 -R
2072 3547 2086 3591 Ι
2100 3546 2195 3580 solua
2217 3545 2267 3579 13¹
2313 3546 2356 3580 32
2381 3547 2457 3588 Sed]

1384 3597 1473 3629 rubr.
1498 3596 1534 3628 Si
1566 3596 1774 3630 ususfructus
1803 3596 1889 3629 dotis
1921 3594 2054 3628 nomine
2086 3590 2137 3625 vel
2165 3593 2301 3634 propter
2324 3593 2459 3634 nuptias

1385 3640 1574 3674 donationi·
1597 3651 1696 3674 causa
1718 3642 1941 3675 constituatur
1964 3635 2098 3681 3⁶²9·ss
2125 3638 2166 3670 33
2192 3635 2243 3668 his
2266 3637 2363 3678 quae]
2388 3637 2458 3669 his-

1385 3695 1449 3728 que
1473 3686 1531 3728 qui
1554 3686 1601 3719 Β*
1625 3685 1677 3718 bis
1700 3686 1759 3727 qui
1782 3685 1833 3720 Β*
