2618 4010
256 113 364 156 Nov.
395 112 474 155 VH
513 114 531 153 1

257 221 404 258 στάσιος
424 220 443 257 ὁ
467 224 528 265 τῆς
552 218 716 265 εὐσεβοῦς
749 218 882 264 λήξεως
913 217 1126 274 ἡρμήνευσε,
1158 216 1250 263 μήτε
1279 216 1342 253 τὰς

256 268 365 304 ἄλλας
387 265 526 302 ἁπάσας
550 265 733 307 ἐκκλησίας
755 264 819 300 τὰς
842 279 935 300 κατα
953 264 1020 308 τὴν
1037 262 1234 308 εὐδαίμονα
1257 263 1340 298 ταὺ-

256 328 325 358 την
353 313 460 348 οὔσας
489 310 597 347 πόλιν
628 309 650 355 ἢ
678 310 745 355 τὴν
776 308 883 355 αὐτῆς
918 307 1120 356 περιοικίδα
1154 305 1243 353 μήτε
1278 307 1342 344 τὰς

257 358 328 395 ὑπὸ
352 358 417 393 τὸν
441 355 700 403 πατριαρχικὸν
724 353 864 404 ᾂρόνον
888 357 950 399 τῆς
978 352 1189 398 εὐδαίμονος
1211 351 1343 408 ταύτης

258 402 396 439 πόλεως
429 399 687 444 καθεστώσας,
724 400 778 436 ὡν
813 400 895 436 τούς
936 398 1200 446 μητροπολίτας
1237 395 1343 434 αὐτος

257 451 462 496 χειροτονεῖ,
485 445 574 490 μήτε
597 445 706 482 ἄλλον
728 444 867 492 μηδένα
891 445 1077 486 πανταχοῦ
1101 442 1191 488 μήτε
1214 457 1340 491 πατρι-

257 493 370 541 άρχην
401 492 492 539 μήτε
527 494 727 527 ἐπίσκοπον
765 496 777 534 (
808 493 898 537 αμὲν
930 489 974 534 δὴ
1005 488 1087 524 τούς
1118 503 1158 523 τε
1189 490 1250 524 ἐπὶ
1281 491 1341 531 τῆς

256 537 368 583 Ἑῴας
397 537 478 573 τούς
502 551 541 572 τε
571 539 632 573 ἐπὶ
660 539 723 581 τῆς
747 534 776 570 ’I
796 534 949 583 λυρίδος,
980 537 1040 569 καὶ
1071 531 1161 580 πρός
1189 548 1230 581 γε
1260 533 1342 568 τοὺς

258 583 321 619 ἐπ’
335 582 526 631 Αἰγύπτου
543 596 584 618 τε
604 586 664 617 καὶ
684 582 1026 637 τῆςιπροςεχοῦςΙκαὶ
1041 577 1227 624 ἡνωμένης
1250 577 1340 626 αὐτῇ

1347 104 1404 151 52

2014 122 2075 154 DE
2103 121 2194 154 NON
2224 122 2493 155 ALIENANDIS

1411 231 1489 257 eam
1524 219 1739 256 Anastasius
1779 220 1861 266 piae
1894 222 2086 258 memoriae
2122 222 2214 258 inter
2240 226 2378 258 retatus
2413 225 2493 265 est),

1410 274 1526 311 neque
1559 265 1649 300 alias
1681 275 1802 301 omnes
1834 266 2005 303 ecclesias
2040 268 2078 303 in
2110 268 2178 303 hac
2218 267 2409 303 elicissima
2432 277 2493 302 ex-

1410 311 1558 346 istentes
1589 309 1732 345 civitate
1759 311 1824 345 aut
1854 311 1950 346 circa
1986 313 2061 348 eius
2094 312 2250 348 confinia
2279 323 2395 358 neque
2427 313 2494 347 sub

1411 354 1654 400 patriarchica
1678 354 1762 390 sede
1790 355 1897 391 huius
1929 356 2153 393 felicissimae
2181 358 2334 394 civitatis
2361 357 2493 393 consti-

1378 402 1396 433 5
1412 403 1522 442 tutas,
1545 409 1695 444 quarum
1714 400 1957 444 metropolitas
1975 402 2051 447 ipse
2071 403 2223 447 ordinat,
2248 413 2366 448 neque
2386 402 2495 438 alium

1412 446 1524 480 ullum
1548 445 1704 489 undique
1728 454 1843 489 neque
1866 447 2107 490 patriarcham
2137 458 2252 493 neque
2287 449 2496 493 episcopum

1412 490 1576 531 (dicimus
1602 492 1722 525 autem
1746 494 1782 525 et
1810 500 1871 525 eos
1896 491 1957 535 qui
1980 492 2017 527 in
2037 492 2180 529 Oriente
2210 498 2246 529 et
2269 494 2329 538 qui
2351 494 2388 528 in
2412 493 2495 538 Illy-

1410 536 1503 577 rico,
1539 535 1688 580 insuper
1720 537 1758 570 et
1786 536 1948 580 Aegypto
1980 541 2017 572 et
2046 538 2162 574 vicina
2194 543 2303 585 atque
2332 539 2435 575 unita
2463 538 2496 574 ei

1411 581 1536 626 Libya,
1561 583 1598 616 et
1626 590 1686 616 eos
1719 580 1779 625 qui
1806 581 1844 615 in
1867 581 2040 618 Africana
2063 584 2248 634 provincia
2271 586 2374 627 sunt,
2400 594 2495 619 com·

258 627 400 684 ἲᾷιβὺης
421 626 504 664 τούς
525 642 567 663 τε
585 630 645 682 ἐπὶ
666 629 733 680 τῆς
748 632 893 682 Αφρων
912 636 1040 671 χωρας,
1062 628 1123 659 καὶ
1143 623 1342 659 συνελόντα
1358 628 1398 660 10
1412 626 1550 672 plexive
1573 626 1763 662 dicendum
1784 636 1848 670 per
1872 636 1994 662 omnes
2013 638 2226 674 quicumque
2242 632 2389 666 nostrae
2412 632 2497 665 sunt

258 686 422 711 απαντας
444 675 571 716 εἰπεῖν,
590 686 668 708 octos
692 684 753 716 της
776 685 863 717 ημετ
878 675 945 704 ὀας
965 671 1034 704 εἰσὶ
1053 671 1139 717 γῆς),
1163 667 1252 714 μήτε
1271 668 1343 714 μὴν

257 719 339 755 τοὺς
362 722 423 755 ἐπὶ
446 721 509 763 τῆς
528 716 714 765 Ἑσπερίας
737 717 845 752 ὄντας
865 686 1177 762 ῗῦεοφιλεστάτους
1200 714 1343 750 ἐπισκό-

258 777 346 801 πους
377 761 443 801 ἀπ’
476 763 584 807 αὐτῆς
613 766 675 807 τῆς
706 759 943 807 πρεσβύτιδος
970 757 1103 805 Ῥώμης
1130 763 1233 808 μέχρι
1265 761 1344 794 τῶν

258 811 307 846 εἰς
337 807 499 845 ὠκεανὸν
523 810 777 843 καθεστωσῶν
807 805 1024 859 ἁγιωτάτων
1048 803 1266 859 ὀρθοδόξωγ
1290 807 1342 839 ἐκ·

1412 676 1549 714 terrae‚
1573 681 1641 707 nec
1665 682 1736 707 non
1761 672 1821 715 qui
1852 671 1888 706 in
1914 671 2106 708 Occidente
2126 678 2210 709 sunt
2229 675 2296 711 deo
2321 674 2496 710 amabiles

1413 717 1602 763 episcopos
1627 717 1672 752 ab
1697 716 1776 762 ipsa
1801 717 1940 751 seniore
1963 716 2078 753 Roma
2107 729 2219 764 usque
2243 720 2290 756 ad
2323 729 2496 756 oceanum

1414 762 1684 798 consistentium
1726 762 2032 797 sanctissimarum
2066 764 2346 800 orthodoxarum
2382 765 2495 800 eccle-

1413 808 1576 851 siarum),
1616 818 1731 852 neque
1768 818 1872 852 quem
1903 807 2153 843 xenodochum
2187 811 2252 845 aut
2286 810 2496 856 ptochotro-

258 853 549 909 κλησιῶν,,μὴτε
576 851 874 908 τινὰιξενοδρχον
897 866 918 895 η
942 850 1208 906 πτωχοτρρφον
1235 865 1258 895 η
1286 864 1343 905 νο·
1361 855 1399 887 15
1413 854 1524 899 phum
1566 855 1629 888 aut
1672 863 1903 888 nosocomum
1951 857 2014 887 aut
2058 854 2389 901 orphanotrophum
2434 860 2498 890 aut

259 902 414 946 σοκόμον
436 914 458 944 η
477 900 754 948 ὃρφανοτροφον
777 912 800 941 η
817 909 1081 945 γεροντοκομον
1103 910 1126 950 η
1149 901 1344 952 βρεφοτρο;

259 960 330 994 φον
352 944 374 990 ἢ
396 948 636 991 μοναστηρίου
664 941 811 989 ἀνδρῶν
842 940 864 987 ἢ
890 943 1074 990 γυναικῶν
1102 954 1300 990 ηγουμενον
1323 955 1346 985 η

259 990 467 1040 ἡγουμένην,
485 988 506 1034 ἦ
524 1003 609 1024 τινα
625 985 716 1023 ὅλως
728 990 944 1035 προεστῶτα
962 988 1042 1022 τῶν
1061 984 1206 1035 εὗαγῶν
1219 999 1345 1030 συστη-

259 1035 387 1083 μάτων
410 1034 537 1071 ἄδειαν
561 1036 655 1076 ἔχειν
679 1036 838 1088 ἐκποιεῖν
861 1034 935 1088 πρᾶ
958 1046 1010 1077 μα
1033 1031 1205 1076 ἀκίνητον
1232 1035 1274 1067 ἐν
1297 1033 1345 1067 οἰ-

1413 902 1704 944 gerontocomum
1744 902 1808 933 aut
1849 898 2157 943 brephotrophum
2195 902 2260 935 aut
2293 900 2511 936 monasterii·

1416 945 1572 980 virorum
1604 944 1659 979 vel
1690 944 1877 979 mulierum
1907 944 2038 978 abbam
2071 954 2135 979 seu
2166 944 2401 989 abbatissam,
2433 949 2500 982 aut

1415 990 1607 1034 quemlibet
1648 989 1790 1024 omnino
1829 989 2090 1034 praesidentem
2124 989 2387 1026 venerabilibus
2423 991 2497 1027 col-

1415 1035 1514 1079 legiis
1543 1034 1725 1069 licentiam
1754 1034 1887 1069 habere
1911 1034 2068 1070 alienare
2100 1044 2176 1069 rem
2199 1035 2414 1071 immobilem
2435 1039 2500 1072 aut

259 1087 351 1118 κίαις
372 1079 395 1126 ἢ
416 1083 456 1116 έν
476 1078 594 1134 ἀγροῖς
614 1076 636 1123 ἢ
656 1082 697 1114 ἐν
719 1091 844 1123 κήποις
860 1076 882 1122 ἢ
901 1076 922 1113 o'
945 1090 992 1112 ως
1013 1080 1053 1112 ἐν
1072 1081 1146 1113 τοῖς
1160 1077 1345 1119 τοιούτοις,
1359 1082 1401 1114 20
1416 1081 1455 1115 in
1478 1080 1641 1115 domibus
1666 1082 1730 1114 aut
1751 1080 1789 1114 in
1809 1080 1902 1124 agris
1926 1083 1990 1114 aut
2011 1080 2050 1114 in
2074 1079 2187 1115 hortis
2208 1082 2273 1115 aut
2297 1080 2438 1117 omnino
2461 1081 2500 1116 in

259 1126 351 1172 μηδὲ
379 1138 577 1174 γεωργικόν
604 1122 837 1170 ἀνδράποδον
859 1122 951 1169 μηδὲ
978 1122 1165 1167 πολιτικὴν
1190 1127 1345 1167 σίτησιν,

259 1171 352 1218 μηδὲ
372 1170 463 1206 κατὰ
485 1169 598 1205 ἰδικοῦ
621 1171 807 1217 πρόφασιν
828 1167 993 1216 ἐνεχύρου
1011 1167 1258 1215 παραδιδόναι
1273 1172 1346 1203 τοῖς

261 1217 475 1252 δανεισταῖς.
521 1216 564 1250 τὸ
588 1213 629 1249 δὲ
651 1217 713 1259 τῆς
737 1212 953 1258 έκποιήσεως
970 1212 1087 1259 ὄνομα
1107 1213 1347 1261 γενικώτερον

260 1262 321 1298 διὰ
337 1263 446 1297 τοῦτο
470 1262 698 1305 τεθείκαμεν,
724 1261 784 1295 ἵνα
807 1258 1029 1303 κωλύσωμεν
1049 1262 1109 1293 καὶ
1132 1261 1268 1307 πρᾶσιν
1286 1262 1346 1292 καὶ

260 1356 374 1399 μένην
394 1350 624 1410 infirmem,
645 1364 707 1398 ηγε
726 1348 810 1385 οῦδὲ
830 1349 956 1397 πόρρω
978 1350 1205 1392 καθέστηκεν
1228 1352 1346 1384 ἐκποι-

260 1397 382 1443 ήσεως.
429 1397 519 1432 αλλὰ
543 1395 684 1433 πάντας
718 1398 904 1439 πανταχοῦ
939 1394 1020 1430 τους
1051 1395 1152 1442 ἱερεῖς
1175 1396 1245 1448 (τῆς
1275 1407 1347 1428 τοι·

262 1443 370 1487 αὑτης
402 1440 621 1486 ἐκποιήσεως
658 1442 832 1489 εἴργομεν,
874 1444 952 1475 ταῖς
991 1443 1134 1475 ποιναῖς
1163 1442 1347 1484 υποκειμέ-

261 1501 352 1532 νους,
377 1489 432 1524 αἶς
451 1486 473 1533 ἡ
492 1490 652 1522 Λέοντος
673 1488 738 1521 τοῦ
754 1499 815 1530 της
823 1484 999 1542 ἱεὐσεβοῦς
1022 1483 1153 1528 λήξεως
1175 1483 1349 1529 ἐχρήσατο

1416 1125 1631 1167 huiusmodi,
1656 1135 1770 1169 neque
1793 1125 1966 1160 rusticum
1983 1125 2200 1170 mancipium
2223 1135 2340 1178 neque
2364 1125 2500 1162 civilem

1416 1181 1607 1212 annonam,
1632 1180 1699 1205 nec
1719 1180 1783 1215 per
1807 1170 1971 1214 specialis
1993 1171 2151 1215 pignoris
2176 1181 2403 1206 occasionem
2425 1173 2499 1206 tra-

1417 1217 1501 1251 dere
1527 1215 1775 1251 creditoribus.
1822 1215 2056 1251 Alienationis
2087 1220 2209 1252 autem
2243 1226 2371 1251 nomen
2394 1226 2500 1262 gene-

1417 1262 1527 1296 ralius
1550 1261 1629 1296 ideo
1651 1260 1848 1306 posuimus,
1874 1264 1915 1295 ut
1936 1261 2190 1305 prohibeamus
2209 1264 2244 1296 et
2263 1261 2500 1297 venditionem

261 1307 403 1356 δωρεὰν
434 1310 494 1342 καὶ
522 1305 673 1359 ἄμειψιν
697 1310 758 1340 καὶ
778 1305 847 1349 τὴν
870 1307 919 1339 εἰς
945 1306 988 1340 τὸ
1014 1303 1170 1348 διηνεκὲς
1195 1307 1345 1338 έκτεινο-
1361 1308 1401 1340 25
1417 1312 1453 1342 et
1484 1307 1712 1342 donationem
1744 1310 1781 1341 et
1813 1307 2125 1342 commutationem
2156 1311 2191 1342 et
2219 1307 2257 1342 in
2289 1310 2500 1352 perpetuum

1418 1356 1602 1387 extensam
1639 1351 1899 1396 emphyteosin,
1937 1361 2028 1396 quae
2063 1363 2136 1388 non
2172 1352 2298 1397 procul
2334 1353 2380 1388 ab
2415 1352 2500 1387 alie·

1418 1398 1563 1433 natione
1594 1397 1767 1432 consistit.
1815 1396 1886 1431 Sed
1909 1407 2031 1432 omnes
2062 1397 2195 1443 ubique
2226 1397 2431 1433 sacerdotes
2456 1398 2500 1433 ab

1418 1442 1624 1478 huiusmodi
1653 1442 1867 1477 alienatione
1897 1441 2143 1486 prohibemus,
2176 1443 2300 1487 poenis
2324 1442 2500 1485 subditos,

1419 1488 1549 1532 quibus
1582 1488 1714 1523 Leonis
1751 1487 1833 1531 piae
1868 1487 2058 1522 memoriae
2093 1498 2160 1523 usa
2189 1490 2246 1523 est
2280 1487 2501 1524 constitutio.

262 1533 435 1577 διάταξις.
483 1535 624 1576 ἐκείνην
644 1531 713 1579 γὰρ
743 1545 836 1566 κατα
860 1545 1014 1567 παντων
1038 1534 1184 1578 κρατεῖν
1208 1533 1268 1564 καὶ
1291 1544 1347 1563 xv·
1363 1535 1405 1567 30
1418 1534 1519 1568 Illam
1543 1543 1696 1578 namque
1726 1543 1791 1577 per
1820 1533 1940 1567 omnia
1971 1533 2087 1568 valere
2111 1536 2147 1568 et
2177 1535 2293 1568 ratam
2316 1543 2396 1568 esse
2419 1543 2502 1569 san-

262 1584 346 1628 ρίαν
372 1580 469 1615 εἶναι
499 1579 736 1622 θεσπίζομεν,
761 1575 887 1623 διόπερ
912 1573 1025 1620 αὐτὴν
1053 1579 1114 1609 καὶ
1138 1573 1349 1623 προύθήκα-

261 1639 331 1671 μεν
351 1628 413 1660 καὶ
436 1622 476 1659 οὗ
500 1626 715 1678 τῇΙπατρίῳ
741 1623 852 1676 φωνῇ
875 1620 951 1676 *τὸν
978 1621 1092 1666 νόμον
1126 1619 1349 1675 συνεγράᾶυα-

261 1685 339 1716 μεν,
372 1667 463 1706 ἀλλὰ
491 1683 606 1716 ταυτῃ
639 1667 684 1712 δὴ
714 1681 758 1715 τῃ
789 1681 890 1716 κοινῃ
922 1679 963 1701 τε
992 1670 1053 1701 καὶ
1084 1665 1223 1709 ἑλλάδι,
1262 1678 1349 1701 ωςτε

261 1713 402 1752 ἅπασιν
430 1712 542 1749 αὐτὸν
573 1715 666 1749 εἶναι
696 1711 883 1760 γνώριμον
907 1710 966 1747 διὰ
989 1711 1047 1766 τὸ,
1065 1710 1256 1768 πρόχειρον
1287 1712 1348 1755 τῆς

1420 1579 1551 1623 cimus3
1582 1580 1775 1623 propterea
1798 1577 1891 1613 hanc
1916 1578 2196 1623 [proposuimus]
2230 1581 2266 1613 et
2288 1578 2502 1624 protulimus

1419 1628 1456 1660 et
1478 1634 1551 1659 non
1578 1627 1728 1668 paterna
1752 1633 1839 1658 voce
1868 1623 1980 1667 legem
2014 1624 2309 1668 conscripsimus,
2342 1623 2407 1659 sed
2434 1623 2503 1659 hac

1419 1670 1595 1705 communi
1631 1673 1668 1704 et
1697 1678 1849 1714 graeca,
1885 1671 1926 1703 ut
1959 1669 2124 1704 omnibus
2159 1669 2206 1704 sit
2241 1673 2326 1704 nota
2355 1671 2503 1714 propter

1418 1714 1560 1750 facilem
1595 1713 1940 1759 interpretationem.
1999 1714 2102 1758 Quod
2137 1714 2259 1759 itaque
2293 1714 2363 1750 iam
2398 1725 2502 1759 prae·

261 1763 459 1808 ἑρμηνείας.
515 1759 560 1794 Τὸ
588 1761 656 1804 μὲν
680 1752 747 1793 οὖν
766 1756 1070 1814 ἦδηιπαρῳχηκος
1098 1761 1268 1811 αὲυίεμεν·
1306 1755 1348 1791 τὸ
1363 1762 1404 1795 35
1418 1759 1533 1802 teriit,
1568 1759 1818 1804 relinquimus3
1854 1769 1936 1794 nam
1968 1763 2069 1794 tanta
2099 1759 2311 1795 documenta
2342 1764 2503 1812 tempore

261 1807 330 1855 γὰρ
361 1806 525 1841 τοσαῦτα
555 1803 759 1850 συμβόλαια
789 1817 907 1858 χρόνῳ
923 1816 984 1857 ,τε
1011 1816 1139 1850 μακρῳ
1172 1802 1350 1858 γενόμενα

262 1866 332 1887 νυν
362 1849 548 1886 ἀνακινεῖν
572 1848 703 1893 πολλῆς
735 1846 781 1883 ἂν
813 1851 865 1891 εἰη
897 1859 961 1893 της
991 1847 1349 1895 πολυπραγμοσυνης.

264 1894 352 1932 dieve
370 1896 417 1932 τὰ
439 1899 542 1943 μέχρι
560 1897 630 1930 νῦν
658 1894 749 1930 ὄντα
768 1893 811 1930 τὸ
836 1895 967 1928 οἰκεῖον
994 1895 1104 1947 ἐχέτω
1130 1895 1262 1947 σχῆμα·
1285 1894 1349 1928 τοῦ

263 1943 388 1978 λοιποῦ
417 1940 459 1977 δέ
490 1942 615 1976 πᾶσαν
643 1942 832 1984 έκποίησιν
855 1936 1135 1986 ἀπαγορευομεν,
1167 1950 1230 1973 τας
1260 1939 1351 1985 εἰρη-

262 1992 372 2034 μένας
395 1985 485 2034 αὖτῇ
507 1984 636 2021 ποινὰς
659 1985 899 2020 ἐπιτιθέντες.

1419 1805 1525 1850 longo
1560 1805 1660 1840 facta
1690 1814 1787 1840 nunc
1823 1815 2042 1840 commovere
2072 1805 2205 1840 multae
2234 1805 2301 1840 erit
2334 1809 2503 1850 tergiver-

1419 1850 1580 1886 sationis
1629 1850 1854 1895 Quapropter
1887 1860 1979 1893 quae
2013 1860 2128 1895 usque
2162 1850 2336 1886 hactenus
2368 1854 2503 1892 extant,

1419 1896 1603 1942 proprium
1627 1895 1785 1931 habeant
1809 1895 1969 1938 schema,
2005 1895 2049 1931 de
2078 1897 2198 1931 cetero
2222 1899 2341 1931 autem
2365 1906 2504 1931 omnem

1421 1941 1671 1977 alienationem
1695 1940 1957 1983 interdicimus,
1989 1941 2194 1986 praedictas
2223 1941 2257 1976 ei
2280 1951 2415 1986 poenas
2438 1941 2503 1976 im·

1367 1989 1409 2021 40
1422 1990 1609 2031 ponentes.

263 2057 398 2093 stasius
413 2056 505 2103 piae
527 2055 641 2090 sortis
663 2055 924 2100 interpretatus
944 2057 1030 2096 est),
1050 2065 1165 2100 neque
1194 2055 1358 2100 reliquae
1377 2055 1549 2090 ecclesiae
1573 2066 1707 2097 omnes,
1731 2056 1882 2101 quaein
1905 2054 1975 2090 hac
1995 2055 2101 2100 felici
2118 2055 2263 2090 civitate
2281 2054 2338 2091 vel
2358 2054 2397 2090 in
2419 2055 2504 2091 vici-

263 2103 326 2138 nia
349 2102 444 2143 eius,
469 2111 584 2147 neque
633 2110 702 2135 uae
720 2099 786 2134 sub
808 2098 1060 2146 patriarchica
1083 2099 1169 2135 sede
1191 2098 1298 2134 huius
1319 2099 1444 2146 felicis
1459 2100 1561 2135 urbis
1584 2100 1804 2135 constitutae
1825 2104 1928 2142 sunt,
1956 2111 2112 2145 quarum
2135 2110 2180 2135 ea
2202 2099 2505 2146 metropolitanos

265 2147 424 2190 ordinat,
443 2157 559 2192 neque
573 2156 596 2181 a
611 2155 669 2180 ius
685 2145 877 2197 quisquam
891 2144 1035 2191 uspiam
1055 2143 1271 2191 patriarcha
1286 2149 1352 2180 aut
1366 2145 1560 2192 episcopus
1577 2147 1653 2188 (eos
1667 2145 1805 2181 scilicet
1821 2144 1984 2187 dicimus,
1999 2144 2063 2190 qui
2077 2145 2116 2179 in
2135 2143 2281 2180 Oriente
2301 2149 2339 2180 et
2350 2143 2503 2191 Illyrico

264 2197 351 2229 sunt
371 2195 408 2228 et
425 2195 624 2238 praeterea
643 2201 705 2242 qui
719 2191 759 2225 in
773 2190 943 2236 Aeqypto
975 2189 1080 2241 eique
1102 2190 1239 2235 confini
1262 2194 1372 2236 atque
1388 2190 1492 2226 unita
1512 2190 1642 2237 Libya,
1666 2190 1801 2242 quique
1823 2190 1862 2225 in
1875 2190 2056 2235 Afrorum
2075 2189 2235 2236 refione,
2258 2193 2294 2225 et
2315 2193 2359 2225 ut
2379 2200 2504 2226 omnes

265 2237 558 2284 complectamur,
587 2246 804 2282 quicumque
834 2235 873 2269 in
901 2239 1039 2270 nostris
1065 2239 1153 2270 sunt
1185 2235 1305 2278 terris)
1334 2246 1449 2281 neque
1479 2236 1598 2282 maqis
1628 2236 1692 2282 qui
1721 2246 1761 2270 tn
1786 2234 1977 2271 Occidente
2004 2239 2091 2270 sunt
2119 2233 2187 2270 deo
2219 2234 2398 2270 carissimi
2427 2236 2502 2282 epi-

264 2283 387 2330 scopi,
418 2281 464 2317 ab
494 2282 578 2329 ipsa
605 2284 746 2317 vetusta
767 2279 886 2316 Roma
910 2290 954 2315 us
980 2291 1025 2316 ue
1048 2279 1099 2315 ad
1123 2280 1372 2315 sanctissimas
1400 2279 1631 2316 orthodoxas
1654 2280 1825 2316 ecclesias
1854 2280 1904 2316 ad
1927 2290 2103 2315 oceanum
2124 2279 2358 2322 constitutas,
2387 2290 2503 2327 neque

265 2326 503 2365 xenodochus
541 2326 734 2373 quisquam
772 2329 839 2360 aut
865 2329 958 2378 ptoc
986 2324 1165 2371 otrophus
1200 2329 1266 2360 aut
1299 2335 1517 2360 nosocomus
1554 2329 1621 2360 aut
1655 2324 1982 2372 orphanotrophus
2021 2328 2087 2360 aut
2122 2328 2403 2372 qerontocomus
2436 2331 2503 2361 aut

266 2371 561 2421 brephotrophus
590 2375 656 2407 aut
677 2371 889 2406 monasterii
911 2370 1073 2406 virorum
1096 2369 1153 2405 vel
1174 2370 1364 2405 mulierum
1388 2369 1502 2406 abbas
1523 2370 1581 2406 vel
1603 2369 1808 2413 abbatissa,
1840 2374 1907 2405 aut
1929 2370 2074 2405 omnino
2099 2369 2264 2416 quisquis
2284 2369 2403 2405 sacris
2421 2380 2502 2406 coe-

268 2419 361 2454 tibus
378 2421 547 2465 praeest,
571 2416 753 2453 licentiam
777 2414 910 2451 habeat
924 2426 1002 2451 rem
1025 2414 1240 2451 immobilem
1261 2414 1511 2460 aedificiorum
1527 2415 1584 2452 vel
1605 2426 1781 2462 aqrorum
1797 2414 1853 2451 vel
1875 2414 2067 2451 hortorum
2090 2414 2147 2451 vel
2168 2414 2313 2450 omnino
2332 2413 2374 2449 id
2388 2425 2504 2461 qenus

267 2465 423 2500 aliorum
446 2461 644 2505 alienandi,
666 2472 784 2508 neque
807 2460 1029 2508 mancipium
1050 2461 1227 2496 rusticum
1247 2471 1366 2507 ⁴neque
1386 2471 1571 2496 annonam
1591 2460 1742 2504 civilem,
1764 2471 1831 2496 nec
1847 2460 1966 2507 maqis
1983 2459 2154 2507 specialis
2170 2459 2343 2507 piqnoris
2360 2460 2504 2496 nomine

267 2507 507 2546 creditoribus
527 2506 706 2543 tradendi.
737 2506 980 2542 Alienationis
999 2517 1084 2542 vero
1103 2516 1234 2541 nomen
1247 2505 1457 2557 qeneralius
1479 2505 1562 2542 ideo
1574 2506 1780 2553 posuimus,
1803 2509 1846 2541 ut
1864 2504 2139 2552 prohiberemus
2156 2508 2194 2541 et
2211 2503 2450 2541 venditionem
2468 2511 2504 2541 et

267 2555 500 2591 demtionem
523 2557 560 2589 et
574 2552 893 2600 permutationem,
917 2555 955 2587 et
973 2550 1225 2598 emphyteusin
1244 2555 1516 2598 inperpetuum
1538 2555 1738 2593 extensam,
1759 2562 1854 2596 quae
1877 2562 1952 2586 non
1967 2550 2107 2597 procul
2127 2549 2173 2585 ab
2197 2550 2418 2586 alienatione
2441 2549 2502 2586 ab·

267 2604 331 2636 est.
388 2598 520 2636 Verum
551 2608 674 2634 omnes
703 2597 835 2643 ubique
854 2596 1064 2632 sacerdotes
1085 2595 1131 2631 ab
1159 2596 1336 2632 eiusmodi
1365 2595 1584 2632 alienatione
1608 2606 1790 2638 arcemus,
1817 2596 1953 2642 poenis
1981 2595 2074 2638 illis,
2110 2594 2241 2641 quibus
2262 2594 2397 2632 Leonis
2405 2612 2409 2618 ·
2411 2596 2503 2642 piae

267 2646 380 2681 sortis
401 2644 612 2680 constitutio
639 2653 708 2678 usa
735 2646 808 2684 est,
841 2641 1034 2678 obnoxios.
1081 2639 1156 2676 Illa
1179 2641 1273 2677 enim
1293 2644 1336 2677 ut
1350 2652 1425 2694 per
1447 2641 1569 2677 omnia
1594 2640 1716 2676 valeat
1742 2644 1779 2676 et
1798 2644 1884 2676 rata
1906 2640 1957 2676 sit
1976 2640 2179 2676 sancimus.-
2213 2643 2443 2687 quapropter
2466 2645 2503 2677 et

294 2689 527 2738 roposuimus
546 2699 637 2730 eam,
661 2697 777 2734 neque
792 2687 923 2733 patria
944 2686 1072 2738 linqua
1090 2686 1203 2733 leqem
1226 2697 1367 2722 conseri
1395 2686 1519 2729 simus,
1542 2685 1608 2722 sed
1629 2685 1698 2721 hac
1721 2684 1865 2732 quidem
1888 2685 2068 2721 communi
2086 2690 2123 2721 et
2147 2683 2306 2736 Graeca,
2330 2690 2373 2722 ut
2390 2686 2502 2722 omni·

266 2702 336 2772 {us
354 2736 560 2770 innotescat
573 2736 734 2780 propter
747 2732 969 2779 facilitatem
988 2731 1315 2778 mterpretationis.
1375 2736 1511 2767 eterum
1529 2730 1630 2783 quod
1645 2731 1718 2766 iam
1737 2730 1944 2778 praeteriit,
1967 2731 2115 2766 missum
2135 2731 2317 2776 facimus,·
2340 2734 2394 2767 tot
2407 2731 2502 2767 enim

270 2783 480 2817 contractus
502 2778 612 2825 lonqo
638 2783 799 2824 tempore
818 2777 946 2824 factos
964 2777 998 2813 si
1019 2788 1116 2812 nunc
1133 2776 1388 2820 sollicitentur,
1411 2776 1452 2812 id
1473 2775 1616 2824 quidem
1634 2775 1748 2812 multa
1769 2786 1816 2812 ne
1843 2776 1919 2812 otia
1937 2775 2119 2812 exhibeat.
2158 2773 2279 2818 Quare
2301 2786 2396 2822 quae
2416 2774 2501 2812 hac-

272 2830 375 2862 tenus
395 2825 502 2870 facta
524 2827 611 2875 sunt
623 2823 823 2875 propriam
843 2823 1006 2869 formam
1027 2822 1221 2866 retineant,
1243 2822 1283 2857 in
1299 2825 1489 2868 posterum
1511 2832 1596 2858 vero
1621 2831 1761 2857 omnem
1785 2832 1808 2856 a
1823 2821 2040 2857 ienationem
2063 2824 2236 2864 vetamus,
2258 2831 2374 2867 supra
2396 2820 2502 2858 dictis

270 2871 304 2907 ei
317 2870 451 2918 poenis
469 2870 657 2915 imposetzs.

317 2942 338 2974 6
370 2951 446 2974 πατ
469 2936 607 2984 ιάρχην]
633 2937 856 2983 πατριάρχην
878 2936 968 2980 μήτε
990 2936 1261 2982 μητροπολίτην
1283 2938 1315 2970 A
1339 2937 1351 2981 11

273 2988 292 3019 7
317 2981 362 3028 δὴ
386 2985 429 3026 Α]
477 2984 494 3016 ὲ
518 2984 611 3024 Μ(ς)
632 2983 644 3026 11
670 2985 690 3016 9
715 2981 909 3027 προσεχοῦς
930 2984 991 3017 καὶ
1013 2995 1072 3016 om.
1095 2983 1128 3015 A
1154 2981 1166 3027 11
1188 2985 1227 3016 10
1252 2992 1350 3015 συνε-

274 3028 400 3064 λόντας
423 3029 538 3063 εἰπεῖν
556 3025 714 3062 ἅπαντες
737 3029 768 3061 A
797 3028 809 3071 11
840 3030 879 3062 12
904 3027 1054 3073 ἑσπέρας
1076 3028 1108 3061 A
1133 3026 1147 3071 11
1174 3029 1211 3061 13
1236 3028 1351 3072 μέχρι]

273 3077 335 3109 καὶ
356 3075 459 3120 μέχρι
481 3075 512 3107 A
527 3073 540 3117 11
562 3076 602 3107 14
625 3073 869 3106 καθεστασῶν
892 3074 923 3106 A
938 3073 950 3116 11
974 3075 1011 3106 17
1036 3069 1064 3115 ἢ
1080 3072 1264 3119 γυναικῶν
1286 3073 1351 3113 Ae]

273 3122 333 3154 καὶ
400 3118 540 3152 ναικῶν
562 3119 606 3152 Μ
629 3117 641 3163 11
675 3120 714 3152 19
751 3119 791 3151 έν
813 3118 951 3159 οἰκίαις]
982 3119 1042 3151 aut
1070 3118 1109 3151 in
1132 3117 1284 3150 domibus
1304 3129 1323 3154 ς
1341 3116 1353 3162 11

275 3167 318 3200 20
342 3132 399 3198 ζαν
405 3159 524 3211 ἀγροῖς
545 3164 587 3197 ἐν
609 3160 733 3207 κήποις
754 3175 795 3196 τε
816 3164 877 3197 καὶ
899 3159 992 3196 ὅλως
1014 3163 1046 3196 A
1062 3162 1076 3208 11
1093 3164 1147 3198 21.
1167 3165 1209 3197 22
1234 3161 1353 3204 *μήτε

275 3205 566 3254 -μήτε-μὴτε
583 3209 660 3242 libri
675 3207 688 3252 11
704 3210 746 3242 23
770 3209 843 3251 τῆς]
866 3210 940 3242 τοῖς
952 3208 1000 3241 Μ
1009 3208 1022 3248 11
1038 3210 1080 3242 23
1094 3221 1142 3251 sq.
1167 3204 1229 3241 διὰ
1245 3208 1352 3240 τοῦτο

275 3255 493 3299 seminalem
522 3249 760 3300 γενικώτερον
781 3255 813 3287 A
842 3253 854 3297 11
883 3255 923 3287 27
956 3248 1046 3287 ἀλλὰ
1069 3272 1113 3278 —-
1137 3250 1353 3295 ἐκποιήσεως

277 3313 334 3333 om.
356 3300 397 3333 M
404 3304 441 3341 ⁰,
456 3301 490 3333 in
513 3312 575 3343 my.
599 3300 705 3343 suppl.
727 3299 775 3332 M
793 3298 806 3339 ΙΙ
836 3300 879 3333 28
903 3299 982 3331 ταῖς
1001 3311 1060 3333 om.
1082 3298 1114 3331 A
1131 3298 1144 3341 11
1165 3300 1208 3332 30
1231 3295 1353 3332 πάντα

277 3345 308 3377 A
321 3344 336 3387 Ι
354 3346 394 3378 31
417 3340 541 3386 αὐτὴν]
559 3344 645 3377 hano
658 3345 692 3384 (i.
706 3356 732 3378 e.
745 3342 882 3385 ταύτην
889 3343 918 3384 Τ)
933 3356 952 3379 ς
968 3342 981 3388 ΙΙ
998 3342 1288 3390 προτεθείκαμεν
1301 3345 1327 3375 Δ
1342 3341 1354 3386 11

279 3391 321 3422 32
345 3385 653 3434 συνεγραψάμεθα
673 3390 705 3422 A
722 3389 794 3432 1136
813 3387 931 3433 χρόνω
951 3388 1078 3434 μακρῶ
1102 3399 1142 3421 τε
1165 3389 1197 3421 A

327 3448 340 3478 1
369 3454 407 3476 ea
426 3445 458 3478 V
463 3445 474 3465 ¹
489 3445 501 3488 11
525 3447 546 3479 2
570 3456 677 3488 neque
700 3445 794 3487 alias]
818 3445 982 3478 nenihas
1001 3445 1050 3478 R¹
1074 3444 1088 3489 11
1110 3445 1269 3478 existente
1282 3444 1315 3479 V
1320 3445 1330 3465 ¹
1332 3443 1354 3523 11

280 3491 300 3523 3
323 3489 583 3531 supatriarchioa
600 3491 650 3524 Β*
672 3491 733 3523 sub
755 3490 945 3533 patriarcha
965 3490 1000 3523 V
1011 3490 1019 3510 ¹
1036 3490 1048 3533 11
1066 3492 1088 3523 4
1109 3490 1209 3523 huius
1233 3491 1328 3533 (supp
1344 3515 1351 3522 .

280 3532 364 3611 ¹113:ss
360 3535 393 3566 in
416 3535 721 3611 spat.}3felicissime
745 3535 880 3569 ecclesie
898 3534 1046 3568 ciuitatis
1070 3534 1103 3569 V
1130 3535 1143 3578 11
1173 3537 1190 3567 7
1223 3535 1260 3567 in
1280 3542 1354 3568 ante
1422 3565 1475 3601 1³²

282 3579 289 3585 '
323 3578 330 3584 '
353 3577 404 3610 'co
427 3591 485 3611 om.
679 3581 687 3588 ⁰
973 3582 988 3612 t
1009 3580 1046 3612 in
1063 3582 1092 3612 A
1178 3582 1213 3612 to
1308 3605 1318 3614 .

281 3623 376 3656 unita
406 3622 437 3655 ei
471 3579 597 3666 Libyn?
610 3578 1307 3668 &ffuffingtffligmmegiffiffibffiq
1425 3611 1462 3646 V
1464 3610 1479 3631 ²
1526 3613 1567 3646 35
1591 3614 1685 3645 tanto
1699 3612 1733 3646 V
1747 3610 1760 3656 Ι
1776 3614 1818 3646 36
1843 3614 1945 3654 nunc]
1970 3622 2037 3645 non
2050 3608 2141 3654 VT!
2158 3610 2266 3652 ιθτςίῡ
2281 3610 2408 3643 miscis
2419 3609 2493 3655 1³²1!

282 3668 319 3700 i„
338 3666 496 3700 mifibflig
518 3668 687 3708 (mifibffia
709 3671 815 3714 mma,
836 3669 891 3704 V²
913 3671 947 3704 f„
969 3671 1068 3714 φα.)
1089 3669 1127 3703 V
1140 3669 1355 3703 inmutabilia
1424 3658 1465 3691 37
1490 3658 1625 3690 actenus
1638 3657 1706 3691 VT
1723 3657 1789 3689 huo
1811 3656 1993 3709 actenus-R
2011 3656 2122 3699 (only.)
2137 3653 2150 3700 11
2168 3655 2213 3690 38
2236 3654 2359 3689 habent
2370 3655 2494 3701 RVTfl

285 3712 318 3746 T
343 3712 393 3755 (in
416 3712 583 3755 Lycaonia
602 3715 700 3755 atque
727 3715 762 3746 in
786 3715 889 3757 Lycia
911 3715 1010 3758 vulq.)
1039 3713 1052 3759 11
1084 3716 1124 3748 10
1160 3715 1354 3759 quicunque
1422 3711 1509 3734 “enm
1532 3700 1582 3734 131
1605 3712 1710 3735 ”0¹¹²ss
1733 3690 1778 3735 V
1764 3700 1815 3734 13²
1832 3700 1845 3745 ΙΙ
1861 3702 1903 3736 39
1926 3711 1974 3734 0¹¹
1995 3699 2098 3735 RVT

1419 2936 1483 2977 13²1
1505 2946 1701 2978 quecunque
1725 2934 1906 2979 fflVvuly.
1923 2934 1936 2978 11
1953 2938 2033 2967 sunt
2055 2937 2142 2968 terre
2161 2937 2272 2968 nostre
2294 2935 2333 2968 V
2341 2934 2355 2980 Ι
2375 2937 2415 2971 12
2441 2947 2499 2970 no-

1421 2991 1559 3014 ceanum
1583 2981 1632 3014 R¹
1667 2990 1846 3014 occeanum
1867 2979 1986 3014 R²VT
2011 2979 2024 3024 11
2053 2982 2092 3014 13
2128 2980 2393 3014 consisteretium
2415 2981 2466 3015 R·
2487 2980 2500 3028 11

1426 3029 1465 3061 14
1489 3036 1587 3069 quem
1605 3026 1669 3068 Εἰ]
1693 3025 1797 3059 alium
1820 3035 1918 3068 quem
1937 3024 1989 3058 R²
2011 3024 2157 3068 aliquem
2177 3024 2217 3059 V
2229 3026 2316 3070 vulq.
2332 3025 2346 3070 11
2362 3028 2499 3069 ptocho-

1420 3072 1575 3105 troohum
1590 3071 1624 3105 V
1644 3071 1963 3114 protochotrophum
1982 3069 2034 3104 13²
2048 3070 2061 3115 11
2082 3072 2122 3104 15
2146 3071 2418 3106 nosocomiumR
2439 3083 2498 3106 no-

1421 3116 1633 3151 dochomium
1654 3116 1693 3151 V
1704 3117 1717 3160 11
1737 3118 1776 3151 16
1798 3116 2081 3159 gerontocomium
2100 3115 2151 3149 R¹
2173 3116 2426 3150 therontonium
2444 3117 2482 3151 V
2488 3118 2501 3162 11

1420 3162 1687 3205 bephotrophum
1706 3162 1741 3195 R
1769 3161 2014 3205 bephotrol’ium
2027 3161 2065 3194 V
2078 3160 2093 3206 11
2115 3162 2390 3195 monasteriorum
2409 3163 2499 3196 uiro-

1421 3218 1496 3240 rum
1516 3210 1624 3249 (orum
1640 3207 1792 3240 uirorum
1810 3207 1916 3251 suppl.
1929 3206 1968 3240 V
1970 3206 1984 3227 ²
1997 3208 2029 3239 in
2042 3208 2124 3249 ras.)
2138 3206 2176 3240 V
2187 3207 2200 3250 11
2219 3208 2258 3241 17
2276 3206 2342 3249 vel]
2364 3209 2424 3240 aut
2442 3206 2500 3253 Ru

1422 3252 1540 3286 abbam
1559 3262 1617 3285 seu
1628 3251 1675 3293 R]
1699 3251 1843 3285 abbatu-
1862 3251 1945 3285 seu?
1958 3251 1996 3285 V
2003 3252 2013 3272 ¹
2032 3251 2183 3284 abbatem
2199 3261 2257 3284 seu
2272 3251 2326 3286 V’
2347 3251 2497 3286 abbatem

1422 3298 1477 3331 uel
1488 3298 1574 3340 ναις.
1591 3297 1603 3340 11
1625 3298 1665 3331 18
1686 3297 1879 3339 quemlibet]
1904 3306 2001 3338 quem
2014 3296 2047 3331 V
2061 3297 2073 3338 1
2090 3295 2331 3340 praesulentem
2342 3297 2396 3330 R⁰
2411 3295 2426 3341 11
2439 3306 2497 3330 ue-

1422 3342 1600 3376 nerabibus
1613 3341 1647 3375 R
1658 3342 1870 3376 ueneralibus
1881 3341 1919 3375 V
1931 3341 1944 3385 11
1963 3343 2002 3376 19
2026 3341 2205 3374 alienarem
2215 3351 2285 3373 rem
2296 3339 2348 3375 Β*
2362 3341 2375 3384 11
2393 3342 2436 3375 20
2461 3342 2495 3374 in

1421 3387 1535 3430 gnaris
1547 3389 1606 3419 aut
1616 3387 1733 3420 mortis
1742 3386 1794 3421 Β*
1811 3386 1824 3432 11
1840 3388 1882 3421 22
1901 3386 2065 3430 specialis]
2077 3385 2237 3430 spiritalis
2247 3385 2282 3419 R
2299 3384 2312 3430 11
2326 3386 2496 3420 occasione

1424 3433 1461 3467 V
1463 3433 1478 3453 ²
1495 3431 1508 3477 11
1524 3433 1565 3466 23
1584 3432 1819 3466 creditotribus
1829 3430 1908 3476 12¹!
1924 3431 2088 3474 generalis
2103 3430 2143 3465 V
2153 3429 2166 3474 fl
2181 3431 2225 3465 24
2244 3440 2401 3472 posumus
2411 3431 2464 3464 Βῆ
2483 3431 2496 3476 11

1423 3477 1671 3521 prohiberemus
1695 3477 1733 3511 V
1741 3477 1746 3522 1
1770 3477 1962 3511 uentionem
1984 3476 2036 3511 R²
2081 3477 2124 3510 25
2150 3476 2183 3508 et
2206 3476 2493 3509 commutationem

1424 3525 1457 3556 et
1479 3522 1692 3555 donationem
1708 3523 1741 3556 V
1788 3522 1858 3566 1127
1881 3522 2030 3564 undique
2092 3520 2166 3564 128
2189 3519 2406 3555 alienationes
2421 3522 2494 3562 (sic)

1521 3569 1560 3601 31
1578 3568 1809 3610 proposuimus
1825 3568 1945 3601 seclusi
1960 3566 1973 3611 11
1989 3569 2033 3602 34
2046 3564 2155 3606 Quod]
2167 3565 2218 3603 Q·
2238 3565 2351 3607 (Quin,
2367 3573 2403 3599 ut
2413 3568 2493 3602 vid.)
