2612 4016
192 151 250 182 ΕΤ
278 150 575 184 AEGYPTIACIS
603 151 855 184 PRovmcns
1255 137 1339 185 789

1160 274 1315 311 CAPUT
1339 274 1453 311 XVII.

323 337 469 382 Ἐπειδὴ
502 338 541 374 δὲ
563 340 630 375 τὸν
655 342 862 388 Μαρεώτην
886 338 1127 386 ὑπεθήκαμεν
1151 343 1205 386 τῷ
1231 344 1352 386 Λιβυκ

191 385 251 418 ἐπὶ
276 382 481 428 δημοτικαῖς
505 384 678 420 στάσεσιν
703 387 957 431 ἁλισκομένους
981 386 1127 434 φεύγειν
1152 389 1263 421 ἐκεῖσε
1288 355 1611 431 διαδλδράσκοντας
1633 385 1697 421 τὰς
1722 388 1943 432 ἐπαγομένας
1968 384 2086 421 αὐτοῖς
2111 401 2209 431 παρα
2234 400 2298 421 του
2319 400 2416 431 περι-

189 428 347 473 βλέπτου
379 427 637 475 αὐγουσταλίου
667 431 807 472 ποινάς,
840 433 1066 476 θεσπίζομεν
1097 430 1225 466 ἄδειαν
1254 432 1346 466 εἶναι
1377 433 1430 474 τῷ
1464 431 1556 466 κατὰ
1581 431 1706 478 καιρὸν
1730 430 1961 477 περιβλέπτῳ
1986 431 2232 479 αὖγουσταλίῳ
2258 430 2417 466 στέλλειν

190 476 301 508 ἐκεῖσε
330 475 389 509 ἐπὶ
421 474 536 523 ταίτῃ
569 479 627 509 καὶ
659 476 753 523 μόνῃ
777 478 822 523 τῇ
849 477 948 520 αἰτίᾳ
971 477 1283 522 κομμενταρήσιον
1300 475 1391 520 μετὰ
1418 475 1588 520 δημοσίας
1611 476 1800 520 ἐπιστολῆς
1823 478 2015 523 γινόμενον
2040 477 2127 523 πρὸς
2150 478 2218 511 τὸν
2242 477 2417 521 έφέξοντα

189 517 264 553 τὸν·
285 517 400 554 τόπον
429 521 492 554 τοῦ
520 520 777 566 λαμπροτάτου
809 520 980 566 ἄρχοντος
1002 523 1065 566 τῆς
1090 522 1246 566 Λιβύων
1271 524 1340 556 ἐπα
1363 525 1451 564 χίας,
1476 519 1572 555 α’)’στε
1589 525 1648 555 καὶ
1673 525 1832 564 συνέχειν
1852 520 1979 556 αὐτοὺς
2002 526 2062 557 καὶ
2087 520 2331 566 παραδιδόναι
2355 519 2415 555 διὰ

189 565 267 598 τῶν
298 561 356 610 ὑφ’
390 565 523 600 ἑαυτὸν
554 566 752 606 ταξεωτιῦν
782 579 822 600 τε
845 570 905 600 καὶ
930 569 1178 612 στρατιωτῶν,
1204 568 1263 601 ἵνα
1285 580 1334 610 μη
1361 570 1409 600 εἰς
1432 567 1509 600 τῶν
1532 564 1721 608 δημοσίους
1746 566 1925 611 θορύβους
1945 568 2038 601 κατὰ
2063 567 2131 610 τὴν
2152 565 2416 612 Ἀλεξανδρέων

189 607 398 644 ποιούντων
427 613 539 645 ἐκεῖσε
571 609 821 656 διαδιδράσκοι
854 615 913 644 καὶ
937 611 1001 646 τὰς
1024 614 1087 646 τοῦ
1112 611 1354 656 περιβλέπτου
1380 610 1639 657 αὖγουσταλίου
1663 610 1849 658 διαφεύγει
1874 611 2010 653 ποινάς,
2036 627 2063 647 π
2088 613 2126 646 ὸς
2150 614 2204 655 τῷ
2228 615 2288 646 καὶ
2313 608 2413 654 αὐτῷ

188 655 241 696 τῷ
274 657 347 689 τοῖς
380 656 492 689 ἐκεῖσε
517 659 659 702 μέρεσιν
685 657 863 702 ἐφεστῶτι
888 654 1015 690 ἄδειαν
1040 657 1134 691 εἶναι
1157 657 1194 690 εἴ
1211 668 1313 691 τινας
1336 653 1432 701 εὕροι
1455 655 1648 700 τοιούτους,
1669 660 1729 690 καὶ
1754 659 1913 698 συνέχειν
1937 660 1995 690 καὶ
2020 670 2060 691 κο
2085 657 2186 699 α’ζειν
2209 661 2269 691 καὶ
2292 657 2414 691 κοινοῦ

188 699 257 741 τὴν
288 702 411 745 χεῖραν
442 699 656 746 έλευθεροίν
684 699 822 737 αὐτούς.
871 702 930 736 ἐπὶ
964 701 1104 736 τούτοις
1132 705 1255 736 τοίνυν
1286 701 1355 744 τὴν
1385 701 1574 755 εἰρημένην
1606 698 1719 756 άρχην
1750 699 1918 746 ὁρίζομεν
1949 705 2008 735 καὶ
2041 703 2266 744 συνιστῶμεν
2297 704 2415 736 ταῦτα

189 743 409 791 πράξουσαν,
440 742 533 792 ὅπερ
561 748 601 780 ἐν
627 745 723 790 τῷδε
751 747 806 789 τῷ
831 746 931 790 νόμῳ
956 744 1194 791 διωρίσαμεν·
1219 749 1322 780 ἔσται
1341 746 1409 792 γὰρ
1433 743 1546 780 ου’τως
1568 748 1628 779 καὶ
1653 746 1828 790 αυτάρκης
1852 745 1872 788 ἡ
1898 750 2044 791 φροντὶς
2066 748 2119 790 τῷ
2145 747 2331 793 πράγματι
2356 750 2415 780 καὶ

189 788 428 846 πανταχόθεν
450 789 734 837 περιεσταλμένη
757 794 817 825 καὶ
841 789 1132 837 διευκρινηθεῖσα
1156 795 1216 825 καὶ
1243 789 1423 836 μηδεμίαν
1440 793 1644 835 παρέχουσα
1662 793 1734 825 τοῖς
1748 789 1977 835 βουλομένοις
1993 792 2192 838 συγχύσεως
2208 795 2268 826 καὶ
2284 790 2418 834 κλοπῆς

189 848 366 880 αφορμην.

1155 903 1311 939 CAPUT
1335 903 1467 940 XVIII.

321 967 519 1005 Ἐντεῦθεν
541 968 633 1015 ἡμᾶς
648 969 782 1014 καλεῖῆ
800 971 863 1005 τοῦ
884 985 900 1002 νε
914 985 930 1002 ιι
945 985 961 1002 ιι
974 971 1140 1015 Λιβυκοῦ
1158 970 1299 1015 λιμιτοῦ
1318 974 1474 1016 φροντίς,
1500 966 1613 1015 όνπερ
1631 971 1690 1006 ἐπὶ
1707 972 1773 1006 τοῦ
1790 974 2019 1016 Παραιτονίου
2036 970 2274 1016 ἱδρυσάμεθα,
2296 968 2419 1005 δόντες

190 1011 290 1058 αὐτῷ
323 1019 383 1048 καὶ
414 1016 682 1060 στρατιωτικὴν
712 1019 812 1060 χεῖρα
837 1018 915 1051 τῶν
939 1015 1016 1050 κατ’
1045 1017 1162 1051 ἐκεῖνα
1186 1014 1388 1061 βαρβάρων
1413 1014 1604 1060 ἄρχουσαν.
1651 1015 1862 1060 βουλόμεθα
1886 1015 1956 1064 γὰρ
1980 1021 2039 1050 καὶ
2063 1016 2131 1051 τὸν
2155 1016 2295 1059 Λιβύης
2319 1019 2416 1062 περί-

187 1059 348 1103 βλεπτον
379 1059 492 1094 δοῦκα
526 1059 702 1107 ἱδρῦσθαι
732 1063 799 1105 μὲν
830 1058 878 1095 ὠς
908 1061 1045 1107 εἴρηται
1077 1061 1170 1095 κατὰ
1199 1061 1241 1095 τὸ
1267 1060 1501 1107 Παρατόνιον
1532 1064 1593 1095 καὶ
1623 1061 1684 1095 τὰς
1704 1058 1993 1107 ὑποτεταγμένας
2018 1059 2117 1095 αὐτῶ
2143 1061 2273 1103 πόλεις,
2299 1063 2337 1094 ἐν
2363 1059 2415 1094 αἶς

188 1107 335 1139 ἔσονται
364 1105 446 1161 (pi)
475 1103 535 1141 ὑπ’
568 1103 683 1140 αὐτὸν
714 1108 940 1152 στρατιῶται
962 1109 1040 1141 ταῖς
1065 1103 1172 1140 αὐτοῦ
1193 1105 1394 1140 κελεύσεσιν
1418 1104 1718 1152 ὑπηρετούμενοι·
1742 1106 1897 1152 λήψεται
1922 1105 1961 1141 δὲ
1984 1110 2043 1141 καὶ
2066 1095 2171 1141 αῧτὸς
2194 1106 2257 1142 τὰς
2280 1104 2415 1151 ἀφωρι-

189 1153 321 1194 σμένας
352 1152 454 1193 αυτῷ
485 1149 651 1195 σιτήσεις,
680 1150 771 1196 ὑπὲρ
801 1153 868 1194 μὲν
899 1153 978 1186 τῶν
1009 1153 1049 1186 ἐν
1077 1149 1163 1185 εἴδει
1195 1150 1365 1186 άννόνων
1396 1151 1614 1195 ἐνενήκοντα
1645 1155 1705 1185 καὶ
1729 1155 1896 1186 καπίτων
1920 1152 2051 1186 ἑκατὸν
2075 1152 2186 1186 εἴκοσι
2210 1155 2416 1196 νομίσματα

188 1194 284 1238 χίλια
317 1198 427 1230 πέντε
454 1198 641 1241 τέταρτον,
674 1194 765 1242 ὑπὲρ
798 1195 838 1231 δὲ
868 1198 946 1231 τῶν
979 1198 1019 1231 ἐν
1048 1197 1167 1242 χρυσῷ
1200 1196 1369 1231 ἅννόνων
1400 1195 1630 1239 πεντήκοντα
1660 1200 1721 1230 καὶ
1750 1201 1918 1231 καπίτων
1949 1196 2177 1240 πεντήκοντα
2208 1201 2415 1241 νομίσματα

188 1239 414 1285 τετρακόσια,
440 1244 498 1275 καὶ
523 1240 591 1287 πρί
597 1252 611 1275 ς
634 1255 674 1288 γε
698 1239 719 1284 ἦ
746 1242 948 1285 πειθομένη
973 1239 1071 1282 τόξις
1096 1238 1193 1285 αἰτῷ
1218 1246 1425 1286 νομίσματα
1449 1242 1531 1287 ρπζ’
1556 1238 1675 1285 ἥμισυ,
1700 1245 1759 1275 καὶ
1776 1242 1812 1276 οἱ
1826 1244 2053 1288 στρατιῶταί
2066 1255 2106 1288 γε
2120 1243 2205 1287 μήν,
2228 1244 2415 1276 τουτέστιν

189 1285 224 1319 οἱ
255 1287 293 1319 ἐκ
329 1287 405 1320 τῶν
440 1287 619 1330 Λιβυκῶν
653 1284 919 1322 Ἰουστινιαναῖν
955 1291 1015 1321 καὶ
1049 1288 1316 1332 Παρατονιτιῦν
1349 1285 1618 1322 Ἰουστινιανιῦν
1652 1285 1852 1333 ταγμάτων
1883 1287 2008 1333 (idm)
2042 1285 2062 1320 ά
2096 1290 2308 1333 ωρισμένων
2344 1289 2415 1321 τοῖς

190 1332 384 1377 εἰρημένοις
418 1331 554 1375 τόποις,
591 1331 653 1366 τὰς
687 1333 816 1367 οἰκείας
849 1332 1005 1375 σιτήσεις
1041 1331 1214 1377 καθάπερ
1250 1329 1368 1367 αὐτοῖς
1401 1328 1509 1376 ὥρισε
1539 1331 1581 1366 τὸ
1614 1330 1791 1376 δημόσιον
1823 1330 2022 1376 λήψονται·
2084 1332 2168 1375 ήλον
2198 1331 2238 1366 δὲ
2266 1328 2324 1366 ὅτι
2356 1334 2416 1364 καὶ

190 1374 340 1410 ἅπαντα
360 1376 406 1410 τὰ
433 1376 603 1421 σολέμνια
629 1376 673 1412 τὰ
700 1379 739 1412 ἐν
763 1380 840 1412 ταῖς
863 1377 990 1413 πόλεσι
1013 1380 1090 1412 ταῖς
1115 1375 1224 1412 αὐτοῦ
1259 1375 1521 1421 ἐπιδοθήσεται
1546 1377 1718 1422 καθάπερ
1743 1381 1802 1411 καὶ
1824 1381 1926 1423 μέχρι
1950 1379 2018 1412 νῦν
2041 1376 2237 1412 ἐπεδίδοτο.
2285 1374 2416 1420 ὁμοίως

189 1423 210 1457 1
257 1419 297 1455 δὲ
320 1424 380 1455 καὶ
404 1419 422 1455 ὁ
448 1421 637 1468 ἐπιχώριος
660 1421 784 1467 ἄρχων
808 1427 868 1456 καὶ
890 1421 912 1467 ἦ
934 1423 1136 1467 πειθομένη
1155 1423 1255 1464 τάξις
1280 1421 1379 1465 αὐτῷ
1405 1423 1470 1457 τὰς
1492 1423 1622 1456 οἰκείας
1642 1422 1761 1463 ἕξουσι
1785 1421 1947 1467 σιτήσεις.
1995 1420 2071 1456 ἀλλ’
2098 1420 2292 1468 ἐπειδήπερ
2315 1421 2417 1455 εἴτις

190 1463 339 1502 ἅπασαν
355 1465 493 1510 ταύτην
509 1467 755 1514 συλλογίσεται
771 1468 839 1510 τὴν
864 1466 1042 1511 δαπάνην,
1064 1465 1129 1502 οὐκ
1152 1466 1198 1503 ἂν
1223 1466 1401 1513 αὐτάρκης
1424 1468 1476 1523 εἴη
1499 1465 1522 1510 ἡ
1546 1469 1585 1501 ἐκ
1608 1469 1686 1501 τῶν
1709 1466 1839 1502 τόπων
1862 1469 1940 1503 τῶν
1964 1465 2023 1503 ὑπ’
2049 1467 2163 1502 αὐτὸν
2185 1469 2417 1513 τεταγμένων

189 1510 268 1555 ἤτοι
300 1512 363 1554 τῆς
384 1509 541 1556 Λιβίων
574 1514 744 1556 ἐπαρχίας
775 1512 970 1558 εἰσκομιδή,
1004 1511 1064 1547 διὰ
1089 1514 1198 1547 τοῦτο
1223 1510 1420 1559 ἀναγκαῖον
1445 1512 1624 1557 ῳήθημεν
1646 1513 1868 1557 προσθεῖναι
1892 1511 1990 1555 αὐτῷ
2017 1516 2075 1547 καὶ
2099 1514 2166 1547 τὸν
2189 1512 2413 1555 καλούμενον

191 1556 395 1602 Μαρεώτην
419 1560 478 1590 καὶ
502 1558 570 1592 τὸν
595 1557 823 1600 Μενελαΐτην
838 1558 954 1604 (τὴν)
969 1557 1079 1593 πόλιν
1103 1554 1178 1601 ἥτις
1201 1559 1346 1603 πρώτης
1362 1559 1578 1604 Αἰγυπτίων
1602 1559 1774 1603 ἐπαρχίας
1798 1560 1908 1593 ἐστίν.
1948 1555 2032 1592 οὐδὲ
2053 1558 2120 1604 γὰρ
2144 1556 2259 1592 ἄλλως
2282 1557 2417 1600 ἰσχύσει

189 1605 262 1637 τοῖς
293 1601 534 1647 στρατιώταις
563 1606 636 1637 τοῖς
669 1602 728 1638 ὑπ’
764 1602 880 1638 αὐτὸν
909 1606 1139 1649 τεταγμένοις
1169 1607 1209 1637 ἐκ
1239 1605 1304 1638 τοῦ
1337 1601 1507 1648 δημοσίου
1532 1603 1819 1649 παρασκευάζειν
1838 1604 2084 1649 χορηγεῖσθαι,
2109 1603 2208 1648 εἴπερ
2232 1602 2417 1645 ἑτέρωθεν

189 1647 236 1681 τὰ
267 1648 328 1690 τῆς
361 1644 496 1682 δόσεως
528 1646 681 1693 ἢρτηται
712 1652 772 1683 καὶ
805 1645 863 1694 ὑφ’
890 1650 1014 1697 ἕτερον
1044 1647 1203 1693 ἄρχοντα
1234 1647 1362 1692 τελοίη,
1396 1653 1456 1683 καὶ
1485 1652 1610 1693 μυρίαι
1638 1649 1814 1682 ἐντεῦθεν
1845 1645 2115 1691 ἀναστήσονται
2148 1646 2334 1693 φροντίδες
2357 1650 2417 1680 καὶ

189 1696 344 1739 ταραχαὶ
375 1696 414 1726 ἐκ
444 1694 506 1736 τῆς
538 1691 709 1739 διαφορᾶς
738 1695 815 1728 τῶν
845 1691 1048 1740 ἀρχόντων.
1095 1691 1170 1727 ἀλλ’
1204 1690 1311 1728 αὐτὸς
1339 1696 1407 1738 μὲν
1439 1692 1536 1740 ἄρξει
1568 1694 1647 1727 τῶν
1674 1694 1872 1737 εἰρημένων
1896 1694 2037 1735 τόπων,
2063 1693 2170 1728 αὐτὸς
2193 1691 2234 1726 δὲ
2257 1691 2415 1734 κινδύνῳ

191 1738 310 1781 οἰκείῳ
335 1741 395 1772 καὶ
419 1735 440 1781 ἦ
465 1739 668 1782 πειθομένη
692 1739 729 1773 οἱ
750 1738 851 1780 τάξις
875 1742 936 1773 καὶ
959 1735 979 1773 ὁ
1005 1737 1188 1774 πολιτικὸς
1212 1738 1334 1784 ἄρχων
1357 1736 1435 1783 ἅμα
1458 1740 1503 1786 τῇ
1528 1739 1640 1781 οἰκεία
1662 1739 1761 1779 τάξει
1785 1742 1845 1772 καὶ
1869 1737 2101 1784 εἰσπράξουσι
2119 1741 2179 1771 καὶ
2196 1735 2416 1772 έπιδώσουσι

191 1782 233 1817 τὸ
267 1782 515 1829 συναγόμενον
545 1787 619 1818 τοῖς
649 1797 689 1818 τε
720 1783 960 1830 στρατιώταις
990 1787 1050 1818 καὶ
1082 1784 1228 1825 ἑαυτοῖς,
1262 1780 1357 1818 ὥστε
1388 1786 1447 1817 καὶ
1471 1783 1537 1818 τὰς
1561 1782 1724 1818 δαπάνας
1747 1780 1870 1818 αὐτῶν
1894 1783 2042 1818 καὶτὰς
2065 1782 2222 1826 σιτήσεις
2246 1782 2419 1817 ἐντεῦθεν

189 1829 363 1873 γίνεσθαι
385 1828 504 1871 οἰκείῳ
529 1825 686 1872 κινδύνῳ
711 1829 774 1872 τῆς
794 1829 1013 1874 εἰσπράξεως
1034 1824 1158 1863 αὐτῶν
1180 1831 1378 1875 γινομένης.

323 1972 440 2007 XVII.
477 1971 656 2015 Quoniam
681 1983 765 2008 vero
779 1971 983 2008 Mareotam
1007 1972 1144 2018 Libyco
1169 1972 1304 2008 tractui
1322 1971 1550 2013 subiecimus,
1574 1976 1609 2007 et
1619 1971 1702 2017 fieri
1715 1973 1837 2024 potest
1851 1974 1892 2007 ut
1905 1971 2074 2007 nonnulli
2087 1982 2137 2008 ex
2148 1971 2419 2008 Alexandrino-

190 2029 271 2053 rum
296 2017 382 2052 urbe
405 2017 444 2051 in
463 2017 705 2064 popularibus
726 2017 964 2052 seditionibus
987 2016 1203 2068 deprehensi
1223 2017 1310 2051 illuc
1332 2017 1487 2061 fuqiant
1508 2016 1632 2052 illatas
1656 2016 1721 2051 sibi
1743 2027 1766 2051 a
1788 2016 1976 2061 spectabili
1987 2017 2335 2062 Auqustalipoenas
2350 2018 2420 2052 evi-

193 2066 319 2105 tantes,
334 2062 516 2097 sancimus
531 2062 637 2097 licere
651 2061 842 2107 spectabili
849 2061 1042 2106 Auqustali
1059 2062 1125 2112 qui
1142 2071 1286 2106 quoque
1305 2064 1463 2106 tempore
1479 2064 1533 2096 est
1544 2061 1683 2096 mittere
1695 2060 1782 2095 illuc
1793 2060 1837 2094 ob
1850 2059 1944 2096 hanc
1956 2071 2104 2095 causam
2116 2061 2231 2097 solam
2244 2072 2419 2097 commen-

194 2108 384 2144 tariensem
408 2117 487 2142 cum
508 2106 636 2143 litteris
651 2106 808 2152 publicis
831 2105 881 2140 ad
903 2116 982 2141 eum
1005 2116 1068 2157 qui
1093 2105 1284 2140 clarissimi
1301 2104 1487 2150 praesidis
1502 2105 1720 2150 provinciae
1743 2104 1900 2150 Libycae
1923 2104 2040 2140 locum
2066 2106 2248 2153 obtinebit,
2273 2110 2312 2140 ut
2335 2106 2418 2141 illos

192 2157 227 2189 et
251 2151 533 2198 comprehendat
562 2155 597 2187 et
619 2162 688 2197 per
711 2150 892 2196 officiales
916 2154 952 2185 et
974 2150 1103 2185 milites
1125 2149 1194 2185 sibi
1215 2149 1395 2185 subiectos
1419 2148 1552 2191 tradat,
1583 2159 1628 2183 ne
1651 2149 1734 2195 quis
1757 2159 1881 2184 eorum
1904 2149 1968 2194 qui
1989 2149 2157 2195 publicos
2183 2150 2356 2185 tumultus
2378 2151 2416 2185 in

192 2197 529 2233 Alexandrinorum
560 2196 648 2232 urbe
679 2195 854 2231 moverint
883 2194 969 2230 illuc
1004 2194 1178 2241 aufuqiat
1211 2198 1246 2229 et
1273 2204 1416 2240 poenas
1449 2193 1657 2239 spectabilis
1686 2193 1900 2239 Auqustalis
1933 2193 2125 2230 detrectet:
2156 2199 2417 2241 praeterquam

193 2243 293 2289 quod
324 2243 356 2277 ei
415 2242 452 2276 ui
484 2242 563 2277 istis
591 2241 760 2287 partibus
788 2243 934 2286 praeest
961 2240 1035 2286 ipsi
1059 2250 1204 2285 quoque
1227 2238 1347 2274 licebit
1367 2239 1400 2273 si
1423 2249 1515 2284 quos
1534 2238 1624 2274 tales
1647 2239 1823 2275 invenerit
1845 2242 1879 2273 et
1903 2238 2205 2285 comprehendere
2227 2245 2263 2275 et
2282 2241 2417 2286 punire

196 2303 211 2320 ι
229 2303 245 2319 ‹-
263 2302 279 2319 οι
297 2302 313 2318 α
340 2253 411 2322 Ac?
422 2287 509 2322 haec
533 2287 647 2332 iqitur
670 2285 766 2321 hunc
787 2285 1040 2331 maqistratum
1063 2284 1252 2329 definimus
1274 2289 1310 2319 et
1333 2284 1592 2325 constituimus,
1625 2287 1665 2319 ut
1687 2294 1782 2329 quae
1805 2283 1874 2318 hac
1896 2283 1975 2330 leqe
1998 2283 2252 2331 descripsimus
2274 2285 2417 2330 faciat;

192 2334 245 2369 sic
268 2333 362 2369 enim
385 2338 419 2368 et
443 2332 633 2383 sufficiens
658 2342 746 2366 cura
770 2331 840 2366 erit
862 2330 916 2365 rei
939 2333 975 2365 et
997 2329 1156 2375 undique
1180 2329 1380 2375 composita
1403 2334 1438 2363 et
1462 2328 1646 2370 distincta,
1670 2328 1879 2373 nullamque
1902 2329 2129 2374 confusionis
2149 2334 2183 2365 et
2197 2330 2296 2374 furti
2311 2341 2417 2366 occa·

192 2379 330 2414 sionem
353 2377 405 2414 eis
454 2388 490 2412 ut
516 2377 555 2412 id
574 2376 753 2412 voluerint
769 2374 956 2422 praebens.

328 2422 431 2458 XVII
452 2448 460 2456 .
500 2421 596 2457 Hinc
612 2432 680 2457 nos
698 2424 801 2457 vocat
820 2418 1062 2466 ducis-libyci
1079 2418 1201 2454 limitis
1216 2429 1317 2461 cura,
1341 2429 1446 2465 quem
1462 2418 1564 2464 apud
1576 2417 1815 2452 Paratonium
1834 2417 2102 2460 collocavimus,
2118 2419 2246 2454 dantes
2260 2419 2295 2455 ei
2310 2420 2416 2455 etiam

194 2469 385 2504 militarem
416 2478 562 2502 manum
593 2466 770 2502 barbaros
801 2466 863 2511 qui
894 2464 969 2500 illic
1001 2468 1086 2499 sunt
1114 2468 1346 2500 coercentem.
1402 2462 1577 2499 Volumus
1609 2462 1701 2497 enim
1733 2462 1840 2497 etiam
1870 2462 2100 2509 spectabilem
2123 2462 2261 2508 Libyae
2291 2463 2416 2500 ducem

194 2514 317 2549 sedere
350 2512 491 2558 quidem
524 2516 565 2547 ut
596 2511 728 2547 dictum
760 2515 814 2546 est
837 2509 938 2557 apud
960 2508 1202 2545 Paratonium
1225 2513 1260 2544 et
1282 2508 1388 2544 urbes
1411 2508 1444 2543 ei
1467 2507 1657 2549 subiectas,
1681 2507 1719 2541 in
1768 2507 1872 2543 uibus
1895 2511 2002 2543 erunt
2024 2508 2154 2543 milites
2177 2508 2240 2543 sub
2264 2519 2307 2544 eo
2333 2520 2416 2544 con-

194 2558 314 2595 stituti
342 2558 449 2593 iussis
479 2557 557 2592 eius
588 2557 818 2602 obsequentes
826 2567 840 2596 ;
869 2555 1024 2606 accipiet
1054 2557 1173 2590 autem
1202 2554 1280 2600 ipse
1309 2563 1453 2599 quoque
1484 2562 1651 2603 annonas
1680 2552 1714 2587 ei
1762 2556 1940 2598 eputatas,
1959 2563 2035 2598 pro
2058 2554 2214 2588 annonis
2237 2554 2274 2588 in
2297 2555 2417 2600 specie

195 2603 398 2648 nonaqinta
429 2604 464 2637 et
494 2601 674 2648 capitibus
697 2606 837 2636 centum
861 2603 896 2635 et
919 2610 951 2634 vi
980 2599 1046 2634 inti
1066 2609 1197 2634 aureos
1219 2602 1422 2644 nonqentos
1448 2600 1611 2642 trzqznta,
1637 2607 1711 2643 pro
1735 2597 1891 2632 annonis
1913 2597 1952 2631 in
1975 2608 2066 2632 auro
2090 2599 2357 2643 quinquaqinta
2382 2603 2417 2635 et

195 2648 373 2694 capitibus
403 2646 671 2692 quinquaqinta
701 2655 834 2680 aureos
865 2610 1162 2690 quadZinqentos,
1192 2647 1227 2679 et
1253 2644 1402 2689 insuper
1431 2642 1479 2687 of
1502 2642 1595 2676 cium
1626 2642 1703 2677 eius
1729 2652 1861 2676 aureos
1886 2641 2141 2678 CLXXXVII
2160 2643 2358 2684 dimidium,
2382 2647 2417 2679 et

196 2694 325 2729 milites
358 2702 511 2738 quoque,
544 2691 583 2726 id
613 2694 667 2726 est
694 2690 757 2736 qui
788 2700 837 2724 ex
860 2688 1005 2736 Libycis
1028 2687 1244 2723 Iustinianis
1274 2692 1362 2723 sunt
1392 2692 1426 2723 et
1484 2687 1676 2721 aratonitis
1700 2685 1913 2721 Iustinianis
1936 2687 1986 2722 ad
2007 2687 2098 2723 haec
2118 2687 2200 2723 loca
2224 2688 2417 2734 deputatis,

195 2748 362 2774 annonas
384 2746 472 2772 suas
495 2735 790 2781 quemadmodum
810 2734 922 2779 fiscus
944 2734 996 2769 eis
1019 2733 1178 2778 desinivit
1199 2732 1384 2778 accipient.
1422 2731 1668 2782 Manifestum·
1683 2742 1767 2782 cero
1792 2735 1846 2767 est
1868 2732 1988 2766 omnia
2010 2732 2201 2768 sollemnia
2217 2733 2253 2768 in
2270 2733 2417 2769 urbibus

196 2784 229 2820 ei
249 2782 418 2819 subiectis
440 2781 564 2817 datum
588 2781 647 2822 iri,
672 2778 970 2826 quemadmodum
994 2779 1102 2814 etiam
1126 2777 1308 2813 hactenus·
1323 2776 1410 2812 data
1434 2780 1528 2811 sunt.
1578 2775 1753 2811 Similiter
1776 2780 1894 2811 autem
1919 2777 2026 2811 etiam
2044 2777 2285 2823 provincialis
2303 2778 2416 2814 iudex

195 2831 217 2865 1
264 2832 298 2864 et
322 2827 486 2872 officium
510 2826 542 2861 ei
564 2825 814 2870 obtemperans
830 2824 1011 2870 proprias
1034 2833 1200 2858 annonas
1223 2822 1411 2858 habebunt.
1449 2820 1581 2855 Verum
1605 2821 1776 2866 quoniam
1796 2821 1832 2856 si
1853 2821 1935 2866 quis
1958 2832 2080 2857 omnes
2103 2821 2211 2858 hasce
2234 2823 2416 2869 impensas

198 2876 378 2919 computet
408 2882 482 2906 non
512 2871 701 2916 sufficiens
731 2869 800 2905 erit
830 2879 880 2904 ex
911 2868 1000 2903 locis
1031 2867 1102 2914 ipsi
1124 2866 1293 2903 subiectis
1314 2867 1388 2902 sive
1412 2876 1461 2902 ex
1483 2864 1636 2910 Libyam
1655 2865 1851 2911 provincia
1872 2866 2001 2909 illatio,
2025 2866 2160 2902 idcirco
2175 2868 2416 2903 necessarium

197 2918 370 2952 duximus
400 2916 543 2950 adicere
574 2916 607 2949 ei
630 2919 665 2949 et
688 2913 892 2948 Mareotam
913 2923 1016 2958 quem
1047 2916 1178 2947 vocant
1201 2916 1238 2947 et
1259 2910 1490 2947 Menelaitam
1514 2909 1636 2944 urbem
1660 2920 1754 2955 quae
1776 2915 1829 2946 est
1850 2911 1992 2956 primae
2015 2913 2174 2958 Aeqypti
2188 2914 2415 2959 provinciae.

198 2962 325 3007 Neque
355 2960 447 2995 enim
478 2960 584 2994 aliter
643 2960 750 2993 oterit
775 2958 923 3002 efficere
951 2961 991 2992 ut
1020 2956 1191 2992 militibus
1220 2957 1286 2993 sub
1317 2966 1359 2991 eo
1392 2954 1597 2990 constitutis
1628 2965 1648 2990 e
1675 2955 1766 2998 fisco
1797 2967 1943 2991 annona
1960 2963 2183 3002 praestetur,
2216 2958 2249 2992 si
2271 2957 2418 2993 aliunde

199 3006 300 3041 datio
326 3003 486 3049 pendeat
518 3007 553 3038 et
580 3014 602 3038 a
619 3003 645 3038 ii
675 3002 785 3037 iudici
817 3004 1009 3047 competat,
1040 3004 1076 3037 et
1105 3000 1383 3036 innumerabiles
1412 2999 1496 3035 inde
1526 2999 1738 3035 exorientur
1767 3000 2030 3036 sollicitudines
2057 3006 2095 3036 et
2117 3003 2243 3038 turbae
2260 3007 2419 3048 propter

199 3049 386 3085 dissidium
415 3047 583 3082 iudicum.
641 3046 771 3082 Verum
802 3047 881 3092 ipse
913 3046 1001 3081 locis
1024 3056 1118 3091 quae
1141 3045 1301 3082 diximus
1318 3045 1494 3091 praeerit,
1518 3044 1596 3089 ipse
1612 3045 1773 3091 proprio
1795 3045 1960 3090 periculo
1981 3049 2016 3080 et
2039 3046 2204 3091 officium
2228 3047 2262 3082 ei
2279 3057 2420 3093 parens

199 3099 234 3130 et
266 3094 379 3129 civilis
410 3092 524 3128 iudex
554 3103 628 3127 una
660 3102 739 3126 cum
768 3102 835 3126 suo
865 3091 992 3136 officio
1023 3094 1060 3126 et
1084 3091 1234 3136 exiqent
1262 3094 1298 3127 et
1327 3089 1542 3124 distribuent
1572 3089 1673 3140 quod
1703 3089 1890 3135 colliqitur
1924 3090 2095 3126 militibus
2123 3095 2157 3127 et
2189 3091 2275 3133 sibi,
2311 3096 2353 3127 ut
2384 3095 2420 3126 et

2045 139 2121 184 Ed.
2141 140 2247 183 XIII
2281 142 2344 183 17.
2369 141 2418 182 18

1409 341 1564 386 κλίματι,
1588 344 1648 376 καὶ
1672 341 1764 376 εἰκός
1787 353 1889 376 τινας
1912 343 1987 376 τῶν
2010 343 2048 376 ἐκ
2070 343 2133 385 τῆς
2154 339 2419 395 Ἀλεξανδρέων

199 3144 364 3186 sumptus
386 3148 510 3174 eorum
534 3141 570 3172 et
593 3146 759 3171 annonae
780 3135 864 3170 hinc
885 3139 1076 3171 sumantur
1097 3136 1251 3182 proprio
1274 3134 1439 3182 periculo
1461 3139 1652 3169 eaeactzone
1675 3144 1797 3169 eorum
1819 3135 1935 3179 facta.

249 3286 265 3319 1
292 3281 424 3325 λυβικῶ
440 3282 486 3315 Μ
495 3281 506 3324 ΙΙ
526 3283 545 3315 2
571 3277 855 3324 διαδράσκοντας
870 3280 913 3313 M
924 3279 937 3323 ΙΙ
957 3282 977 3314 4
1001 3277 1281 3333 κομενταρησιον

204 3330 247 3363 Μ
261 3328 273 3372 ΙΙ
288 3329 475 3372 γινομένης
491 3327 678 3359 Zachariae
694 3327 706 3369 ss
725 3329 742 3359 7
762 3323 946 3370 διαφεύγει
964 3325 1032 3368 Mn
1050 3337 1077 3358 π
1102 3323 1140 3358 ὁς
1163 3337 1204 3358 το
1222 3326 1281 3357 καὶ

203 3370 292 3406 αὐτὸ
306 3374 354 3413 Μ,
369 3385 451 3405 corr.
462 3371 626 3414 Scrimqer
643 3371 655 3414 ΙΙ
674 3372 692 3405 8
710 3370 838 3403 κοινῶς
853 3366 923 3412 τὴν
937 3369 1060 3415 χώραν
1104 3371 1279 3407 achariae3

203 3421 242 3452 de
260 3419 394 3450 ἐκείνου
411 3414 478 3457 τὴν
495 3418 617 3460 χρείαν
635 3414 797 3459 πληροῦν
813 3418 934 3467 coyifat
951 3416 1090 3448 Skutsch
1103 3413 1115 3459 Η
1129 3417 1148 3448 9
1162 3411 1281 3447 αὐτοῖς

1099 3459 1107 3468 x

204 3465 270 3498 Ma
283 3470 317 3496 ut
329 3463 394 3495 vid.
414 3461 426 3502 ΙΙ
446 3463 486 3494 13
499 3462 709 3504 supplendum
724 3462 865 3494 existimo
879 3472 900 3501 η
911 3460 974 3493 τοῦ
988 3457 1130 3504 (δουκος
1142 3460 1206 3493 τοῦ
1221 3460 1280 3493 ἐπὶ

203 3507 294 3551 τοῦ),
319 3507 465 3540 similiter
481 3504 666 3539 Zachariae
684 3505 696 3549 ss
712 3503 857 3547 λυβικοῦ
874 3506 913 3537 Μ
929 3504 941 3547 ΙΙ
963 3506 1001 3538 16
1027 3503 1063 3538 οἱ
1074 3506 1191 3538 addidi
1205 3505 1217 3549 ss
1240 3506 1278 3538 18

205 3565 353 3587 numerus
377 3558 562 3593 corruptum
590 3547 672 3597 ‘1123'
699 3558 798 3583 ortum
819 3558 899 3594 puto
925 3562 941 3582 c
964 3547 1058 3592 Ἷολί,
1091 3557 1126 3583 ut
1149 3562 1280 3582 annona

207 3600 356 3641 quinque,
381 3598 507 3639 capitas
531 3603 681 3638 quattuor
705 3597 747 3628 sit
771 3607 938 3629 aureorum
962 3595 1017 3638 (cf.
1041 3596 1118 3629 Cod.
1135 3595 1224 3636 127,
1245 3596 1278 3635 1).

206 3640 303 3683 χίλια
336 3643 445 3675 πέντε
476 3638 673 3684 τριάκοντα
705 3641 777 3682 (sic)
801 3640 989 3673 Zachariae
1019 3652 1179 3673 annonam
1203 3640 1278 3683 5¹l2‚

209 3689 347 3730 capitum
370 3685 436 3728 4¹l2
463 3698 630 3719 aureorum
646 3687 757 3729 fuisse
781 3692 872 3718 ratus
890 3684 903 3728 ΙΙ
918 3686 1064 3728 sortasse
1074 3686 1147 3728 suit
1170 3680 1279 3718 ἆννό-

1349 3291 1428 3312 νων
1451 3276 1720 3322 τεσσαράκοντα
1745 3287 1802 3312 aut
1819 3281 2026 3322 νομίσματα
2048 3277 2265 3324 τετρακόσια
2290 3282 2420 3325 πεντή-

1349 3335 1462 3357 κοντα
1494 3325 1506 3366 ΙΙ
1536 3325 1578 3357 20
1608 3324 1645 3356 ἐκ
1678 3319 1819 3357 τούτων
1844 3322 1982 3367 λιβύων
2006 3324 2116 3358 ἰουστ.
2138 3327 2198 3358 καὶ
2222 3325 2322 3372 παρά
2346 3339 2420 3362 τινι

1348 3369 1426 3401 τῶν
1449 3369 1499 3409 M,
1524 3381 1605 3402 corr.
1633 3367 1819 3403 Zachariae
1836 3369 1849 3412 ΙΙ
1864 3370 1942 3402 τῶν
1963 3369 2161 3414 ταγμάτων
2182 3371 2232 3412 M,
2256 3372 2333 3404 τῶν
2357 3374 2418 3406 del.

1351 3412 1548 3455 Zachariae,
1574 3421 1646 3447 ante
1671 3410 1787 3458 ἀφωρ.
1809 3415 1919 3458 posuit
1942 3414 2043 3448 Kroll
2058 3414 2070 3457 ΙΙ
2088 3413 2333 3459 ἀφωρισμέναι
2353 3419 2419 3451 Za-

1350 3460 1481 3492 chariae
1499 3458 1511 3501 ΙΙ
1529 3459 1571 3492 22
1592 3455 1716 3492 αὐτῶν
1740 3459 1791 3501 M,
1816 3471 1898 3492 corr.
1918 3457 2103 3493 Zachariae
2120 3460 2132 3503 ΙΙ
2151 3462 2192 3494 23
2218 3461 2421 3505 ἐπιχωρίοις

1350 3504 1396 3536 Μ
1406 3503 1418 3546 ΙΙ
1437 3504 1479 3537 26
1502 3501 1570 3537 τόν
1595 3504 1640 3536 M
1643 3506 1672 3543 α]
1698 3502 1764 3547 τὴν
1788 3504 1829 3537 M
1835 3502 1849 3524 ⁶
1873 3505 1960 3557 vulp.
1983 3504 1996 3547 ΙΙ
2019 3501 2086 3546 τὴν
2111 3507 2232 3539 inserui
2247 3505 2260 3550 ss
2277 3506 2421 3550 πρώτης

1350 3547 1548 3588 Zachariae]
1574 3547 1644 3592 πρὸ
1667 3549 1730 3590 τῆς
1755 3549 1798 3582 Μ
1819 3549 1831 3592 ss
1858 3548 2010 3590 ἰσχυσειε
2037 3550 2085 3589 M,
2110 3552 2237 3584 correxi
2259 3551 2272 3595 ΙΙ
2298 3553 2339 3586 28
2363 3565 2417 3585 τε-

1349 3592 1422 3634 λείη
1448 3593 1491 3626 Μ
1516 3592 1528 3636 ΙΙ
1560 3595 1621 3646 nat
1642 3596 1765 3639 μυρίαι
1787 3596 1883 3628 iterat
1907 3594 1952 3627 M
1977 3594 1988 3637 ΙΙ
2018 3595 2062 3628 30
2086 3592 2122 3627 οἱ
2145 3595 2261 3637 Kroll]
2288 3599 2344 3630 σοὶ
2369 3598 2418 3639 Μ,

1349 3636 1447 3680 αὐτῷ
1474 3636 1660 3672 Zachariae

2443 748 2483 780 10

2443 1064 2482 1097 15

2440 1289 2483 1321 20

2440 1514 2481 1546 25

2441 1739 2484 1771 30
