<?xml version="1.0" encoding="UTF-8"?>
<!DOCTYPE html PUBLIC "-//W3C//DTD XHTML 1.0 Transitional//EN"
    "http://www.w3.org/TR/xhtml1/DTD/xhtml1-transitional.dtd">
<html xmlns="http://www.w3.org/1999/xhtml" xml:lang="en" lang="en">
 <head>
  <title>
</title>
<meta http-equiv="Content-Type" content="text/html;charset=utf-8" />
  <meta name='ocr-system' content='tesseract 3.04.00' />
  <meta name='ocr-capabilities' content='ocr_page ocr_carea ocr_par ocr_line ocrx_word'/>
</head>
<body>
  <div class='ocr_page' id='page_1' title='image "./corpusiuriscivil03krueuoft_0069.png"; bbox 0 0 2618 4010; ppageno 0'>
   <div class='ocr_carea' id='block_1_1' title="bbox 165 147 2397 204">
    <p class='ocr_par' dir='ltr' id='par_1_1' title="bbox 165 147 2397 204">
     <span class='ocr_line' id='line_1_1' title="bbox 165 147 2397 204; baseline -0.003 -1"><span class='ocrx_word' id='word_1_1' title='bbox 165 173 227 204; x_wconf 71' lang='lat' dir='ltr'><strong>An</strong></span> <span class='ocrx_word' id='word_1_2' title='bbox 257 170 595 203; x_wconf 76' lang='lat' dir='ltr'><strong>ORDINATIONEM</strong></span> <span class='ocrx_word' id='word_1_3' title='bbox 622 168 793 201; x_wconf 69' lang='lat' dir='ltr'><strong>nuntior</strong></span> <span class='ocrx_word' id='word_1_4' title='bbox 1249 147 1305 199; x_wconf 75' lang='lat'><strong>39</strong></span> <span class='ocrx_word' id='word_1_5' title='bbox 2146 152 2255 197; x_wconf 89' lang='lat' dir='ltr'><strong>Nov.</strong></span> <span class='ocrx_word' id='word_1_6' title='bbox 2286 151 2343 196; x_wconf 89' lang='lat' dir='ltr'><strong>v1</strong></span> <span class='ocrx_word' id='word_1_7' title='bbox 2381 158 2397 196; x_wconf 79' lang='lat' dir='ltr'><strong>l</strong></span> 
     </span>
    </p>
   </div>
   <div class='ocr_carea' id='block_1_2' title="bbox 1083 214 1255 220">
    <p class='ocr_par' dir='ltr' id='par_1_2' title="bbox 1083 214 1255 220">
     <span class='ocr_line' id='line_1_2' title="bbox 1083 214 1255 220; baseline 0 0"><span class='ocrx_word' id='word_1_8' title='bbox 1083 214 1255 220; x_wconf 95' lang='lat' dir='ltr'><strong> </strong></span> 
     </span>
    </p>
   </div>
   <div class='ocr_carea' id='block_1_3' title="bbox 1257 213 1487 220">
    <p class='ocr_par' dir='ltr' id='par_1_3' title="bbox 1257 213 1487 220">
     <span class='ocr_line' id='line_1_3' title="bbox 1257 213 1487 220; baseline 0 3790"><span class='ocrx_word' id='word_1_9' title='bbox 1257 213 1487 220; x_wconf 95' lang='lat' dir='ltr'><strong> </strong></span> 
     </span>
    </p>
   </div>
   <div class='ocr_carea' id='block_1_4' title="bbox 127 264 2402 2179">
    <p class='ocr_par' dir='ltr' id='par_1_4' title="bbox 127 264 2401 953">
     <span class='ocr_line' id='line_1_4' title="bbox 163 264 2398 319; baseline -0.003 -12"><span class='ocrx_word' id='word_1_10' title='bbox 163 269 185 316; x_wconf 86' lang='grc' dir='ltr'><strong><em>ἢ</em></strong></span> <span class='ocrx_word' id='word_1_11' title='bbox 209 272 394 319; x_wconf 81' lang='grc' dir='ltr'><em>πράγμασι</em></span> <span class='ocrx_word' id='word_1_12' title='bbox 417 270 484 314; x_wconf 83' lang='grc' dir='ltr'><strong>τὴν</strong></span> <span class='ocrx_word' id='word_1_13' title='bbox 508 269 709 313; x_wconf 81' lang='grc' dir='ltr'><strong><em>ἐπισκοπὴν</em></strong></span> <span class='ocrx_word' id='word_1_14' title='bbox 733 268 1017 313; x_wconf 77' lang='grc' dir='ltr'><strong><em>ἐξωνησάμενος,</em></strong></span> <span class='ocrx_word' id='word_1_15' title='bbox 1050 266 1113 311; x_wconf 81' lang='grc' dir='ltr'><strong>ώς,</strong></span> <span class='ocrx_word' id='word_1_16' title='bbox 1146 269 1246 315; x_wconf 83' lang='grc' dir='ltr'><strong><em>εἴπερ</em></strong></span> <span class='ocrx_word' id='word_1_17' title='bbox 1315 272 1379 304; x_wconf 89' lang='lat' dir='ltr'><strong>aut</strong></span> <span class='ocrx_word' id='word_1_18' title='bbox 1402 268 1508 303; x_wconf 89' lang='lat' dir='ltr'><strong>rebus</strong></span> <span class='ocrx_word' id='word_1_19' title='bbox 1541 265 1664 302; x_wconf 80' lang='lat' dir='ltr'><strong>emerIt</strong></span> <span class='ocrx_word' id='word_1_20' title='bbox 1693 264 1956 311; x_wconf 83' lang='lat' dir='ltr'><strong>praesulatum,</strong></span> <span class='ocrx_word' id='word_1_21' title='bbox 1992 265 2094 311; x_wconf 89' lang='lat' dir='ltr'><strong>quia,</strong></span> <span class='ocrx_word' id='word_1_22' title='bbox 2132 265 2163 301; x_wconf 85' lang='lat' dir='ltr'><strong>si</strong></span> <span class='ocrx_word' id='word_1_23' title='bbox 2193 265 2294 310; x_wconf 87' lang='lat' dir='ltr'><strong>prius</strong></span> <span class='ocrx_word' id='word_1_24' title='bbox 2324 267 2398 301; x_wconf 84' lang='lat' dir='ltr'><strong>dia-</strong></span> 
     </span>
     <span class='ocr_line' id='line_1_5' title="bbox 163 311 2400 365; baseline -0.003 -13"><span class='ocrx_word' id='word_1_25' title='bbox 163 317 340 365; x_wconf 86' lang='grc' dir='ltr'><strong><em>πρότερον</em></strong></span> <span class='ocrx_word' id='word_1_26' title='bbox 363 315 525 351; x_wconf 85' lang='grc' dir='ltr'><strong><em>διάκονος</em></strong></span> <span class='ocrx_word' id='word_1_27' title='bbox 548 314 570 359; x_wconf 87' lang='grc' dir='ltr'><em>ἢ</em></span> <span class='ocrx_word' id='word_1_28' title='bbox 594 314 833 362; x_wconf 78' lang='grc' dir='ltr'><strong><em>πρεσβύτερος</em></strong></span> <span class='ocrx_word' id='word_1_29' title='bbox 858 315 926 358; x_wconf 85' lang='grc' dir='ltr'><strong><em>εἴη,</em></strong></span> <span class='ocrx_word' id='word_1_30' title='bbox 960 315 1038 349; x_wconf 79' lang='grc' dir='ltr'><strong><em>εἶτα</em></strong></span> <span class='ocrx_word' id='word_1_31' title='bbox 1061 313 1153 349; x_wconf 79' lang='grc' dir='ltr'><strong><em>κατὰ</em></strong></span> <span class='ocrx_word' id='word_1_32' title='bbox 1177 312 1245 348; x_wconf 84' lang='grc' dir='ltr'><strong><em>δω-</em></strong></span> <span class='ocrx_word' id='word_1_33' title='bbox 1317 325 1428 349; x_wconf 85' lang='lat' dir='ltr'><strong>conus</strong></span> <span class='ocrx_word' id='word_1_34' title='bbox 1453 316 1517 348; x_wconf 84' lang='lat' dir='ltr'><strong>aut</strong></span> <span class='ocrx_word' id='word_1_35' title='bbox 1546 312 1743 357; x_wconf 84' lang='lat' dir='ltr'><strong>presbyter·</strong></span> <span class='ocrx_word' id='word_1_36' title='bbox 1768 311 1831 352; x_wconf 87' lang='lat' dir='ltr'><strong>sit,</strong></span> <span class='ocrx_word' id='word_1_37' title='bbox 1862 311 1988 346; x_wconf 88' lang='lat' dir='ltr'><strong>deinde</strong></span> <span class='ocrx_word' id='word_1_38' title='bbox 2010 322 2084 356; x_wconf 65' lang='lat' dir='ltr'><strong>⁴per</strong></span> <span class='ocrx_word' id='word_1_39' title='bbox 2117 311 2324 356; x_wconf 85' lang='lat' dir='ltr'><strong>suffragium</strong></span> <span class='ocrx_word' id='word_1_40' title='bbox 2353 312 2400 347; x_wconf 87' lang='lat' dir='ltr'><strong>ad</strong></span> 
     </span>
     <span class='ocr_line' id='line_1_6' title="bbox 163 357 2400 408; baseline -0.002 -12"><span class='ocrx_word' id='word_1_41' title='bbox 163 362 333 407; x_wconf 84' lang='grc' dir='ltr'><strong><em>ροδοκίαν</em></strong></span> <span class='ocrx_word' id='word_1_42' title='bbox 356 363 404 396; x_wconf 82' lang='grc' dir='ltr'><strong>εἰς</strong></span> <span class='ocrx_word' id='word_1_43' title='bbox 426 361 493 406; x_wconf 82' lang='grc' dir='ltr'><strong>τὴν</strong></span> <span class='ocrx_word' id='word_1_44' title='bbox 514 359 715 408; x_wconf 80' lang='grc' dir='ltr'><strong><em>ἱερωσύνην</em></strong></span> <span class='ocrx_word' id='word_1_45' title='bbox 738 360 857 402; x_wconf 80' lang='grc' dir='ltr'><strong><em>ἔλθοι,</em></strong></span> <span class='ocrx_word' id='word_1_46' title='bbox 891 358 931 394; x_wconf 80' lang='grc' dir='ltr'><strong><em>οὐ</em></strong></span> <span class='ocrx_word' id='word_1_47' title='bbox 954 357 1069 403; x_wconf 82' lang='grc' dir='ltr'><strong><em>μόνον</em></strong></span> <span class='ocrx_word' id='word_1_48' title='bbox 1091 362 1246 395; x_wconf 85' lang='grc' dir='ltr'><strong><em>ἐκπεσεῖ-</em></strong></span> <span class='ocrx_word' id='word_1_49' title='bbox 1318 359 1558 394; x_wconf 86' lang='lat' dir='ltr'><strong>sacerdotium</strong></span> <span class='ocrx_word' id='word_1_50' title='bbox 1593 357 1730 398; x_wconf 82' lang='lat' dir='ltr'><strong>veniat,</strong></span> <span class='ocrx_word' id='word_1_51' title='bbox 1774 366 1846 391; x_wconf 89' lang='lat' dir='ltr'><strong>non</strong></span> <span class='ocrx_word' id='word_1_52' title='bbox 1886 357 2001 391; x_wconf 83' lang='lat' dir='ltr'><strong>solum</strong></span> <span class='ocrx_word' id='word_1_53' title='bbox 2037 357 2142 392; x_wconf 80' lang='lat' dir='ltr'><strong>cadet</strong></span> <span class='ocrx_word' id='word_1_54' title='bbox 2177 357 2400 402; x_wconf 85' lang='lat' dir='ltr'><strong>episcopatu,</strong></span> 
     </span>
     <span class='ocr_line' id='line_1_7' title="bbox 162 401 2400 452; baseline -0.002 -11"><span class='ocrx_word' id='word_1_55' title='bbox 162 422 222 442; x_wconf 88' lang='grc' dir='ltr'><strong>ται</strong></span> <span class='ocrx_word' id='word_1_56' title='bbox 243 411 304 452; x_wconf 79' lang='grc' dir='ltr'><strong>τῆς</strong></span> <span class='ocrx_word' id='word_1_57' title='bbox 327 409 531 450; x_wconf 76' lang='grc' dir='ltr'><strong><em>ἐπισκοπῆς,</em></strong></span> <span class='ocrx_word' id='word_1_58' title='bbox 555 403 635 440; x_wconf 77' lang='grc' dir='ltr'><strong><em>ἀλλ’</em></strong></span> <span class='ocrx_word' id='word_1_59' title='bbox 659 404 742 439; x_wconf 72' lang='grc' dir='ltr'><strong><em>οὐδὲ·</em></strong></span> <span class='ocrx_word' id='word_1_60' title='bbox 764 405 806 440; x_wconf 79' lang='grc' dir='ltr'><strong>τὸ</strong></span> <span class='ocrx_word' id='word_1_61' title='bbox 827 406 1006 452; x_wconf 89' lang='grc' dir='ltr'><strong><em>πρότερον</em></strong></span> <span class='ocrx_word' id='word_1_62' title='bbox 1029 403 1128 449; x_wconf 79' lang='grc' dir='ltr'><strong><em>αὐτῷ</em></strong></span> <span class='ocrx_word' id='word_1_63' title='bbox 1149 418 1246 451; x_wconf 80' lang='grc' dir='ltr'><strong><em>περι·</em></strong></span> <span class='ocrx_word' id='word_1_64' title='bbox 1317 405 1380 440; x_wconf 86' lang='lat' dir='ltr'><strong>sed</strong></span> <span class='ocrx_word' id='word_1_65' title='bbox 1404 414 1520 449; x_wconf 87' lang='lat' dir='ltr'><strong>neque</strong></span> <span class='ocrx_word' id='word_1_66' title='bbox 1569 403 1642 438; x_wconf 90' lang='lat' dir='ltr'><strong>rior</strong></span> <span class='ocrx_word' id='word_1_67' title='bbox 1666 402 1699 436; x_wconf 91' lang='lat' dir='ltr'><strong>ei</strong></span> <span class='ocrx_word' id='word_1_68' title='bbox 1722 401 1943 445; x_wconf 86' lang='lat' dir='ltr'><strong>relinquetur</strong></span> <span class='ocrx_word' id='word_1_69' title='bbox 1968 402 2066 444; x_wconf 91' lang='lat' dir='ltr'><strong>ordo,</strong></span> <span class='ocrx_word' id='word_1_70' title='bbox 2092 402 2302 448; x_wconf 87' lang='lat' dir='ltr'><strong>presbyterii</strong></span> <span class='ocrx_word' id='word_1_71' title='bbox 2326 402 2400 438; x_wconf 89' lang='lat' dir='ltr'><strong>for-</strong></span> 
     </span>
     <span class='ocr_line' id='line_1_8' title="bbox 163 414 2399 505; baseline -0.002 -18"><span class='ocrx_word' id='word_1_72' title='bbox 163 452 401 499; x_wconf 73' lang='grc' dir='ltr'><strong><em>λειφθησεται</em></strong></span> <span class='ocrx_word' id='word_1_73' title='bbox 439 454 574 497; x_wconf 79' lang='grc' dir='ltr'><strong><em>σχῆμα,</em></strong></span> <span class='ocrx_word' id='word_1_74' title='bbox 618 450 660 485; x_wconf 84' lang='grc' dir='ltr'><strong>τὸ</strong></span> <span class='ocrx_word' id='word_1_75' title='bbox 695 453 758 485; x_wconf 77' lang='grc' dir='ltr'><strong>τοῦ</strong></span> <span class='ocrx_word' id='word_1_76' title='bbox 797 455 1040 505; x_wconf 69' lang='grc' dir='ltr'><strong><em>πρεσβυτέρου</em></strong></span> <span class='ocrx_word' id='word_1_77' title='bbox 1081 452 1192 493; x_wconf 83' lang='grc' dir='ltr'><strong><em>τυχὸν</em></strong></span> <span class='ocrx_word' id='word_1_78' title='bbox 1225 447 1247 494; x_wconf 85' lang='grc' dir='ltr'><em>ἢ</em></span> <span class='ocrx_word' id='word_1_79' title='bbox 1283 454 1301 485; x_wconf 88' lang='grc'>5</span> <span class='ocrx_word' id='word_1_80' title='bbox 1316 451 1411 485; x_wconf 84' lang='lat' dir='ltr'><strong>sitan</strong></span> <span class='ocrx_word' id='word_1_81' title='bbox 1446 452 1509 484; x_wconf 85' lang='lat' dir='ltr'><strong>aut</strong></span> <span class='ocrx_word' id='word_1_82' title='bbox 1543 414 1766 483; x_wconf 52' lang='lat' dir='ltr'><strong>diaconatus.</strong></span> <span class='ocrx_word' id='word_1_83' title='bbox 1813 447 1956 498; x_wconf 76' lang='lat' dir='ltr'><strong>Amittit</strong></span> <span class='ocrx_word' id='word_1_84' title='bbox 1998 447 2127 482; x_wconf 82' lang='lat' dir='ltr'>etenim</span> <span class='ocrx_word' id='word_1_85' title='bbox 2157 449 2265 483; x_wconf 83' lang='lat' dir='ltr'><strong>etiam</strong></span> <span class='ocrx_word' id='word_1_86' title='bbox 2299 448 2399 488; x_wconf 83' lang='lat' dir='ltr'><strong>illud,</strong></span> 
     </span>
     <span class='ocr_line' id='line_1_9' title="bbox 163 492 2399 544; baseline -0.002 -13"><span class='ocrx_word' id='word_1_87' title='bbox 163 497 340 533; x_wconf 79' lang='grc' dir='ltr'><strong><em>διακόνου.</em></strong></span> <span class='ocrx_word' id='word_1_88' title='bbox 376 496 632 544; x_wconf 83' lang='grc' dir='ltr'><strong><em>προςαπολε’σει</em></strong></span> <span class='ocrx_word' id='word_1_89' title='bbox 648 495 715 544; x_wconf 82' lang='grc' dir='ltr'><strong>γὰρ</strong></span> <span class='ocrx_word' id='word_1_90' title='bbox 734 500 793 531; x_wconf 79' lang='grc' dir='ltr'><strong>καὶ</strong></span> <span class='ocrx_word' id='word_1_91' title='bbox 812 494 910 538; x_wconf 79' lang='grc' dir='ltr'><strong><em>αὐτο,</em></strong></span> <span class='ocrx_word' id='word_1_92' title='bbox 936 494 983 531; x_wconf 71' lang='grc' dir='ltr'><strong><em>ὡς</em></strong></span> <span class='ocrx_word' id='word_1_93' title='bbox 1000 498 1078 531; x_wconf 82' lang='grc' dir='ltr'><strong>τῶν</strong></span> <span class='ocrx_word' id='word_1_94' title='bbox 1101 494 1142 530; x_wconf 84' lang='grc' dir='ltr'><strong><em>οὗ</em></strong></span> <span class='ocrx_word' id='word_1_95' title='bbox 1163 509 1246 543; x_wconf 82' lang='grc' dir='ltr'><strong><em>πρε·</em></strong></span> <span class='ocrx_word' id='word_1_96' title='bbox 1316 498 1440 540; x_wconf 81' lang='lat' dir='ltr'><strong>utpote</strong></span> <span class='ocrx_word' id='word_1_97' title='bbox 1464 495 1570 540; x_wconf 86' lang='lat' dir='ltr'><strong>&lt;non&gt;</strong></span> <span class='ocrx_word' id='word_1_98' title='bbox 1593 493 1756 528; x_wconf 86' lang='lat' dir='ltr'><strong>decentia</strong></span> <span class='ocrx_word' id='word_1_99' title='bbox 1780 492 1923 536; x_wconf 79' lang='lat' dir='ltr'><strong>indigne</strong></span> <span class='ocrx_word' id='word_1_100' title='bbox 1948 494 2218 537; x_wconf 82' lang='lat' dir='ltr'>concupiscens,</span> <span class='ocrx_word' id='word_1_101' title='bbox 2243 498 2279 529; x_wconf 91' lang='lat' dir='ltr'><strong>et</strong></span> <span class='ocrx_word' id='word_1_102' title='bbox 2303 495 2399 528; x_wconf 90' lang='lat' dir='ltr'><strong>omni</strong></span> 
     </span>
     <span class='ocr_line' id='line_1_10' title="bbox 162 537 2400 588; baseline -0.001 -11"><span class='ocrx_word' id='word_1_103' title='bbox 162 541 315 579; x_wconf 84' lang='grc' dir='ltr'><strong><em>πόντων</em></strong></span> <span class='ocrx_word' id='word_1_104' title='bbox 338 541 495 583; x_wconf 77' lang='grc' dir='ltr'><strong><em>ἀναξίως</em></strong></span> <span class='ocrx_word' id='word_1_105' title='bbox 525 546 726 587; x_wconf 79' lang='grc' dir='ltr'><strong><em>ἐφιέμενος,</em></strong></span> <span class='ocrx_word' id='word_1_106' title='bbox 762 540 879 585; x_wconf 81' lang='grc' dir='ltr'><strong><em>πάσης</em></strong></span> <span class='ocrx_word' id='word_1_107' title='bbox 908 556 948 576; x_wconf 86' lang='grc' dir='ltr'><strong>τε</strong></span> <span class='ocrx_word' id='word_1_108' title='bbox 980 542 1156 588; x_wconf 81' lang='grc' dir='ltr'><strong><em>ἱερατικῆς</em></strong></span> <span class='ocrx_word' id='word_1_109' title='bbox 1180 540 1246 575; x_wconf 73' lang='grc' dir='ltr'><strong><em>ἀπ·</em></strong></span> <span class='ocrx_word' id='word_1_110' title='bbox 1317 540 1535 576; x_wconf 87' lang='lat' dir='ltr'><strong>sacerdotali</strong></span> <span class='ocrx_word' id='word_1_111' title='bbox 1559 538 1759 574; x_wconf 82' lang='lat' dir='ltr'><strong>excluditur</strong></span> <span class='ocrx_word' id='word_1_112' title='bbox 1780 537 1915 573; x_wconf 88' lang='lat' dir='ltr'><strong>ordine.</strong></span> <span class='ocrx_word' id='word_1_113' title='bbox 1953 537 2103 582; x_wconf 83' lang='lat' dir='ltr'><strong>Oportet</strong></span> <span class='ocrx_word' id='word_1_114' title='bbox 2127 542 2247 574; x_wconf 89' lang='lat' dir='ltr'><strong>autem</strong></span> <span class='ocrx_word' id='word_1_115' title='bbox 2266 539 2304 574; x_wconf 91' lang='lat' dir='ltr'><strong>in</strong></span> <span class='ocrx_word' id='word_1_116' title='bbox 2320 540 2400 584; x_wconf 90' lang='lat' dir='ltr'><strong>ipso</strong></span> 
     </span>
     <span class='ocr_line' id='line_1_11' title="bbox 163 583 2401 632; baseline -0.003 -6"><span class='ocrx_word' id='word_1_117' title='bbox 163 584 190 626; x_wconf 56' lang='lat' dir='ltr'><strong>‘Z‘</strong></span> <span class='ocrx_word' id='word_1_118' title='bbox 237 588 458 632; x_wconf 83' lang='grc' dir='ltr'><strong><em>ελαθήσεται</em></strong></span> <span class='ocrx_word' id='word_1_119' title='bbox 492 587 637 628; x_wconf 82' lang='grc' dir='ltr'><strong><em>τάξεως.</em></strong></span> <span class='ocrx_word' id='word_1_120' title='bbox 761 590 824 621; x_wconf 85' lang='grc' dir='ltr'><strong>Δεῖ</strong></span> <span class='ocrx_word' id='word_1_121' title='bbox 853 586 893 621; x_wconf 77' lang='grc' dir='ltr'><strong>δὲ</strong></span> <span class='ocrx_word' id='word_1_122' title='bbox 920 588 1004 621; x_wconf 83' lang='grc' dir='ltr'><strong><em>κατ’</em></strong></span> <span class='ocrx_word' id='word_1_123' title='bbox 1037 584 1151 621; x_wconf 79' lang='grc' dir='ltr'><strong><em>αὐτὸν</em></strong></span> <span class='ocrx_word' id='word_1_124' title='bbox 1181 586 1246 622; x_wconf 87' lang='grc' dir='ltr'><strong>τὸν</strong></span> <span class='ocrx_word' id='word_1_125' title='bbox 1317 585 1551 621; x_wconf 79' lang='lat' dir='ltr'>ordinationis</span> <span class='ocrx_word' id='word_1_126' title='bbox 1582 588 1653 619; x_wconf 88' lang='lat' dir='ltr'><strong>tem</strong></span> <span class='ocrx_word' id='word_1_127' title='bbox 1681 594 1760 625; x_wconf 90' lang='lat' dir='ltr'><strong>ore,</strong></span> <span class='ocrx_word' id='word_1_128' title='bbox 1794 583 1855 628; x_wconf 89' lang='lat' dir='ltr'><strong>qui</strong></span> <span class='ocrx_word' id='word_1_129' title='bbox 1886 583 2036 628; x_wconf 83' lang='lat' dir='ltr'><strong>imponit</strong></span> <span class='ocrx_word' id='word_1_130' title='bbox 2069 594 2146 618; x_wconf 87' lang='lat' dir='ltr'><strong>eam</strong></span> <span class='ocrx_word' id='word_1_131' title='bbox 2176 585 2245 627; x_wconf 86' lang='lat' dir='ltr'><strong>illi,</strong></span> <span class='ocrx_word' id='word_1_132' title='bbox 2281 595 2401 620; x_wconf 81' lang='lat' dir='ltr'><strong>coram</strong></span> 
     </span>
     <span class='ocr_line' id='line_1_12' title="bbox 161 628 2401 680; baseline -0.002 -10"><span class='ocrx_word' id='word_1_133' title='bbox 161 639 223 680; x_wconf 82' lang='grc' dir='ltr'><strong>τῆς</strong></span> <span class='ocrx_word' id='word_1_134' title='bbox 244 638 463 680; x_wconf 81' lang='grc' dir='ltr'><strong><em>χειροτονίας</em></strong></span> <span class='ocrx_word' id='word_1_135' title='bbox 487 633 614 679; x_wconf 83' lang='grc' dir='ltr'><strong><em>καιρὸν</em></strong></span> <span class='ocrx_word' id='word_1_136' title='bbox 636 632 703 667; x_wconf 81' lang='grc' dir='ltr'><strong>τὸν</strong></span> <span class='ocrx_word' id='word_1_137' title='bbox 734 633 951 667; x_wconf 70' lang='grc' dir='ltr'><strong><em>ἐπιτιθέντα</em></strong></span> <span class='ocrx_word' id='word_1_138' title='bbox 983 631 1121 674; x_wconf 80' lang='grc' dir='ltr'><strong><em>ταύτην</em></strong></span> <span class='ocrx_word' id='word_1_139' title='bbox 1146 632 1246 675; x_wconf 77' lang='grc' dir='ltr'><strong><em>αὐτῷ</em></strong></span> <span class='ocrx_word' id='word_1_140' title='bbox 1317 632 1413 666; x_wconf 89' lang='lat' dir='ltr'><strong>omni</strong></span> <span class='ocrx_word' id='word_1_141' title='bbox 1432 631 1527 666; x_wconf 89' lang='lat' dir='ltr'><strong>fideli</strong></span> <span class='ocrx_word' id='word_1_142' title='bbox 1549 641 1648 675; x_wconf 90' lang='lat' dir='ltr'><strong>popu</strong></span> <span class='ocrx_word' id='word_1_143' title='bbox 1664 640 1684 665; x_wconf 93' lang='lat' dir='ltr'><strong>o</strong></span> <span class='ocrx_word' id='word_1_144' title='bbox 1705 628 1954 664; x_wconf 80' lang='lat' dir='ltr'><strong>sanctissimae</strong></span> <span class='ocrx_word' id='word_1_145' title='bbox 1971 628 2145 664; x_wconf 83' lang='lat' dir='ltr'><strong>ecclesiae</strong></span> <span class='ocrx_word' id='word_1_146' title='bbox 2170 629 2260 665; x_wconf 84' lang='lat' dir='ltr'><strong>haec</strong></span> <span class='ocrx_word' id='word_1_147' title='bbox 2282 631 2401 666; x_wconf 87' lang='lat' dir='ltr'><strong>omnia</strong></span> 
     </span>
     <span class='ocr_line' id='line_1_13' title="bbox 161 674 2399 723; baseline -0.003 -7"><span class='ocrx_word' id='word_1_148' title='bbox 161 685 222 716; x_wconf 80' lang='grc' dir='ltr'><strong>ἐπὶ</strong></span> <span class='ocrx_word' id='word_1_149' title='bbox 247 678 384 715; x_wconf 82' lang='grc' dir='ltr'><strong><em>παντὸς</em></strong></span> <span class='ocrx_word' id='word_1_150' title='bbox 404 680 467 713; x_wconf 78' lang='grc' dir='ltr'><strong>τοῦ</strong></span> <span class='ocrx_word' id='word_1_151' title='bbox 500 678 720 714; x_wconf 81' lang='grc' dir='ltr'><strong><em>πιστοτάτου</em></strong></span> <span class='ocrx_word' id='word_1_152' title='bbox 754 677 839 712; x_wconf 83' lang='grc' dir='ltr'><strong><em>λαοῦ</em></strong></span> <span class='ocrx_word' id='word_1_153' title='bbox 864 678 925 720; x_wconf 80' lang='grc' dir='ltr'><strong>τῆς</strong></span> <span class='ocrx_word' id='word_1_154' title='bbox 956 674 1157 723; x_wconf 78' lang='grc' dir='ltr'><strong><em>ἁγιωτάτης</em></strong></span> <span class='ocrx_word' id='word_1_155' title='bbox 1186 692 1245 722; x_wconf 77' lang='grc' dir='ltr'><strong>με·</strong></span> <span class='ocrx_word' id='word_1_156' title='bbox 1264 681 1301 711; x_wconf 86' lang='grc'><strong>10</strong></span> <span class='ocrx_word' id='word_1_157' title='bbox 1316 677 1541 721; x_wconf 82' lang='lat' dir='ltr'><strong>praedicere,</strong></span> <span class='ocrx_word' id='word_1_158' title='bbox 1577 680 1617 710; x_wconf 89' lang='lat' dir='ltr'><strong>ut</strong></span> <span class='ocrx_word' id='word_1_159' title='bbox 1650 685 1849 720; x_wconf 86' lang='lat' dir='ltr'><strong>agnoscens</strong></span> <span class='ocrx_word' id='word_1_160' title='bbox 1885 684 1966 709; x_wconf 86' lang='lat' dir='ltr'><strong>eum</strong></span> <span class='ocrx_word' id='word_1_161' title='bbox 2002 675 2136 717; x_wconf 88' lang='lat' dir='ltr'><strong>omnia,</strong></span> <span class='ocrx_word' id='word_1_162' title='bbox 2174 686 2265 719; x_wconf 89' lang='lat' dir='ltr'><strong>quae</strong></span> <span class='ocrx_word' id='word_1_163' title='bbox 2300 676 2399 720; x_wconf 89' lang='lat' dir='ltr'><strong>prius</strong></span> 
     </span>
     <span class='ocr_line' id='line_1_14' title="bbox 160 720 2401 775; baseline -0.002 -14"><span class='ocrx_word' id='word_1_164' title='bbox 160 726 268 775; x_wconf 76' lang='grc' dir='ltr'><strong><em>γάλης</em></strong></span> <span class='ocrx_word' id='word_1_165' title='bbox 301 724 486 768; x_wconf 78' lang='grc' dir='ltr'><strong><em>ἐκκλησίας</em></strong></span> <span class='ocrx_word' id='word_1_166' title='bbox 516 726 633 758; x_wconf 80' lang='grc' dir='ltr'><strong><em>ταῦτα</em></strong></span> <span class='ocrx_word' id='word_1_167' title='bbox 664 721 812 759; x_wconf 71' lang='grc' dir='ltr'><strong><em>ἅπαντα</em></strong></span> <span class='ocrx_word' id='word_1_168' title='bbox 843 721 1101 769; x_wconf 78' lang='grc' dir='ltr'><strong><em>προαγορεύειν</em></strong></span> <span class='ocrx_word' id='word_1_169' title='bbox 1133 720 1244 766; x_wconf 74' lang='grc' dir='ltr'><strong><em>αὐτῷ,</em></strong></span> <span class='ocrx_word' id='word_1_170' title='bbox 1316 723 1413 757; x_wconf 86' lang='lat' dir='ltr'><strong>dicta</strong></span> <span class='ocrx_word' id='word_1_171' title='bbox 1437 726 1520 757; x_wconf 85' lang='lat' dir='ltr'><strong>sunt</strong></span> <span class='ocrx_word' id='word_1_172' title='bbox 1545 732 1566 756; x_wconf 89' lang='lat' dir='ltr'><strong>a</strong></span> <span class='ocrx_word' id='word_1_173' title='bbox 1590 721 1706 762; x_wconf 85' lang='lat' dir='ltr'><strong>nobis,</strong></span> <span class='ocrx_word' id='word_1_174' title='bbox 1730 720 1881 761; x_wconf 88' lang='lat' dir='ltr'><strong>habere,</strong></span> <span class='ocrx_word' id='word_1_175' title='bbox 1907 720 1954 754; x_wconf 86' lang='lat' dir='ltr'><strong>ad</strong></span> <span class='ocrx_word' id='word_1_176' title='bbox 1978 729 2119 754; x_wconf 83' lang='lat' dir='ltr'><strong>sacram</strong></span> <span class='ocrx_word' id='word_1_177' title='bbox 2144 731 2225 755; x_wconf 88' lang='lat' dir='ltr'><strong>eum</strong></span> <span class='ocrx_word' id='word_1_178' title='bbox 2249 721 2401 756; x_wconf 86' lang='lat' dir='ltr'><strong>deducat</strong></span> 
     </span>
     <span class='ocr_line' id='line_1_15' title="bbox 127 765 2400 820; baseline -0.002 -16"><span class='ocrx_word' id='word_1_179' title='bbox 127 797 135 804; x_wconf 85' lang='lat'><strong>.</strong></span> <span class='ocrx_word' id='word_1_180' title='bbox 162 770 209 807; x_wconf 77' lang='grc' dir='ltr'><strong><em>ὠς</em></strong></span> <span class='ocrx_word' id='word_1_181' title='bbox 232 771 278 806; x_wconf 81' lang='grc' dir='ltr'><strong>ἂν</strong></span> <span class='ocrx_word' id='word_1_182' title='bbox 301 769 441 815; x_wconf 71' lang='grc' dir='ltr'><strong><em>μαθών</em></strong></span> <span class='ocrx_word' id='word_1_183' title='bbox 467 767 577 804; x_wconf 73' lang='grc' dir='ltr'><strong><em>αὐτὸν</em></strong></span> <span class='ocrx_word' id='word_1_184' title='bbox 600 766 749 803; x_wconf 73' lang='grc' dir='ltr'><strong><em>ἅπαντα</em></strong></span> <span class='ocrx_word' id='word_1_185' title='bbox 769 767 815 802; x_wconf 82' lang='grc' dir='ltr'><strong>τὰ</strong></span> <span class='ocrx_word' id='word_1_186' title='bbox 839 767 1053 820; x_wconf 73' lang='grc' dir='ltr'><strong><em>ἔμπροσθεν</em></strong></span> <span class='ocrx_word' id='word_1_187' title='bbox 1077 768 1246 813; x_wconf 76' lang='grc' dir='ltr'><strong><em>εἰρημένα</em></strong></span> <span class='ocrx_word' id='word_1_188' title='bbox 1316 768 1585 808; x_wconf 75' lang='lat' dir='ltr'><strong>ordinationem,</strong></span> <span class='ocrx_word' id='word_1_189' title='bbox 1611 771 1651 801; x_wconf 88' lang='lat' dir='ltr'><strong>ut</strong></span> <span class='ocrx_word' id='word_1_190' title='bbox 1675 770 1711 801; x_wconf 86' lang='lat' dir='ltr'><strong>et</strong></span> <span class='ocrx_word' id='word_1_191' title='bbox 1734 765 1795 801; x_wconf 86' lang='lat' dir='ltr'><strong>ille</strong></span> <span class='ocrx_word' id='word_1_192' title='bbox 1819 775 1939 800; x_wconf 82' lang='lat' dir='ltr'><strong>coram</strong></span> <span class='ocrx_word' id='word_1_193' title='bbox 1955 765 2121 801; x_wconf 81' lang='lat' dir='ltr'><strong>omnibus</strong></span> <span class='ocrx_word' id='word_1_194' title='bbox 2144 766 2236 800; x_wconf 83' lang='lat' dir='ltr'><strong>haec</strong></span> <span class='ocrx_word' id='word_1_195' title='bbox 2251 766 2400 801; x_wconf 82' lang='lat' dir='ltr'><strong>audiens</strong></span> 
     </span>
     <span class='ocr_line' id='line_1_16' title="bbox 161 810 2400 865; baseline -0.002 -14"><span class='ocrx_word' id='word_1_196' title='bbox 161 817 250 865; x_wconf 80' lang='grc' dir='ltr'><strong><em>παρ’</em></strong></span> <span class='ocrx_word' id='word_1_197' title='bbox 277 813 382 859; x_wconf 80' lang='grc' dir='ltr'><strong><em>ἡμῶν</em></strong></span> <span class='ocrx_word' id='word_1_198' title='bbox 410 817 504 857; x_wconf 81' lang='grc' dir='ltr'><strong><em>ἔχειν</em></strong></span> <span class='ocrx_word' id='word_1_199' title='bbox 535 817 596 849; x_wconf 78' lang='grc' dir='ltr'><strong><em>ἐπὶ</em></strong></span> <span class='ocrx_word' id='word_1_200' title='bbox 625 814 692 857; x_wconf 86' lang='grc' dir='ltr'><strong>τὴν</strong></span> <span class='ocrx_word' id='word_1_201' title='bbox 723 813 822 860; x_wconf 77' lang='grc' dir='ltr'><strong><em>ἱερὰν</em></strong></span> <span class='ocrx_word' id='word_1_202' title='bbox 849 810 962 847; x_wconf 78' lang='grc' dir='ltr'><strong><em>αὐτον</em></strong></span> <span class='ocrx_word' id='word_1_203' title='bbox 991 812 1059 859; x_wconf 83' lang='grc' dir='ltr'><strong>ἄγῃ</strong></span> <span class='ocrx_word' id='word_1_204' title='bbox 1090 825 1244 859; x_wconf 88' lang='grc' dir='ltr'><strong><em>χειροτο-</em></strong></span> <span class='ocrx_word' id='word_1_205' title='bbox 1315 824 1387 848; x_wconf 89' lang='lat' dir='ltr'><strong>non</strong></span> <span class='ocrx_word' id='word_1_206' title='bbox 1423 813 1538 848; x_wconf 89' lang='lat' dir='ltr'><strong>solum</strong></span> <span class='ocrx_word' id='word_1_207' title='bbox 1574 812 1706 847; x_wconf 84' lang='lat' dir='ltr'><strong>habeat</strong></span> <span class='ocrx_word' id='word_1_208' title='bbox 1737 811 1793 846; x_wconf 87' lang='lat' dir='ltr'><strong>dei</strong></span> <span class='ocrx_word' id='word_1_209' title='bbox 1827 811 2008 852; x_wconf 82' lang='lat' dir='ltr'><strong>timorem,</strong></span> <span class='ocrx_word' id='word_1_210' title='bbox 2045 810 2108 846; x_wconf 84' lang='lat' dir='ltr'><strong>sed</strong></span> <span class='ocrx_word' id='word_1_211' title='bbox 2143 811 2251 846; x_wconf 86' lang='lat' dir='ltr'><strong>etiam</strong></span> <span class='ocrx_word' id='word_1_212' title='bbox 2282 822 2400 846; x_wconf 86' lang='lat' dir='ltr'><strong>coram</strong></span> 
     </span>
     <span class='ocr_line' id='line_1_17' title="bbox 161 854 2398 902; baseline -0.003 -4"><span class='ocrx_word' id='word_1_213' title='bbox 161 868 263 898; x_wconf 85' lang='grc' dir='ltr'><strong><em>νίαν·</em></strong></span> <span class='ocrx_word' id='word_1_214' title='bbox 289 858 378 896; x_wconf 61' lang='lat' dir='ltr'><strong>dign</strong></span> <span class='ocrx_word' id='word_1_215' title='bbox 399 860 563 895; x_wconf 80' lang='grc' dir='ltr'><strong><em>κάκεῖνον</em></strong></span> <span class='ocrx_word' id='word_1_216' title='bbox 579 859 732 895; x_wconf 83' lang='grc' dir='ltr'><strong><em>πάντων</em></strong></span> <span class='ocrx_word' id='word_1_217' title='bbox 747 861 914 892; x_wconf 79' lang='grc' dir='ltr'><strong><em>ἐναντίον</em></strong></span> <span class='ocrx_word' id='word_1_218' title='bbox 931 859 1049 892; x_wconf 76' lang='grc' dir='ltr'><strong><em>ταῦτα</em></strong></span> <span class='ocrx_word' id='word_1_219' title='bbox 1066 854 1246 891; x_wconf 80' lang='grc' dir='ltr'><strong><em>ἀκούοντα</em></strong></span> <span class='ocrx_word' id='word_1_220' title='bbox 1316 859 1479 894; x_wconf 84' lang='lat' dir='ltr'><strong>omnibus</strong></span> <span class='ocrx_word' id='word_1_221' title='bbox 1512 857 1818 893; x_wconf 81' lang='lat' dir='ltr'><strong>denuntiationem</strong></span> <span class='ocrx_word' id='word_1_222' title='bbox 1849 859 1887 892; x_wconf 86' lang='lat' dir='ltr'><strong>et</strong></span> <span class='ocrx_word' id='word_1_223' title='bbox 1914 856 2175 902; x_wconf 86' lang='lat' dir='ltr'><strong>professionem</strong></span> <span class='ocrx_word' id='word_1_224' title='bbox 2200 857 2398 892; x_wconf 82' lang='lat' dir='ltr'><strong>erubescat.</strong></span> 
     </span>
     <span class='ocr_line' id='line_1_18' title="bbox 159 901 1300 953; baseline -0.006 -11"><span class='ocrx_word' id='word_1_225' title='bbox 159 908 208 953; x_wconf 87' lang='grc' dir='ltr'><strong>μὴ</strong></span> <span class='ocrx_word' id='word_1_226' title='bbox 242 905 356 953; x_wconf 84' lang='grc' dir='ltr'><strong><em>μόνον</em></strong></span> <span class='ocrx_word' id='word_1_227' title='bbox 387 906 481 949; x_wconf 76' lang='grc' dir='ltr'><strong><em>ἔχειν</em></strong></span> <span class='ocrx_word' id='word_1_228' title='bbox 517 905 560 940; x_wconf 86' lang='grc' dir='ltr'><strong>τὸ</strong></span> <span class='ocrx_word' id='word_1_229' title='bbox 596 906 660 939; x_wconf 79' lang='grc' dir='ltr'><strong>τοῦ</strong></span> <span class='ocrx_word' id='word_1_230' title='bbox 696 904 788 938; x_wconf 76' lang='grc' dir='ltr'><strong><em>θεοῦ</em></strong></span> <span class='ocrx_word' id='word_1_231' title='bbox 825 902 916 944; x_wconf 81' lang='grc' dir='ltr'><strong><em>δεός,</em></strong></span> <span class='ocrx_word' id='word_1_232' title='bbox 958 901 1047 937; x_wconf 78' lang='grc' dir='ltr'><strong><em>ἀλλὰ</em></strong></span> <span class='ocrx_word' id='word_1_233' title='bbox 1083 905 1142 936; x_wconf 81' lang='grc' dir='ltr'><strong>καὶ</strong></span> <span class='ocrx_word' id='word_1_234' title='bbox 1177 902 1246 945; x_wconf 88' lang='grc' dir='ltr'><strong>τὴν</strong></span> <span class='ocrx_word' id='word_1_235' title='bbox 1263 907 1300 938; x_wconf 87' lang='grc'><strong>15</strong></span> 
     </span>
    </p>

    <p class='ocr_par' dir='ltr' id='par_1_5' title="bbox 161 945 1243 998">
     <span class='ocr_line' id='line_1_19' title="bbox 161 945 1243 998; baseline -0.006 -10"><span class='ocrx_word' id='word_1_236' title='bbox 161 953 223 998; x_wconf 80' lang='grc' dir='ltr'><strong>ἐφ’</strong></span> <span class='ocrx_word' id='word_1_237' title='bbox 250 950 429 987; x_wconf 80' lang='grc' dir='ltr'><strong><em>ἁπάντων</em></strong></span> <span class='ocrx_word' id='word_1_238' title='bbox 452 949 669 996; x_wconf 82' lang='grc' dir='ltr'><strong><em>ἀνακήρνξίν</em></strong></span> <span class='ocrx_word' id='word_1_239' title='bbox 692 962 733 983; x_wconf 87' lang='grc' dir='ltr'><strong>τε</strong></span> <span class='ocrx_word' id='word_1_240' title='bbox 754 951 814 982; x_wconf 82' lang='grc' dir='ltr'><strong>καὶ</strong></span> <span class='ocrx_word' id='word_1_241' title='bbox 839 945 946 992; x_wconf 75' lang='grc' dir='ltr'><strong><em>ὁμολο</em></strong></span> <span class='ocrx_word' id='word_1_242' title='bbox 972 953 1033 982; x_wconf 88' lang='grc' dir='ltr'><strong>ίαν</strong></span> <span class='ocrx_word' id='word_1_243' title='bbox 1056 949 1243 994; x_wconf 73' lang='grc' dir='ltr'><strong><em>ἐρυθριᾶν.</em></strong></span> 
     </span>
    </p>

    <p class='ocr_par' dir='ltr' id='par_1_6' title="bbox 153 962 2402 2179">
     <span class='ocr_line' id='line_1_20' title="bbox 160 962 2402 1040; baseline -0.001 -8"><span class='ocrx_word' id='word_1_244' title='bbox 160 1001 206 1035; x_wconf 85' lang='grc'><strong>10</strong></span> <span class='ocrx_word' id='word_1_245' title='bbox 252 1000 298 1031; x_wconf 87' lang='grc' dir='ltr'><strong>Εἰ</strong></span> <span class='ocrx_word' id='word_1_246' title='bbox 323 995 364 1031; x_wconf 80' lang='grc' dir='ltr'><strong>δέ</strong></span> <span class='ocrx_word' id='word_1_247' title='bbox 385 1008 438 1032; x_wconf 84' lang='grc' dir='ltr'><strong>τις</strong></span> <span class='ocrx_word' id='word_1_248' title='bbox 461 997 620 1031; x_wconf 75' lang='grc' dir='ltr'><strong><em>τοιοῦτος</em></strong></span> <span class='ocrx_word' id='word_1_249' title='bbox 648 996 716 1039; x_wconf 79' lang='grc' dir='ltr'><strong>μὲν</strong></span> <span class='ocrx_word' id='word_1_250' title='bbox 740 994 832 1028; x_wconf 85' lang='grc' dir='ltr'><strong><em>εἶναι</em></strong></span> <span class='ocrx_word' id='word_1_251' title='bbox 856 962 1040 1037; x_wconf 59' lang='grc' dir='ltr'><strong><em>νομίζοιτο</em></strong></span> <span class='ocrx_word' id='word_1_252' title='bbox 1065 996 1124 1026; x_wconf 84' lang='grc' dir='ltr'><strong>καὶ</strong></span> <span class='ocrx_word' id='word_1_253' title='bbox 1156 993 1246 1040; x_wconf 83' lang='grc' dir='ltr'><strong><em>πρὸς</em></strong></span> <span class='ocrx_word' id='word_1_254' title='bbox 1314 994 1360 1029; x_wconf 87' lang='grc'><strong>10</strong></span> <span class='ocrx_word' id='word_1_255' title='bbox 1406 994 1444 1028; x_wconf 91' lang='lat' dir='ltr'><strong>Si</strong></span> <span class='ocrx_word' id='word_1_256' title='bbox 1468 993 1547 1038; x_wconf 81' lang='lat' dir='ltr'><strong>quis</strong></span> <span class='ocrx_word' id='word_1_257' title='bbox 1572 997 1690 1029; x_wconf 87' lang='lat' dir='ltr'><strong>autem</strong></span> <span class='ocrx_word' id='word_1_258' title='bbox 1722 993 1805 1029; x_wconf 78' lang='lat' dir='ltr'><strong>talis</strong></span> <span class='ocrx_word' id='word_1_259' title='bbox 1831 993 1971 1038; x_wconf 85' lang='lat' dir='ltr'><strong>quidem</strong></span> <span class='ocrx_word' id='word_1_260' title='bbox 1995 1003 2074 1030; x_wconf 83' lang='lat' dir='ltr'><strong>esse</strong></span> <span class='ocrx_word' id='word_1_261' title='bbox 2106 996 2266 1039; x_wconf 86' lang='lat' dir='ltr'><strong>putetur,</strong></span> <span class='ocrx_word' id='word_1_262' title='bbox 2296 998 2333 1031; x_wconf 85' lang='lat' dir='ltr'><strong>et</strong></span> <span class='ocrx_word' id='word_1_263' title='bbox 2356 995 2402 1030; x_wconf 86' lang='lat' dir='ltr'><strong>ad</strong></span> 
     </span>
     <span class='ocr_line' id='line_1_21' title="bbox 160 1037 2402 1088; baseline -0.001 -9"><span class='ocrx_word' id='word_1_264' title='bbox 160 1045 228 1088; x_wconf 85' lang='grc' dir='ltr'><strong>τὴν</strong></span> <span class='ocrx_word' id='word_1_265' title='bbox 250 1046 312 1087; x_wconf 80' lang='grc' dir='ltr'><strong>τῆς</strong></span> <span class='ocrx_word' id='word_1_266' title='bbox 336 1043 528 1084; x_wconf 80' lang='grc' dir='ltr'><strong><em>ἐπισκοπῆς</em></strong></span> <span class='ocrx_word' id='word_1_267' title='bbox 551 1043 776 1085; x_wconf 79' lang='grc' dir='ltr'><strong><em>χειροτονίαν</em></strong></span> <span class='ocrx_word' id='word_1_268' title='bbox 800 1038 990 1085; x_wconf 72' lang='grc' dir='ltr'><strong><em>παρέλθοι,</em></strong></span> <span class='ocrx_word' id='word_1_269' title='bbox 1016 1037 1187 1073; x_wconf 78' lang='grc' dir='ltr'><strong><em>ἀντείποι</em></strong></span> <span class='ocrx_word' id='word_1_270' title='bbox 1206 1037 1248 1073; x_wconf 82' lang='grc' dir='ltr'><strong>δέ</strong></span> <span class='ocrx_word' id='word_1_271' title='bbox 1314 1040 1543 1083; x_wconf 75' lang='lat' dir='ltr'><strong>episcopatus</strong></span> <span class='ocrx_word' id='word_1_272' title='bbox 1565 1039 1826 1074; x_wconf 81' lang='lat' dir='ltr'><strong>ordinationem</strong></span> <span class='ocrx_word' id='word_1_273' title='bbox 1841 1043 2014 1081; x_wconf 87' lang='lat' dir='ltr'><strong>transeat,</strong></span> <span class='ocrx_word' id='word_1_274' title='bbox 2037 1040 2263 1076; x_wconf 81' lang='lat' dir='ltr'><strong>contradicat</strong></span> <span class='ocrx_word' id='word_1_275' title='bbox 2282 1045 2402 1076; x_wconf 86' lang='lat' dir='ltr'><strong>autem</strong></span> 
     </span>
     <span class='ocr_line' id='line_1_22' title="bbox 160 1082 2400 1134; baseline -0.002 -9"><span class='ocrx_word' id='word_1_276' title='bbox 160 1102 214 1125; x_wconf 88' lang='grc' dir='ltr'><strong>τις</strong></span> <span class='ocrx_word' id='word_1_277' title='bbox 237 1092 297 1124; x_wconf 82' lang='grc' dir='ltr'><strong>καὶ</strong></span> <span class='ocrx_word' id='word_1_278' title='bbox 327 1086 450 1134; x_wconf 76' lang='grc' dir='ltr'><strong><em>φήσειε</em></strong></span> <span class='ocrx_word' id='word_1_279' title='bbox 473 1083 673 1120; x_wconf 78' lang='grc' dir='ltr'><strong><em>συνειδέναι</em></strong></span> <span class='ocrx_word' id='word_1_280' title='bbox 696 1099 733 1119; x_wconf 92' lang='grc' dir='ltr'><strong>τι</strong></span> <span class='ocrx_word' id='word_1_281' title='bbox 756 1086 835 1119; x_wconf 83' lang='grc' dir='ltr'><strong>τῶν</strong></span> <span class='ocrx_word' id='word_1_282' title='bbox 866 1082 1017 1119; x_wconf 80' lang='grc' dir='ltr'><strong><em>ἀτόπων</em></strong></span> <span class='ocrx_word' id='word_1_283' title='bbox 1043 1083 1163 1128; x_wconf 76' lang='grc' dir='ltr'><strong><em>αὐτῷ,</em></strong></span> <span class='ocrx_word' id='word_1_284' title='bbox 1195 1083 1244 1129; x_wconf 81' lang='grc' dir='ltr'><strong>μὴ</strong></span> <span class='ocrx_word' id='word_1_285' title='bbox 1314 1085 1443 1129; x_wconf 84' lang='lat' dir='ltr'><strong>aliquis</strong></span> <span class='ocrx_word' id='word_1_286' title='bbox 1474 1088 1582 1129; x_wconf 83' lang='lat' dir='ltr'><strong>atque</strong></span> <span class='ocrx_word' id='word_1_287' title='bbox 1616 1085 1714 1120; x_wconf 88' lang='lat' dir='ltr'><strong>dicat</strong></span> <span class='ocrx_word' id='word_1_288' title='bbox 1746 1085 1930 1120; x_wconf 89' lang='lat' dir='ltr'><strong>conscium</strong></span> <span class='ocrx_word' id='word_1_289' title='bbox 1955 1095 1994 1120; x_wconf 89' lang='lat' dir='ltr'><strong>se</strong></span> <span class='ocrx_word' id='word_1_290' title='bbox 2018 1096 2096 1121; x_wconf 86' lang='lat' dir='ltr'><strong>esse</strong></span> <span class='ocrx_word' id='word_1_291' title='bbox 2121 1086 2274 1121; x_wconf 89' lang='lat' dir='ltr'><strong>alicuius</strong></span> <span class='ocrx_word' id='word_1_292' title='bbox 2298 1087 2400 1121; x_wconf 90' lang='lat' dir='ltr'><strong>illici—</strong></span> 
     </span>
     <span class='ocr_line' id='line_1_23' title="bbox 161 1127 2399 1183; baseline -0.001 -13"><span class='ocrx_word' id='word_1_293' title='bbox 161 1133 339 1183; x_wconf 86' lang='grc' dir='ltr'><strong><em>πρότερον</em></strong></span> <span class='ocrx_word' id='word_1_294' title='bbox 363 1130 551 1173; x_wconf 79' lang='grc' dir='ltr'><strong><em>ἀξιούσθω</em></strong></span> <span class='ocrx_word' id='word_1_295' title='bbox 569 1132 631 1174; x_wconf 86' lang='grc' dir='ltr'><strong>τῆς</strong></span> <span class='ocrx_word' id='word_1_296' title='bbox 647 1134 877 1174; x_wconf 84' lang='grc' dir='ltr'><strong><em>χειροτονίας,</em></strong></span> <span class='ocrx_word' id='word_1_297' title='bbox 902 1132 991 1175; x_wconf 87' lang='grc' dir='ltr'><strong><em>πρὶν</em></strong></span> <span class='ocrx_word' id='word_1_298' title='bbox 1015 1127 1061 1163; x_wconf 78' lang='grc' dir='ltr'><strong>ἂν</strong></span> <span class='ocrx_word' id='word_1_299' title='bbox 1086 1130 1244 1170; x_wconf 72' lang='grc' dir='ltr'><strong><em>ἐξετασίς</em></strong></span> <span class='ocrx_word' id='word_1_300' title='bbox 1258 1133 1299 1164; x_wconf 80' lang='lat'><strong>20</strong></span> <span class='ocrx_word' id='word_1_301' title='bbox 1313 1133 1431 1166; x_wconf 87' lang='lat' dir='ltr'><strong>torum</strong></span> <span class='ocrx_word' id='word_1_302' title='bbox 1455 1130 1500 1171; x_wconf 90' lang='lat' dir='ltr'><strong>ei,</strong></span> <span class='ocrx_word' id='word_1_303' title='bbox 1525 1140 1597 1164; x_wconf 91' lang='lat' dir='ltr'><strong>non</strong></span> <span class='ocrx_word' id='word_1_304' title='bbox 1621 1130 1720 1174; x_wconf 87' lang='lat' dir='ltr'><strong>prius</strong></span> <span class='ocrx_word' id='word_1_305' title='bbox 1745 1134 1924 1165; x_wconf 86' lang='lat' dir='ltr'><strong>mereatur</strong></span> <span class='ocrx_word' id='word_1_306' title='bbox 1948 1130 2178 1176; x_wconf 86' lang='lat' dir='ltr'><strong>episcopatus</strong></span> <span class='ocrx_word' id='word_1_307' title='bbox 2203 1132 2399 1167; x_wconf 88' lang='lat' dir='ltr'><strong>ordinatio—</strong></span> 
     </span>
     <span class='ocr_line' id='line_1_24' title="bbox 160 1175 2400 1225; baseline -0.001 -10"><span class='ocrx_word' id='word_1_308' title='bbox 160 1194 200 1215; x_wconf 88' lang='grc' dir='ltr'><strong>τε</strong></span> <span class='ocrx_word' id='word_1_309' title='bbox 222 1182 301 1214; x_wconf 80' lang='grc' dir='ltr'><strong>τῶν</strong></span> <span class='ocrx_word' id='word_1_310' title='bbox 324 1175 642 1225; x_wconf 73' lang='grc' dir='ltr'><strong><em>προςηγγελμένων</em></strong></span> <span class='ocrx_word' id='word_1_311' title='bbox 671 1179 819 1221; x_wconf 80' lang='grc' dir='ltr'><strong><em>γένηται</em></strong></span> <span class='ocrx_word' id='word_1_312' title='bbox 851 1178 911 1209; x_wconf 83' lang='grc' dir='ltr'><strong>καὶ</strong></span> <span class='ocrx_word' id='word_1_313' title='bbox 943 1179 1072 1220; x_wconf 82' lang='grc' dir='ltr'><strong><em>φανείη</em></strong></span> <span class='ocrx_word' id='word_1_314' title='bbox 1104 1188 1242 1210; x_wconf 86' lang='grc' dir='ltr'><strong><em>παντα-</em></strong></span> <span class='ocrx_word' id='word_1_315' title='bbox 1313 1186 1403 1218; x_wconf 90' lang='lat' dir='ltr'><strong>nem,</strong></span> <span class='ocrx_word' id='word_1_316' title='bbox 1430 1185 1536 1219; x_wconf 86' lang='lat' dir='ltr'><strong>quam</strong></span> <span class='ocrx_word' id='word_1_317' title='bbox 1561 1176 1776 1210; x_wconf 79' lang='lat' dir='ltr'><strong>examinatio</strong></span> <span class='ocrx_word' id='word_1_318' title='bbox 1824 1176 2102 1211; x_wconf 83' lang='lat' dir='ltr'><strong>nerimoniarum</strong></span> <span class='ocrx_word' id='word_1_319' title='bbox 2126 1177 2200 1220; x_wconf 84' lang='lat' dir='ltr'><strong>fiat,</strong></span> <span class='ocrx_word' id='word_1_320' title='bbox 2228 1180 2266 1212; x_wconf 85' lang='lat' dir='ltr'><strong>et</strong></span> <span class='ocrx_word' id='word_1_321' title='bbox 2289 1188 2400 1223; x_wconf 83' lang='lat' dir='ltr'><strong>appa-</strong></span> 
     </span>
     <span class='ocr_line' id='line_1_25' title="bbox 159 1186 2401 1269; baseline -0.001 -9"><span class='ocrx_word' id='word_1_322' title='bbox 159 1225 274 1269; x_wconf 87' lang='grc' dir='ltr'><strong><em>χόθεν</em></strong></span> <span class='ocrx_word' id='word_1_323' title='bbox 304 1221 512 1258; x_wconf 72' lang='grc' dir='ltr'><strong><em>ἀνεύθυνος.</em></strong></span> <span class='ocrx_word' id='word_1_324' title='bbox 564 1218 611 1255; x_wconf 66' lang='lat' dir='ltr'><strong>ais</strong></span> <span class='ocrx_word' id='word_1_325' title='bbox 643 1222 742 1268; x_wconf 78' lang='grc' dir='ltr'><strong><em>εἴγε</em></strong></span> <span class='ocrx_word' id='word_1_326' title='bbox 771 1224 830 1254; x_wconf 78' lang='grc' dir='ltr'><strong>καὶ</strong></span> <span class='ocrx_word' id='word_1_327' title='bbox 859 1219 950 1265; x_wconf 81' lang='grc' dir='ltr'><strong><em>μετὰ</em></strong></span> <span class='ocrx_word' id='word_1_328' title='bbox 980 1220 1047 1264; x_wconf 83' lang='grc' dir='ltr'><strong>την</strong></span> <span class='ocrx_word' id='word_1_329' title='bbox 1070 1218 1244 1263; x_wconf 79' lang='grc' dir='ltr'><strong><em>τοιαύτην</em></strong></span> <span class='ocrx_word' id='word_1_330' title='bbox 1312 1226 1390 1256; x_wconf 89' lang='lat' dir='ltr'><strong>reat</strong></span> <span class='ocrx_word' id='word_1_331' title='bbox 1410 1221 1567 1265; x_wconf 90' lang='lat' dir='ltr'><strong>undique</strong></span> <span class='ocrx_word' id='word_1_332' title='bbox 1587 1220 1767 1257; x_wconf 84' lang='lat' dir='ltr'><strong>innoxius.</strong></span> <span class='ocrx_word' id='word_1_333' title='bbox 1801 1186 1938 1264; x_wconf 47' lang='lat' dir='ltr'><strong>⁴{luodsi</strong></span> <span class='ocrx_word' id='word_1_334' title='bbox 1960 1222 2068 1256; x_wconf 85' lang='lat' dir='ltr'><strong>etiam</strong></span> <span class='ocrx_word' id='word_1_335' title='bbox 2091 1228 2174 1267; x_wconf 89' lang='lat' dir='ltr'><strong>post</strong></span> <span class='ocrx_word' id='word_1_336' title='bbox 2198 1223 2401 1259; x_wconf 85' lang='lat' dir='ltr'><strong>huiusmodi</strong></span> 
     </span>
     <span class='ocr_line' id='line_1_26' title="bbox 159 1262 2401 1317; baseline -0 -12"><span class='ocrx_word' id='word_1_337' title='bbox 159 1270 370 1317; x_wconf 80' lang='grc' dir='ltr'><strong><em>ἀντίρρησιν</em></strong></span> <span class='ocrx_word' id='word_1_338' title='bbox 392 1265 456 1301; x_wconf 77' lang='grc' dir='ltr'><strong>οὐκ</strong></span> <span class='ocrx_word' id='word_1_339' title='bbox 479 1263 719 1311; x_wconf 77' lang='grc' dir='ltr'><strong><em>ἀνασχόμενος</em></strong></span> <span class='ocrx_word' id='word_1_340' title='bbox 743 1262 762 1300; x_wconf 79' lang='grc' dir='ltr'>ὁ</span> <span class='ocrx_word' id='word_1_341' title='bbox 780 1265 854 1309; x_wconf 63' lang='grc' dir='ltr'><strong><em>,τὴν</em></strong></span> <span class='ocrx_word' id='word_1_342' title='bbox 875 1270 1099 1312; x_wconf 82' lang='grc' dir='ltr'><strong><em>χειροτονίαν</em></strong></span> <span class='ocrx_word' id='word_1_343' title='bbox 1123 1267 1243 1301; x_wconf 84' lang='grc' dir='ltr'><strong><em>ποιῶν</em></strong></span> <span class='ocrx_word' id='word_1_344' title='bbox 1314 1266 1631 1301; x_wconf 80' lang='lat' dir='ltr'><strong>contradictionem</strong></span> <span class='ocrx_word' id='word_1_345' title='bbox 1674 1277 1747 1301; x_wconf 90' lang='lat' dir='ltr'><strong>non</strong></span> <span class='ocrx_word' id='word_1_346' title='bbox 1794 1277 1922 1313; x_wconf 80' lang='lat' dir='ltr'><strong>passus</strong></span> <span class='ocrx_word' id='word_1_347' title='bbox 1964 1267 1995 1301; x_wconf 81' lang='lat' dir='ltr'><strong>is</strong></span> <span class='ocrx_word' id='word_1_348' title='bbox 2040 1269 2099 1312; x_wconf 88' lang='lat' dir='ltr'><strong>qui</strong></span> <span class='ocrx_word' id='word_1_349' title='bbox 2140 1269 2401 1304; x_wconf 81' lang='lat' dir='ltr'><strong>ordinationem</strong></span> 
     </span>
     <span class='ocr_line' id='line_1_27' title="bbox 158 1310 2400 1359; baseline -0 -9"><span class='ocrx_word' id='word_1_350' title='bbox 158 1315 225 1359; x_wconf 84' lang='grc' dir='ltr'><strong>τὴν</strong></span> <span class='ocrx_word' id='word_1_351' title='bbox 256 1316 520 1357; x_wconf 77' lang='grc' dir='ltr'><strong><em>νενομισμένην</em></strong></span> <span class='ocrx_word' id='word_1_352' title='bbox 551 1312 716 1352; x_wconf 79' lang='grc' dir='ltr'><strong><em>ἐξέτασιν</em></strong></span> <span class='ocrx_word' id='word_1_353' title='bbox 748 1313 937 1346; x_wconf 69' lang='grc' dir='ltr'><strong><em>ἐπιθεῖναι</em></strong></span> <span class='ocrx_word' id='word_1_354' title='bbox 969 1314 1023 1355; x_wconf 77' lang='grc' dir='ltr'><strong>τῷ</strong></span> <span class='ocrx_word' id='word_1_355' title='bbox 1057 1310 1243 1359; x_wconf 80' lang='grc' dir='ltr'><strong><em>πράγματι</em></strong></span> <span class='ocrx_word' id='word_1_356' title='bbox 1312 1312 1400 1347; x_wconf 75' lang='lat' dir='ltr'><strong>facit</strong></span> <span class='ocrx_word' id='word_1_357' title='bbox 1430 1312 1623 1356; x_wconf 74' lang='lat' dir='ltr'><strong>legitimam</strong></span> <span class='ocrx_word' id='word_1_358' title='bbox 1653 1312 1952 1347; x_wconf 85' lang='lat' dir='ltr'><strong>examinationem</strong></span> <span class='ocrx_word' id='word_1_359' title='bbox 1975 1312 2110 1357; x_wconf 85' lang='lat' dir='ltr'><strong>imponi</strong></span> <span class='ocrx_word' id='word_1_360' title='bbox 2135 1324 2284 1357; x_wconf 84' lang='lat' dir='ltr'><strong>causae,</strong></span> <span class='ocrx_word' id='word_1_361' title='bbox 2318 1325 2400 1349; x_wconf 80' lang='lat' dir='ltr'><strong>our-</strong></span> 
     </span>
     <span class='ocr_line' id='line_1_28' title="bbox 158 1355 2399 1408; baseline 0.001 -16"><span class='ocrx_word' id='word_1_362' title='bbox 158 1359 287 1408; x_wconf 79' lang='grc' dir='ltr'><strong><em>δράμοι</em></strong></span> <span class='ocrx_word' id='word_1_363' title='bbox 322 1359 410 1405; x_wconf 85' lang='grc' dir='ltr'><strong><em>πρὸς</em></strong></span> <span class='ocrx_word' id='word_1_364' title='bbox 440 1357 507 1402; x_wconf 85' lang='grc' dir='ltr'><strong>τὴν</strong></span> <span class='ocrx_word' id='word_1_365' title='bbox 538 1361 773 1403; x_wconf 86' lang='grc' dir='ltr'><strong><em>χειροτονίαν,</em></strong></span> <span class='ocrx_word' id='word_1_366' title='bbox 809 1358 899 1391; x_wconf 86' lang='grc' dir='ltr'><strong><em>ἴστω</em></strong></span> <span class='ocrx_word' id='word_1_367' title='bbox 929 1355 972 1392; x_wconf 81' lang='grc' dir='ltr'><strong>τὸ</strong></span> <span class='ocrx_word' id='word_1_368' title='bbox 1005 1355 1096 1403; x_wconf 71' lang='grc' dir='ltr'><strong><em>παρ’</em></strong></span> <span class='ocrx_word' id='word_1_369' title='bbox 1131 1355 1242 1391; x_wconf 80' lang='grc' dir='ltr'><strong><em>αὐτοῦ</em></strong></span> <span class='ocrx_word' id='word_1_370' title='bbox 1257 1360 1296 1391; x_wconf 81' lang='lat'><strong>25</strong></span> <span class='ocrx_word' id='word_1_371' title='bbox 1312 1360 1371 1393; x_wconf 86' lang='lat' dir='ltr'><strong>rat</strong></span> <span class='ocrx_word' id='word_1_372' title='bbox 1394 1357 1439 1393; x_wconf 86' lang='lat' dir='ltr'><strong>ad</strong></span> <span class='ocrx_word' id='word_1_373' title='bbox 1464 1357 1736 1399; x_wconf 84' lang='lat' dir='ltr'><strong>ordinationem,</strong></span> <span class='ocrx_word' id='word_1_374' title='bbox 1762 1356 1864 1400; x_wconf 86' lang='lat' dir='ltr'><strong>sciat,</strong></span> <span class='ocrx_word' id='word_1_375' title='bbox 1890 1357 1988 1403; x_wconf 89' lang='lat' dir='ltr'><strong>quod</strong></span> <span class='ocrx_word' id='word_1_376' title='bbox 2011 1358 2057 1393; x_wconf 89' lang='lat' dir='ltr'><strong>ab</strong></span> <span class='ocrx_word' id='word_1_377' title='bbox 2075 1369 2117 1393; x_wconf 88' lang='lat' dir='ltr'><strong>eo</strong></span> <span class='ocrx_word' id='word_1_378' title='bbox 2132 1359 2182 1401; x_wconf 85' lang='lat' dir='ltr'><strong>fit,</strong></span> <span class='ocrx_word' id='word_1_379' title='bbox 2207 1370 2273 1404; x_wconf 87' lang='lat' dir='ltr'><strong>pro</strong></span> <span class='ocrx_word' id='word_1_380' title='bbox 2289 1360 2399 1395; x_wconf 91' lang='lat' dir='ltr'><strong>nihilo</strong></span> 
     </span>
     <span class='ocr_line' id='line_1_29' title="bbox 156 1400 2397 1452; baseline 0 -12"><span class='ocrx_word' id='word_1_381' title='bbox 156 1406 348 1452; x_wconf 79' lang='grc' dir='ltr'><strong><em>γινόμενον</em></strong></span> <span class='ocrx_word' id='word_1_382' title='bbox 371 1401 455 1438; x_wconf 71' lang='grc' dir='ltr'><strong><em>ἀντ’</em></strong></span> <span class='ocrx_word' id='word_1_383' title='bbox 483 1400 628 1438; x_wconf 77' lang='grc' dir='ltr'><strong><em>οὐδενὸς</em></strong></span> <span class='ocrx_word' id='word_1_384' title='bbox 652 1403 711 1436; x_wconf 84' lang='grc' dir='ltr'><strong>ὄν·</strong></span> <span class='ocrx_word' id='word_1_385' title='bbox 745 1400 827 1437; x_wconf 78' lang='grc' dir='ltr'><strong>ἀλλ’</strong></span> <span class='ocrx_word' id='word_1_386' title='bbox 854 1400 873 1437; x_wconf 76' lang='grc' dir='ltr'><em>ὅ</em></span> <span class='ocrx_word' id='word_1_387' title='bbox 897 1417 938 1437; x_wconf 86' lang='grc' dir='ltr'><strong>τε</strong></span> <span class='ocrx_word' id='word_1_388' title='bbox 970 1402 1070 1449; x_wconf 76' lang='grc' dir='ltr'><strong><em>παρὰ</em></strong></span> <span class='ocrx_word' id='word_1_389' title='bbox 1094 1401 1159 1437; x_wconf 79' lang='grc' dir='ltr'><strong>τὸν</strong></span> <span class='ocrx_word' id='word_1_390' title='bbox 1183 1401 1241 1436; x_wconf 86' lang='grc' dir='ltr'><strong>νό-</strong></span> <span class='ocrx_word' id='word_1_391' title='bbox 1312 1413 1408 1438; x_wconf 79' lang='lat' dir='ltr'><strong>esse:</strong></span> <span class='ocrx_word' id='word_1_392' title='bbox 1457 1403 1520 1439; x_wconf 83' lang='lat' dir='ltr'><strong>sed</strong></span> <span class='ocrx_word' id='word_1_393' title='bbox 1545 1406 1581 1438; x_wconf 89' lang='lat' dir='ltr'><strong>et</strong></span> <span class='ocrx_word' id='word_1_394' title='bbox 1604 1403 1653 1446; x_wconf 84' lang='lat' dir='ltr'><strong>is,</strong></span> <span class='ocrx_word' id='word_1_395' title='bbox 1686 1403 1746 1448; x_wconf 89' lang='lat' dir='ltr'><strong>qui</strong></span> <span class='ocrx_word' id='word_1_396' title='bbox 1771 1405 1897 1438; x_wconf 80' lang='lat' dir='ltr'><strong>contra</strong></span> <span class='ocrx_word' id='word_1_397' title='bbox 1926 1403 2039 1447; x_wconf 84' lang='lat' dir='ltr'><strong>legem</strong></span> <span class='ocrx_word' id='word_1_398' title='bbox 2063 1403 2120 1448; x_wconf 91' lang='lat' dir='ltr'><strong>fit,</strong></span> <span class='ocrx_word' id='word_1_399' title='bbox 2153 1405 2258 1440; x_wconf 87' lang='lat' dir='ltr'><strong>cadet</strong></span> <span class='ocrx_word' id='word_1_400' title='bbox 2281 1415 2397 1440; x_wconf 83' lang='lat' dir='ltr'><strong>Sacer-</strong></span> 
     </span>
     <span class='ocr_line' id='line_1_30' title="bbox 153 1446 2400 1498; baseline 0 -13"><span class='ocrx_word' id='word_1_401' title='bbox 153 1451 226 1496; x_wconf 54' lang='lat' dir='ltr'><strong>,uov</strong></span> <span class='ocrx_word' id='word_1_402' title='bbox 249 1448 438 1498; x_wconf 79' lang='grc' dir='ltr'><strong><em>γενόμενος</em></strong></span> <span class='ocrx_word' id='word_1_403' title='bbox 467 1450 670 1483; x_wconf 79' lang='grc' dir='ltr'><strong><em>ἐκπεσεῖται</em></strong></span> <span class='ocrx_word' id='word_1_404' title='bbox 701 1450 763 1491; x_wconf 82' lang='grc' dir='ltr'><strong>τῆς</strong></span> <span class='ocrx_word' id='word_1_405' title='bbox 793 1447 987 1494; x_wconf 79' lang='grc' dir='ltr'><strong><em>ἱερωσύνης</em></strong></span> <span class='ocrx_word' id='word_1_406' title='bbox 1010 1446 1029 1482; x_wconf 83' lang='grc' dir='ltr'><strong>ὅ</strong></span> <span class='ocrx_word' id='word_1_407' title='bbox 1055 1462 1095 1483; x_wconf 84' lang='grc' dir='ltr'><strong>τε</strong></span> <span class='ocrx_word' id='word_1_408' title='bbox 1125 1446 1240 1482; x_wconf 62' lang='lat' dir='ltr'><strong>tidoni-</strong></span> <span class='ocrx_word' id='word_1_409' title='bbox 1312 1449 1431 1491; x_wconf 86' lang='lat' dir='ltr'><strong>dotio,</strong></span> <span class='ocrx_word' id='word_1_410' title='bbox 1466 1453 1501 1484; x_wconf 82' lang='lat' dir='ltr'><strong>et</strong></span> <span class='ocrx_word' id='word_1_411' title='bbox 1525 1448 1586 1493; x_wconf 89' lang='lat' dir='ltr'><strong>qui</strong></span> <span class='ocrx_word' id='word_1_412' title='bbox 1610 1449 1687 1484; x_wconf 82' lang='lat' dir='ltr'><strong>sine</strong></span> <span class='ocrx_word' id='word_1_413' title='bbox 1718 1448 1931 1493; x_wconf 78' lang='lat' dir='ltr'><strong>probatione</strong></span> <span class='ocrx_word' id='word_1_414' title='bbox 1955 1449 2002 1483; x_wconf 85' lang='lat' dir='ltr'><strong>im</strong></span> <span class='ocrx_word' id='word_1_415' title='bbox 2031 1449 2106 1485; x_wconf 89' lang='lat' dir='ltr'><strong>onit</strong></span> <span class='ocrx_word' id='word_1_416' title='bbox 2130 1450 2400 1492; x_wconf 82' lang='lat' dir='ltr'><strong>ordinationem,</strong></span> 
     </span>
     <span class='ocr_line' id='line_1_31' title="bbox 155 1490 2400 1542; baseline 0 -12"><span class='ocrx_word' id='word_1_417' title='bbox 155 1507 298 1542; x_wconf 85' lang='grc' dir='ltr'><strong><em>μαστον</em></strong></span> <span class='ocrx_word' id='word_1_418' title='bbox 314 1496 457 1530; x_wconf 69' lang='grc' dir='ltr'><strong><em>ἐπιθεὶς</em></strong></span> <span class='ocrx_word' id='word_1_419' title='bbox 478 1494 546 1538; x_wconf 82' lang='grc' dir='ltr'><strong>τὴν</strong></span> <span class='ocrx_word' id='word_1_420' title='bbox 569 1498 794 1540; x_wconf 78' lang='grc' dir='ltr'><strong><em>χειροτονίαν</em></strong></span> <span class='ocrx_word' id='word_1_421' title='bbox 810 1498 870 1528; x_wconf 82' lang='grc' dir='ltr'><strong>καὶ</strong></span> <span class='ocrx_word' id='word_1_422' title='bbox 890 1492 997 1528; x_wconf 74' lang='grc' dir='ltr'><strong><em>αὐτὸς</em></strong></span> <span class='ocrx_word' id='word_1_423' title='bbox 1019 1496 1087 1538; x_wconf 82' lang='grc' dir='ltr'><strong>μὲν</strong></span> <span class='ocrx_word' id='word_1_424' title='bbox 1111 1490 1242 1538; x_wconf 73' lang='grc' dir='ltr'><strong><em>ὁμοίως</em></strong></span> <span class='ocrx_word' id='word_1_425' title='bbox 1312 1499 1348 1530; x_wconf 90' lang='lat' dir='ltr'><strong>et</strong></span> <span class='ocrx_word' id='word_1_426' title='bbox 1371 1495 1448 1539; x_wconf 79' lang='lat' dir='ltr'><strong>ipse</strong></span> <span class='ocrx_word' id='word_1_427' title='bbox 1473 1494 1615 1540; x_wconf 87' lang='lat' dir='ltr'><strong>quidem</strong></span> <span class='ocrx_word' id='word_1_428' title='bbox 1640 1493 1802 1529; x_wconf 86' lang='lat' dir='ltr'><strong>similiter</strong></span> <span class='ocrx_word' id='word_1_429' title='bbox 1826 1494 1930 1530; x_wconf 82' lang='lat' dir='ltr'><strong>cadet</strong></span> <span class='ocrx_word' id='word_1_430' title='bbox 1954 1505 1992 1530; x_wconf 84' lang='lat' dir='ltr'><strong>se</strong></span> <span class='ocrx_word' id='word_1_431' title='bbox 2019 1505 2038 1530; x_wconf 89' lang='lat' dir='ltr'><strong>e</strong></span> <span class='ocrx_word' id='word_1_432' title='bbox 2062 1496 2288 1540; x_wconf 81' lang='lat' dir='ltr'><strong>sacerdotali,</strong></span> <span class='ocrx_word' id='word_1_433' title='bbox 2317 1507 2400 1531; x_wconf 80' lang='lat' dir='ltr'><strong>reus</strong></span> 
     </span>
     <span class='ocr_line' id='line_1_32' title="bbox 158 1538 2400 1592; baseline 0 -16"><span class='ocrx_word' id='word_1_434' title='bbox 158 1544 361 1576; x_wconf 79' lang='grc' dir='ltr'><strong><em>ἐκπεσεῖται</em></strong></span> <span class='ocrx_word' id='word_1_435' title='bbox 392 1541 455 1574; x_wconf 87' lang='grc' dir='ltr'><strong>τοῦ</strong></span> <span class='ocrx_word' id='word_1_436' title='bbox 481 1539 620 1585; x_wconf 85' lang='grc' dir='ltr'><strong><em>θρόνου</em></strong></span> <span class='ocrx_word' id='word_1_437' title='bbox 645 1540 707 1583; x_wconf 83' lang='grc' dir='ltr'><strong>τῆς</strong></span> <span class='ocrx_word' id='word_1_438' title='bbox 731 1539 923 1585; x_wconf 79' lang='grc' dir='ltr'><strong><em>ἱερατείας,</em></strong></span> <span class='ocrx_word' id='word_1_439' title='bbox 954 1542 1014 1573; x_wconf 81' lang='grc' dir='ltr'><strong>καὶ</strong></span> <span class='ocrx_word' id='word_1_440' title='bbox 1038 1538 1242 1575; x_wconf 80' lang='grc' dir='ltr'><strong><em>ὑπεύθυνος</em></strong></span> <span class='ocrx_word' id='word_1_441' title='bbox 1312 1542 1432 1575; x_wconf 88' lang='lat' dir='ltr'><strong>autem</strong></span> <span class='ocrx_word' id='word_1_442' title='bbox 1458 1540 1525 1575; x_wconf 88' lang='lat' dir='ltr'><strong>erit</strong></span> <span class='ocrx_word' id='word_1_443' title='bbox 1549 1539 1635 1582; x_wconf 88' lang='lat' dir='ltr'><strong>deo,</strong></span> <span class='ocrx_word' id='word_1_444' title='bbox 1668 1540 1728 1584; x_wconf 87' lang='lat' dir='ltr'><strong>qui</strong></span> <span class='ocrx_word' id='word_1_445' title='bbox 1754 1540 1947 1592; x_wconf 85' lang='lat' dir='ltr'><strong>praecipue</strong></span> <span class='ocrx_word' id='word_1_446' title='bbox 1972 1540 2128 1576; x_wconf 89' lang='lat' dir='ltr'><strong>omnium</strong></span> <span class='ocrx_word' id='word_1_447' title='bbox 2153 1543 2295 1586; x_wconf 88' lang='lat' dir='ltr'><strong>quaerit</strong></span> <span class='ocrx_word' id='word_1_448' title='bbox 2318 1553 2400 1577; x_wconf 88' lang='lat' dir='ltr'><strong>suo-</strong></span> 
     </span>
     <span class='ocr_line' id='line_1_33' title="bbox 157 1582 2400 1632; baseline 0 -11"><span class='ocrx_word' id='word_1_449' title='bbox 157 1589 260 1621; x_wconf 68' lang='grc' dir='ltr'><strong><em>ἔσται</em></strong></span> <span class='ocrx_word' id='word_1_450' title='bbox 292 1587 372 1630; x_wconf 75' lang='grc' dir='ltr'><strong>θεῷ</strong></span> <span class='ocrx_word' id='word_1_451' title='bbox 405 1587 458 1629; x_wconf 80' lang='grc' dir='ltr'><strong>τῷ</strong></span> <span class='ocrx_word' id='word_1_452' title='bbox 491 1582 649 1630; x_wconf 66' lang='grc' dir='ltr'><strong><em>μάλιστα</em></strong></span> <span class='ocrx_word' id='word_1_453' title='bbox 682 1582 835 1620; x_wconf 81' lang='grc' dir='ltr'><strong><em>πάντων</em></strong></span> <span class='ocrx_word' id='word_1_454' title='bbox 867 1586 1035 1629; x_wconf 81' lang='grc' dir='ltr'><strong><em>ζητοῦντι</em></strong></span> <span class='ocrx_word' id='word_1_455' title='bbox 1066 1586 1133 1629; x_wconf 83' lang='grc' dir='ltr'><strong>τὴν</strong></span> <span class='ocrx_word' id='word_1_456' title='bbox 1164 1586 1298 1619; x_wconf 65' lang='grc' dir='ltr'><strong><em>τῶνζῖθ</em></strong></span> <span class='ocrx_word' id='word_1_457' title='bbox 1312 1597 1391 1621; x_wconf 91' lang='lat' dir='ltr'><strong>rum</strong></span> <span class='ocrx_word' id='word_1_458' title='bbox 1422 1585 1649 1621; x_wconf 79' lang='lat' dir='ltr'><strong>sacerdotum</strong></span> <span class='ocrx_word' id='word_1_459' title='bbox 1682 1588 1887 1630; x_wconf 81' lang='lat' dir='ltr'><strong>puritatem.</strong></span> <span class='ocrx_word' id='word_1_460' title='bbox 1936 1586 1973 1620; x_wconf 89' lang='lat' dir='ltr'><strong>Si</strong></span> <span class='ocrx_word' id='word_1_461' title='bbox 1996 1590 2116 1622; x_wconf 81' lang='lat' dir='ltr'><strong>tamen</strong></span> <span class='ocrx_word' id='word_1_462' title='bbox 2140 1587 2189 1628; x_wconf 85' lang='lat' dir='ltr'><strong>is,</strong></span> <span class='ocrx_word' id='word_1_463' title='bbox 2217 1587 2283 1632; x_wconf 23' lang='lat' dir='ltr'><strong>uqui</strong></span> <span class='ocrx_word' id='word_1_464' title='bbox 2306 1587 2400 1623; x_wconf 89' lang='lat' dir='ltr'><strong>ordi-</strong></span> 
     </span>
     <span class='ocr_line' id='line_1_34' title="bbox 157 1628 2402 1678; baseline 0.001 -12"><span class='ocrx_word' id='word_1_465' title='bbox 157 1634 300 1667; x_wconf 77' lang='grc' dir='ltr'><strong><em>οἰκείων</em></strong></span> <span class='ocrx_word' id='word_1_466' title='bbox 325 1632 450 1678; x_wconf 83' lang='grc' dir='ltr'><strong><em>ἱερέων</em></strong></span> <span class='ocrx_word' id='word_1_467' title='bbox 475 1628 726 1677; x_wconf 81' lang='grc' dir='ltr'><strong><em>καθαρότητα.</em></strong></span> <span class='ocrx_word' id='word_1_468' title='bbox 764 1631 811 1664; x_wconf 85' lang='grc' dir='ltr'><strong>Εἰ</strong></span> <span class='ocrx_word' id='word_1_469' title='bbox 833 1634 959 1675; x_wconf 73' lang='grc' dir='ltr'><strong><em>μέντοι</em></strong></span> <span class='ocrx_word' id='word_1_470' title='bbox 984 1644 1001 1664; x_wconf 86' lang='grc' dir='ltr'><strong>ε</strong></span> <span class='ocrx_word' id='word_1_471' title='bbox 1025 1628 1044 1665; x_wconf 91' lang='grc' dir='ltr'>ὁ</span> <span class='ocrx_word' id='word_1_472' title='bbox 1069 1629 1158 1677; x_wconf 88' lang='grc' dir='ltr'><strong><em>πρὸς</em></strong></span> <span class='ocrx_word' id='word_1_473' title='bbox 1176 1629 1243 1673; x_wconf 79' lang='grc' dir='ltr'><strong>τὴν</strong></span> <span class='ocrx_word' id='word_1_474' title='bbox 1312 1631 1451 1667; x_wconf 86' lang='lat' dir='ltr'><strong>nationi</strong></span> <span class='ocrx_word' id='word_1_475' title='bbox 1476 1631 1711 1673; x_wconf 84' lang='lat' dir='ltr'><strong>contradicit,</strong></span> <span class='ocrx_word' id='word_1_476' title='bbox 1737 1635 1801 1666; x_wconf 86' lang='lat' dir='ltr'><strong>aut</strong></span> <span class='ocrx_word' id='word_1_477' title='bbox 1824 1631 2084 1667; x_wconf 85' lang='lat' dir='ltr'><strong>examinatione</strong></span> <span class='ocrx_word' id='word_1_478' title='bbox 2106 1632 2206 1667; x_wconf 86' lang='lat' dir='ltr'><strong>facta</strong></span> <span class='ocrx_word' id='word_1_479' title='bbox 2229 1633 2402 1678; x_wconf 85' lang='lat' dir='ltr'><strong>probetur</strong></span> 
     </span>
     <span class='ocr_line' id='line_1_35' title="bbox 156 1644 2399 1726; baseline 0.001 -15"><span class='ocrx_word' id='word_1_480' title='bbox 156 1682 382 1726; x_wconf 85' lang='grc' dir='ltr'><strong><em>χειροτονίαν</em></strong></span> <span class='ocrx_word' id='word_1_481' title='bbox 415 1675 603 1711; x_wconf 76' lang='grc' dir='ltr'><strong><em>ἀντειπών</em></strong></span> <span class='ocrx_word' id='word_1_482' title='bbox 637 1673 658 1719; x_wconf 83' lang='grc' dir='ltr'>ἢ</span> <span class='ocrx_word' id='word_1_483' title='bbox 695 1674 909 1717; x_wconf 75' lang='grc' dir='ltr'><strong><em>ἐπεξελθών</em></strong></span> <span class='ocrx_word' id='word_1_484' title='bbox 944 1644 1106 1719; x_wconf 61' lang='grc' dir='ltr'><strong><em>ὸζιχθείη</em></strong></span> <span class='ocrx_word' id='word_1_485' title='bbox 1143 1688 1241 1710; x_wconf 85' lang='grc' dir='ltr'><strong><em>συκο-</em></strong></span> <span class='ocrx_word' id='word_1_486' title='bbox 1313 1676 1561 1719; x_wconf 82' lang='lat' dir='ltr'><strong>calumniator,</strong></span> <span class='ocrx_word' id='word_1_487' title='bbox 1593 1677 1716 1713; x_wconf 90' lang='lat' dir='ltr'><strong>autin</strong></span> <span class='ocrx_word' id='word_1_488' title='bbox 1741 1677 1821 1722; x_wconf 89' lang='lat' dir='ltr'><strong>ipso</strong></span> <span class='ocrx_word' id='word_1_489' title='bbox 1852 1677 2029 1721; x_wconf 86' lang='lat' dir='ltr'><strong>principio</strong></span> <span class='ocrx_word' id='word_1_490' title='bbox 2059 1688 2175 1721; x_wconf 88' lang='lat' dir='ltr'><strong>neque</strong></span> <span class='ocrx_word' id='word_1_491' title='bbox 2206 1678 2244 1714; x_wconf 90' lang='lat' dir='ltr'><strong>in</strong></span> <span class='ocrx_word' id='word_1_492' title='bbox 2268 1680 2399 1714; x_wconf 87' lang='lat' dir='ltr'><strong>exami-</strong></span> 
     </span>
     <span class='ocr_line' id='line_1_36' title="bbox 158 1718 2399 1770; baseline 0.001 -12"><span class='ocrx_word' id='word_1_493' title='bbox 158 1723 303 1770; x_wconf 81' lang='grc' dir='ltr'><strong><em>φάντης,</em></strong></span> <span class='ocrx_word' id='word_1_494' title='bbox 330 1718 351 1767; x_wconf 83' lang='grc' dir='ltr'><em>ἢ</em></span> <span class='ocrx_word' id='word_1_495' title='bbox 375 1725 435 1757; x_wconf 78' lang='grc' dir='ltr'><strong>καὶ</strong></span> <span class='ocrx_word' id='word_1_496' title='bbox 460 1721 549 1756; x_wconf 82' lang='grc' dir='ltr'><strong><em>αὐτὸ</em></strong></span> <span class='ocrx_word' id='word_1_497' title='bbox 571 1720 640 1764; x_wconf 87' lang='grc' dir='ltr'><strong>τὴν</strong></span> <span class='ocrx_word' id='word_1_498' title='bbox 663 1718 776 1768; x_wconf 85' lang='grc' dir='ltr'><strong><em>ἀρχὴν</em></strong></span> <span class='ocrx_word' id='word_1_499' title='bbox 798 1720 890 1766; x_wconf 75' lang='grc' dir='ltr'><strong><em>μηδὲ</em></strong></span> <span class='ocrx_word' id='word_1_500' title='bbox 913 1720 1125 1763; x_wconf 77' lang='grc' dir='ltr'><strong><em>ἐπεξελθεῖν</em></strong></span> <span class='ocrx_word' id='word_1_501' title='bbox 1150 1722 1242 1768; x_wconf 83' lang='grc' dir='ltr'><strong><em>θαρ-</em></strong></span> <span class='ocrx_word' id='word_1_502' title='bbox 1313 1723 1458 1759; x_wconf 87' lang='lat' dir='ltr'><strong>natione</strong></span> <span class='ocrx_word' id='word_1_503' title='bbox 1481 1722 1673 1768; x_wconf 88' lang='lat' dir='ltr'><strong>persistere</strong></span> <span class='ocrx_word' id='word_1_504' title='bbox 1698 1722 1865 1765; x_wconf 88' lang='lat' dir='ltr'><strong>confidat,</strong></span> <span class='ocrx_word' id='word_1_505' title='bbox 1896 1725 2057 1768; x_wconf 82' lang='lat' dir='ltr'><strong>segreget</strong></span> <span class='ocrx_word' id='word_1_506' title='bbox 2078 1723 2187 1758; x_wconf 87' lang='lat' dir='ltr'><strong>istum</strong></span> <span class='ocrx_word' id='word_1_507' title='bbox 2212 1724 2249 1759; x_wconf 89' lang='lat' dir='ltr'><strong>in</strong></span> <span class='ocrx_word' id='word_1_508' title='bbox 2273 1735 2399 1770; x_wconf 89' lang='lat' dir='ltr'><strong>perpe-</strong></span> 
     </span>
     <span class='ocr_line' id='line_1_37' title="bbox 157 1765 2400 1826; baseline 0 -23"><span class='ocrx_word' id='word_1_509' title='bbox 157 1768 285 1826; x_wconf 80' lang='grc' dir='ltr'><strong><em>ρήσειε,</em></strong></span> <span class='ocrx_word' id='word_1_510' title='bbox 309 1770 495 1816; x_wconf 80' lang='grc' dir='ltr'><strong><em>χωριζέτω</em></strong></span> <span class='ocrx_word' id='word_1_511' title='bbox 518 1767 648 1801; x_wconf 71' lang='grc' dir='ltr'><strong><em>τοῦτον</em></strong></span> <span class='ocrx_word' id='word_1_512' title='bbox 670 1765 842 1810; x_wconf 80' lang='grc' dir='ltr'><strong><em>διηνεκῶς</em></strong></span> <span class='ocrx_word' id='word_1_513' title='bbox 864 1768 926 1811; x_wconf 77' lang='grc' dir='ltr'><strong>τῆς</strong></span> <span class='ocrx_word' id='word_1_514' title='bbox 945 1767 1039 1815; x_wconf 78' lang='grc' dir='ltr'><strong><em>ἱερᾶς</em></strong></span> <span class='ocrx_word' id='word_1_515' title='bbox 1054 1771 1244 1802; x_wconf 83' lang='grc' dir='ltr'><strong><em>κοινωνίας</em></strong></span> <span class='ocrx_word' id='word_1_516' title='bbox 1312 1773 1414 1803; x_wconf 91' lang='lat' dir='ltr'><strong>tuum</strong></span> <span class='ocrx_word' id='word_1_517' title='bbox 1443 1778 1466 1803; x_wconf 82' lang='lat' dir='ltr'><strong>a</strong></span> <span class='ocrx_word' id='word_1_518' title='bbox 1499 1778 1605 1804; x_wconf 85' lang='lat' dir='ltr'><strong>sacra</strong></span> <span class='ocrx_word' id='word_1_519' title='bbox 1629 1767 1878 1804; x_wconf 85' lang='lat' dir='ltr'><strong>communione</strong></span> <span class='ocrx_word' id='word_1_520' title='bbox 1908 1768 1938 1803; x_wconf 87' lang='lat' dir='ltr'><strong>is</strong></span> <span class='ocrx_word' id='word_1_521' title='bbox 1996 1768 2032 1804; x_wconf 87' lang='lat' dir='ltr'><strong>ui</strong></span> <span class='ocrx_word' id='word_1_522' title='bbox 2062 1768 2321 1805; x_wconf 81' lang='lat' dir='ltr'><strong>ordinationem</strong></span> <span class='ocrx_word' id='word_1_523' title='bbox 2347 1771 2400 1804; x_wconf 83' lang='lat' dir='ltr'><strong>fa·</strong></span> 
     </span>
     <span class='ocr_line' id='line_1_38' title="bbox 157 1811 2399 1861; baseline 0.001 -12"><span class='ocrx_word' id='word_1_524' title='bbox 157 1830 176 1849; x_wconf 90' lang='grc' dir='ltr'><strong><em>ο</em></strong></span> <span class='ocrx_word' id='word_1_525' title='bbox 192 1813 260 1858; x_wconf 88' lang='grc' dir='ltr'><strong>τὴν</strong></span> <span class='ocrx_word' id='word_1_526' title='bbox 277 1817 501 1861; x_wconf 81' lang='grc' dir='ltr'><strong><em>χειροτονίαν</em></strong></span> <span class='ocrx_word' id='word_1_527' title='bbox 518 1813 668 1856; x_wconf 84' lang='grc' dir='ltr'><strong><em>ποιῆσαι</em></strong></span> <span class='ocrx_word' id='word_1_528' title='bbox 691 1811 917 1857; x_wconf 79' lang='grc' dir='ltr'><strong><em>βουλόμενος,</em></strong></span> <span class='ocrx_word' id='word_1_529' title='bbox 941 1814 1002 1847; x_wconf 84' lang='grc' dir='ltr'><strong>ἵνα</strong></span> <span class='ocrx_word' id='word_1_530' title='bbox 1018 1811 1110 1858; x_wconf 80' lang='grc' dir='ltr'><strong><em>μηδὲ</em></strong></span> <span class='ocrx_word' id='word_1_531' title='bbox 1129 1814 1243 1846; x_wconf 85' lang='grc' dir='ltr'><strong><em>ἐκεῖνο</em></strong></span> <span class='ocrx_word' id='word_1_532' title='bbox 1257 1816 1298 1847; x_wconf 86' lang='grc'><strong>35</strong></span> <span class='ocrx_word' id='word_1_533' title='bbox 1313 1824 1394 1849; x_wconf 90' lang='lat' dir='ltr'><strong>cere</strong></span> <span class='ocrx_word' id='word_1_534' title='bbox 1422 1814 1517 1859; x_wconf 88' lang='lat' dir='ltr'><strong>vult,</strong></span> <span class='ocrx_word' id='word_1_535' title='bbox 1553 1818 1594 1849; x_wconf 84' lang='lat' dir='ltr'><strong>ut</strong></span> <span class='ocrx_word' id='word_1_536' title='bbox 1627 1824 1701 1849; x_wconf 91' lang='lat' dir='ltr'><strong>non</strong></span> <span class='ocrx_word' id='word_1_537' title='bbox 1732 1816 1852 1849; x_wconf 86' lang='lat' dir='ltr'><strong>autem</strong></span> <span class='ocrx_word' id='word_1_538' title='bbox 1883 1813 1947 1849; x_wconf 91' lang='lat' dir='ltr'><strong>illa</strong></span> <span class='ocrx_word' id='word_1_539' title='bbox 1993 1814 2117 1850; x_wconf 86' lang='lat' dir='ltr'><strong>alsitas</strong></span> <span class='ocrx_word' id='word_1_540' title='bbox 2140 1815 2318 1860; x_wconf 86' lang='lat' dir='ltr'><strong>impunita</strong></span> <span class='ocrx_word' id='word_1_541' title='bbox 2342 1816 2399 1851; x_wconf 85' lang='lat' dir='ltr'><strong>sit.</strong></span> 
     </span>
     <span class='ocr_line' id='line_1_39' title="bbox 155 1851 2399 1913; baseline 0 -18"><span class='ocrx_word' id='word_1_542' title='bbox 155 1859 198 1895; x_wconf 84' lang='grc' dir='ltr'><strong>τὸ</strong></span> <span class='ocrx_word' id='word_1_543' title='bbox 223 1858 354 1906; x_wconf 75' lang='grc' dir='ltr'><strong><em>ψεῦδος</em></strong></span> <span class='ocrx_word' id='word_1_544' title='bbox 377 1857 584 1893; x_wconf 84' lang='grc' dir='ltr'><strong><em>ἀνεύθυνον</em></strong></span> <span class='ocrx_word' id='word_1_545' title='bbox 607 1851 641 1905; x_wconf 81' lang='grc' dir='ltr'><strong><em>ᾖ</em></strong></span> <span class='ocrx_word' id='word_1_546' title='bbox 691 1855 807 1904; x_wconf 81' lang='grc' dir='ltr'><strong><em>ὥςπερ</em></strong></span> <span class='ocrx_word' id='word_1_547' title='bbox 829 1858 898 1907; x_wconf 84' lang='grc' dir='ltr'><strong>γὰρ</strong></span> <span class='ocrx_word' id='word_1_548' title='bbox 922 1857 990 1902; x_wconf 82' lang='grc' dir='ltr'><strong>τὴν</strong></span> <span class='ocrx_word' id='word_1_549' title='bbox 1012 1856 1160 1906; x_wconf 83' lang='grc' dir='ltr'><strong><em>ἀγαθὴν</em></strong></span> <span class='ocrx_word' id='word_1_550' title='bbox 1185 1856 1243 1893; x_wconf 84' lang='grc' dir='ltr'><strong>ὃό-</strong></span> <span class='ocrx_word' id='word_1_551' title='bbox 1315 1860 1416 1895; x_wconf 89' lang='lat' dir='ltr'><strong>Sicut</strong></span> <span class='ocrx_word' id='word_1_552' title='bbox 1438 1860 1533 1896; x_wconf 87' lang='lat' dir='ltr'><strong>enim</strong></span> <span class='ocrx_word' id='word_1_553' title='bbox 1556 1860 1688 1895; x_wconf 86' lang='lat' dir='ltr'><strong>bonam</strong></span> <span class='ocrx_word' id='word_1_554' title='bbox 1705 1860 1855 1904; x_wconf 87' lang='lat' dir='ltr'><strong>gloriam</strong></span> <span class='ocrx_word' id='word_1_555' title='bbox 1871 1859 1909 1894; x_wconf 90' lang='lat' dir='ltr'><strong>in</strong></span> <span class='ocrx_word' id='word_1_556' title='bbox 1926 1869 1979 1903; x_wconf 86' lang='lat' dir='ltr'><strong>eo,</strong></span> <span class='ocrx_word' id='word_1_557' title='bbox 2005 1859 2066 1913; x_wconf 80' lang='lat' dir='ltr'><strong>qui</strong></span> <span class='ocrx_word' id='word_1_558' title='bbox 2090 1860 2309 1897; x_wconf 85' lang='lat' dir='ltr'><strong>ordinandus</strong></span> <span class='ocrx_word' id='word_1_559' title='bbox 2333 1866 2399 1903; x_wconf 86' lang='lat' dir='ltr'><strong>est,</strong></span> 
     </span>
     <span class='ocr_line' id='line_1_40' title="bbox 159 1900 2398 1952; baseline 0.001 -13"><span class='ocrx_word' id='word_1_560' title='bbox 159 1906 228 1947; x_wconf 79' lang='grc' dir='ltr'><strong>ξαν</strong></span> <span class='ocrx_word' id='word_1_561' title='bbox 251 1907 312 1940; x_wconf 78' lang='grc' dir='ltr'><strong><em>ἐπὶ</em></strong></span> <span class='ocrx_word' id='word_1_562' title='bbox 335 1905 389 1948; x_wconf 78' lang='grc' dir='ltr'><strong>τῷ</strong></span> <span class='ocrx_word' id='word_1_563' title='bbox 420 1906 721 1952; x_wconf 80' lang='grc' dir='ltr'><strong><em>χειροτονουμένῳ</em></strong></span> <span class='ocrx_word' id='word_1_564' title='bbox 747 1905 934 1950; x_wconf 84' lang='grc' dir='ltr'><strong><em>ζητοῦμεν,</em></strong></span> <span class='ocrx_word' id='word_1_565' title='bbox 967 1900 1063 1938; x_wconf 69' lang='grc' dir='ltr'><strong><em>οὕτω</em></strong></span> <span class='ocrx_word' id='word_1_566' title='bbox 1094 1907 1154 1938; x_wconf 83' lang='grc' dir='ltr'><strong>καὶ</strong></span> <span class='ocrx_word' id='word_1_567' title='bbox 1178 1903 1245 1947; x_wconf 81' lang='grc' dir='ltr'><strong>τὴν</strong></span> <span class='ocrx_word' id='word_1_568' title='bbox 1315 1905 1538 1949; x_wconf 83' lang='lat' dir='ltr'><strong>quaerimus,</strong></span> <span class='ocrx_word' id='word_1_569' title='bbox 1570 1905 1619 1940; x_wconf 85' lang='lat' dir='ltr'><strong>ita</strong></span> <span class='ocrx_word' id='word_1_570' title='bbox 1644 1905 1752 1940; x_wconf 84' lang='lat' dir='ltr'><strong>etiam</strong></span> <span class='ocrx_word' id='word_1_571' title='bbox 1776 1905 1991 1940; x_wconf 82' lang='lat' dir='ltr'><strong>calumniam</strong></span> <span class='ocrx_word' id='word_1_572' title='bbox 2014 1916 2052 1940; x_wconf 86' lang='lat' dir='ltr'><strong>ln</strong></span> <span class='ocrx_word' id='word_1_573' title='bbox 2077 1916 2138 1948; x_wconf 91' lang='lat' dir='ltr'><strong>eo,</strong></span> <span class='ocrx_word' id='word_1_574' title='bbox 2169 1907 2230 1951; x_wconf 91' lang='lat' dir='ltr'><strong>qui</strong></span> <span class='ocrx_word' id='word_1_575' title='bbox 2261 1907 2398 1942; x_wconf 79' lang='lat' dir='ltr'><strong>frustra</strong></span> 
     </span>
     <span class='ocr_line' id='line_1_41' title="bbox 157 1948 2399 1997; baseline 0 -11"><span class='ocrx_word' id='word_1_576' title='bbox 157 1954 403 1996; x_wconf 82' lang='grc' dir='ltr'><strong><em>συκοφαντίαν</em></strong></span> <span class='ocrx_word' id='word_1_577' title='bbox 427 1951 487 1985; x_wconf 78' lang='grc' dir='ltr'><strong><em>ἐπὶ</em></strong></span> <span class='ocrx_word' id='word_1_578' title='bbox 510 1950 565 1993; x_wconf 75' lang='grc' dir='ltr'><strong>τῷ</strong></span> <span class='ocrx_word' id='word_1_579' title='bbox 593 1949 714 1994; x_wconf 86' lang='grc' dir='ltr'><strong><em>μάτην</em></strong></span> <span class='ocrx_word' id='word_1_580' title='bbox 743 1950 1003 1997; x_wconf 76' lang='grc' dir='ltr'><strong><em>κατηγοροῦντι</em></strong></span> <span class='ocrx_word' id='word_1_581' title='bbox 1032 1948 1241 1992; x_wconf 76' lang='grc' dir='ltr'><strong><em>κολάζομεν.</em></strong></span> <span class='ocrx_word' id='word_1_582' title='bbox 1312 1951 1516 1993; x_wconf 78' lang='lat' dir='ltr'><strong>accusavit,</strong></span> <span class='ocrx_word' id='word_1_583' title='bbox 1550 1951 1727 1996; x_wconf 79' lang='lat' dir='ltr'><strong>punimus.</strong></span> <span class='ocrx_word' id='word_1_584' title='bbox 1777 1951 1815 1986; x_wconf 89' lang='lat' dir='ltr'><strong>Si</strong></span> <span class='ocrx_word' id='word_1_585' title='bbox 1838 1961 1921 1986; x_wconf 82' lang='lat' dir='ltr'><strong>Vero</strong></span> <span class='ocrx_word' id='word_1_586' title='bbox 1946 1961 2049 1987; x_wconf 84' lang='lat' dir='ltr'><strong>nemo</strong></span> <span class='ocrx_word' id='word_1_587' title='bbox 2075 1952 2301 1987; x_wconf 78' lang='lat' dir='ltr'><strong>accusaverit</strong></span> <span class='ocrx_word' id='word_1_588' title='bbox 2325 1963 2399 1988; x_wconf 90' lang='lat' dir='ltr'><strong>om-</strong></span> 
     </span>
     <span class='ocr_line' id='line_1_42' title="bbox 158 1993 2399 2051; baseline 0 -20"><span class='ocrx_word' id='word_1_589' title='bbox 158 1998 204 2031; x_wconf 80' lang='grc' dir='ltr'><strong>Εἰ</strong></span> <span class='ocrx_word' id='word_1_590' title='bbox 228 1995 268 2031; x_wconf 75' lang='grc' dir='ltr'><strong>δὲ</strong></span> <span class='ocrx_word' id='word_1_591' title='bbox 295 1994 416 2039; x_wconf 81' lang='grc' dir='ltr'><strong><em>μηδεὶς</em></strong></span> <span class='ocrx_word' id='word_1_592' title='bbox 447 1999 660 2051; x_wconf 73' lang='grc' dir='ltr'><strong><em>κατηγοροίη</em></strong></span> <span class='ocrx_word' id='word_1_593' title='bbox 694 1995 900 2037; x_wconf 81' lang='grc' dir='ltr'><strong><em>παντελῶς,</em></strong></span> <span class='ocrx_word' id='word_1_594' title='bbox 935 1993 956 2039; x_wconf 83' lang='grc' dir='ltr'>ἢ</span> <span class='ocrx_word' id='word_1_595' title='bbox 989 1994 1243 2042; x_wconf 82' lang='grc' dir='ltr'><strong><em>προςαγγείλας</em></strong></span> <span class='ocrx_word' id='word_1_596' title='bbox 1311 1997 1408 2038; x_wconf 91' lang='lat' dir='ltr'><strong>nino,</strong></span> <span class='ocrx_word' id='word_1_597' title='bbox 1434 2001 1497 2032; x_wconf 90' lang='lat' dir='ltr'><strong>aut</strong></span> <span class='ocrx_word' id='word_1_598' title='bbox 1520 1998 1597 2032; x_wconf 90' lang='lat' dir='ltr'><strong>toto</strong></span> <span class='ocrx_word' id='word_1_599' title='bbox 1623 1996 1837 2032; x_wconf 86' lang='lat' dir='ltr'><strong>denuntians</strong></span> <span class='ocrx_word' id='word_1_600' title='bbox 1861 1996 2160 2032; x_wconf 88' lang='lat' dir='ltr'><strong>examinationem</strong></span> <span class='ocrx_word' id='word_1_601' title='bbox 2180 2009 2252 2033; x_wconf 91' lang='lat' dir='ltr'><strong>non</strong></span> <span class='ocrx_word' id='word_1_602' title='bbox 2276 1998 2399 2039; x_wconf 86' lang='lat' dir='ltr'><strong>faciat,</strong></span> 
     </span>
     <span class='ocr_line' id='line_1_43' title="bbox 158 2039 2398 2088; baseline 0 -11"><span class='ocrx_word' id='word_1_603' title='bbox 158 2040 249 2077; x_wconf 83' lang='grc' dir='ltr'><strong><em>ὅλως</em></strong></span> <span class='ocrx_word' id='word_1_604' title='bbox 271 2041 334 2076; x_wconf 82' lang='grc' dir='ltr'><strong>οὐκ</strong></span> <span class='ocrx_word' id='word_1_605' title='bbox 353 2039 555 2082; x_wconf 77' lang='grc' dir='ltr'><strong><em>ἐπεξέλθοι,</em></strong></span> <span class='ocrx_word' id='word_1_606' title='bbox 580 2055 602 2084; x_wconf 91' lang='grc' dir='ltr'><strong>η</strong></span> <span class='ocrx_word' id='word_1_607' title='bbox 619 2039 832 2081; x_wconf 74' lang='grc' dir='ltr'><strong><em>ἐπεξελθών</em></strong></span> <span class='ocrx_word' id='word_1_608' title='bbox 846 2039 1046 2082; x_wconf 82' lang='grc' dir='ltr'><strong><em>ἀποδεῖξαι,</em></strong></span> <span class='ocrx_word' id='word_1_609' title='bbox 1069 2039 1241 2087; x_wconf 85' lang='grc' dir='ltr'><strong><em>καθάπερ</em></strong></span> <span class='ocrx_word' id='word_1_610' title='bbox 1255 2045 1297 2076; x_wconf 85' lang='grc'><strong>40</strong></span> <span class='ocrx_word' id='word_1_611' title='bbox 1312 2046 1375 2077; x_wconf 85' lang='lat' dir='ltr'><strong>aut</strong></span> <span class='ocrx_word' id='word_1_612' title='bbox 1398 2042 1498 2078; x_wconf 87' lang='lat' dir='ltr'><strong>facta</strong></span> <span class='ocrx_word' id='word_1_613' title='bbox 1521 2042 1784 2078; x_wconf 80' lang='lat' dir='ltr'><strong>examinatione</strong></span> <span class='ocrx_word' id='word_1_614' title='bbox 1808 2042 2070 2085; x_wconf 87' lang='lat' dir='ltr'><strong>demonstrare,</strong></span> <span class='ocrx_word' id='word_1_615' title='bbox 2103 2043 2197 2078; x_wconf 87' lang='lat' dir='ltr'><strong>sicut</strong></span> <span class='ocrx_word' id='word_1_616' title='bbox 2220 2043 2398 2088; x_wconf 87' lang='lat' dir='ltr'><strong>praedixi-</strong></span> 
     </span>
     <span class='ocr_line' id='line_1_44' title="bbox 157 2082 2400 2141; baseline 0.001 -20"><span class='ocrx_word' id='word_1_617' title='bbox 157 2087 319 2122; x_wconf 83' lang='grc' dir='ltr'><strong><em>εἰπόντες</em></strong></span> <span class='ocrx_word' id='word_1_618' title='bbox 335 2087 512 2132; x_wconf 79' lang='grc' dir='ltr'><strong><em>ἕφθημεν,</em></strong></span> <span class='ocrx_word' id='word_1_619' title='bbox 535 2086 586 2131; x_wconf 85' lang='grc' dir='ltr'><strong>μὴ</strong></span> <span class='ocrx_word' id='word_1_620' title='bbox 603 2084 778 2130; x_wconf 82' lang='grc' dir='ltr'><strong><em>δυνηθείη</em></strong></span> <span class='ocrx_word' id='word_1_621' title='bbox 794 2086 861 2130; x_wconf 86' lang='grc' dir='ltr'><strong>τὴν</strong></span> <span class='ocrx_word' id='word_1_622' title='bbox 878 2090 1097 2141; x_wconf 77' lang='grc' dir='ltr'><strong><em>κατηγορίαν</em></strong></span> <span class='ocrx_word' id='word_1_623' title='bbox 1110 2082 1242 2129; x_wconf 81' lang='grc' dir='ltr'><strong><em>ἀληθῆ,</em></strong></span> <span class='ocrx_word' id='word_1_624' title='bbox 1313 2099 1402 2131; x_wconf 86' lang='lat' dir='ltr'><strong>mus,</strong></span> <span class='ocrx_word' id='word_1_625' title='bbox 1429 2099 1502 2123; x_wconf 93' lang='lat' dir='ltr'><strong>non</strong></span> <span class='ocrx_word' id='word_1_626' title='bbox 1525 2088 1679 2123; x_wconf 86' lang='lat' dir='ltr'><strong>valuerit</strong></span> <span class='ocrx_word' id='word_1_627' title='bbox 1703 2088 1967 2124; x_wconf 85' lang='lat' dir='ltr'><strong>accusationem</strong></span> <span class='ocrx_word' id='word_1_628' title='bbox 1988 2098 2118 2131; x_wconf 89' lang='lat' dir='ltr'><strong>veram,</strong></span> <span class='ocrx_word' id='word_1_629' title='bbox 2143 2091 2231 2125; x_wconf 86' lang='lat' dir='ltr'><strong>tunc</strong></span> <span class='ocrx_word' id='word_1_630' title='bbox 2256 2092 2400 2135; x_wconf 86' lang='lat' dir='ltr'><strong>oportet</strong></span> 
     </span>
     <span class='ocr_line' id='line_1_45' title="bbox 157 2129 1242 2179; baseline -0.001 -12"><span class='ocrx_word' id='word_1_631' title='bbox 157 2134 355 2176; x_wconf 82' lang='grc' dir='ltr'><strong><em>τηνικαῦτα</em></strong></span> <span class='ocrx_word' id='word_1_632' title='bbox 384 2131 550 2179; x_wconf 84' lang='grc' dir='ltr'><strong><em>προςήκει</em></strong></span> <span class='ocrx_word' id='word_1_633' title='bbox 573 2130 640 2166; x_wconf 83' lang='grc' dir='ltr'><strong>τὸν</strong></span> <span class='ocrx_word' id='word_1_634' title='bbox 662 2129 720 2165; x_wconf 78' lang='grc' dir='ltr'><strong>διὰ</strong></span> <span class='ocrx_word' id='word_1_635' title='bbox 753 2129 941 2167; x_wconf 83' lang='grc' dir='ltr'><strong><em>τοσούτων</em></strong></span> <span class='ocrx_word' id='word_1_636' title='bbox 963 2130 1064 2167; x_wconf 85' lang='grc' dir='ltr'><strong><em>οδῶν</em></strong></span> <span class='ocrx_word' id='word_1_637' title='bbox 1088 2129 1242 2166; x_wconf 69' lang='grc' dir='ltr'><strong><em>ἀνεύθυ-</em></strong></span> 
     </span>
    </p>
   </div>
   <div class='ocr_carea' id='block_1_5' title="bbox 201 2201 2170 2246">
    <p class='ocr_par' dir='ltr' id='par_1_7' title="bbox 201 2201 2170 2246">
     <span class='ocr_line' id='line_1_46' title="bbox 201 2201 2170 2246; baseline 0.001 -10"><span class='ocrx_word' id='word_1_638' title='bbox 201 2203 221 2244; x_wconf 80' lang='lat'>§</span> <span class='ocrx_word' id='word_1_639' title='bbox 246 2203 266 2236; x_wconf 84' lang='grc'>9</span> <span class='ocrx_word' id='word_1_640' title='bbox 292 2209 370 2236; x_wconf 75' lang='lat' dir='ltr'><strong>extr.</strong></span> <span class='ocrx_word' id='word_1_641' title='bbox 394 2209 424 2235; x_wconf 78' lang='lat' dir='ltr'><strong>et</strong></span> <span class='ocrx_word' id='word_1_642' title='bbox 450 2203 490 2235; x_wconf 93' lang='lat'><strong>10</strong></span> <span class='ocrx_word' id='word_1_643' title='bbox 513 2202 718 2234; x_wconf 84' lang='lat' dir='ltr'><strong>summarium</strong></span> <span class='ocrx_word' id='word_1_644' title='bbox 743 2202 840 2235; x_wconf 76' lang='lat' dir='ltr'><strong>habet</strong></span> <span class='ocrx_word' id='word_1_645' title='bbox 859 2202 992 2235; x_wconf 90' lang='lat' dir='ltr'><strong>Nomoc.</strong></span> <span class='ocrx_word' id='word_1_646' title='bbox 1017 2201 1116 2234; x_wconf 92' lang='lat' dir='ltr'><strong>XIV</strong></span> <span class='ocrx_word' id='word_1_647' title='bbox 1134 2214 1207 2244; x_wconf 87' lang='lat' dir='ltr'><strong>cap.</strong></span> <span class='ocrx_word' id='word_1_648' title='bbox 1231 2204 1261 2243; x_wconf 91' lang='lat'><strong>1,</strong></span> <span class='ocrx_word' id='word_1_649' title='bbox 1288 2210 1321 2240; x_wconf 86' lang='lat'><strong>8;</strong></span> <span class='ocrx_word' id='word_1_650' title='bbox 1347 2214 1497 2236; x_wconf 84' lang='lat' dir='ltr'><strong>summam</strong></span> <span class='ocrx_word' id='word_1_651' title='bbox 1524 2202 1544 2246; x_wconf 63' lang='grc' dir='ltr'><strong>ξ</strong></span> <span class='ocrx_word' id='word_1_652' title='bbox 1573 2205 1611 2237; x_wconf 87' lang='grc'><strong>10</strong></span> <span class='ocrx_word' id='word_1_653' title='bbox 1633 2203 1765 2237; x_wconf 84' lang='lat' dir='ltr'><strong>Nomoc.</strong></span> <span class='ocrx_word' id='word_1_654' title='bbox 1791 2204 1822 2237; x_wconf 92' lang='lat' dir='ltr'><em>L</em></span> <span class='ocrx_word' id='word_1_655' title='bbox 1848 2205 1893 2237; x_wconf 84' lang='lat' dir='ltr'><strong>tit.</strong></span> <span class='ocrx_word' id='word_1_656' title='bbox 1924 2206 1962 2238; x_wconf 88' lang='lat'><strong>16</strong></span> <span class='ocrx_word' id='word_1_657' title='bbox 1987 2217 2026 2238; x_wconf 75' lang='lat' dir='ltr'><strong>ex</strong></span> <span class='ocrx_word' id='word_1_658' title='bbox 2047 2205 2170 2238; x_wconf 77' lang='lat' dir='ltr'><strong>Athon.</strong></span> 
     </span>
    </p>
   </div>
   <div class='ocr_carea' id='block_1_6' title="bbox 154 2265 2397 3158">
    <p class='ocr_par' dir='ltr' id='par_1_8' title="bbox 154 2265 2397 3158">
     <span class='ocr_line' id='line_1_47' title="bbox 157 2265 2386 2277; baseline 0.003 -8"><span class='ocrx_word' id='word_1_659' title='bbox 157 2265 2386 2277; x_wconf 35' lang='lat' dir='ltr'><strong>—ffl——ss———ss</strong></span> 
     </span>
     <span class='ocr_line' id='line_1_48' title="bbox 157 2280 2397 2331; baseline 0.002 -15"><span class='ocrx_word' id='word_1_660' title='bbox 157 2285 223 2316; x_wconf 88' lang='lat' dir='ltr'><strong>aut</strong></span> <span class='ocrx_word' id='word_1_661' title='bbox 242 2280 434 2327; x_wconf 79' lang='lat' dir='ltr'><strong>presbyter</strong></span> <span class='ocrx_word' id='word_1_662' title='bbox 454 2280 593 2326; x_wconf 86' lang='lat' dir='ltr'><strong>fuerit,</strong></span> <span class='ocrx_word' id='word_1_663' title='bbox 625 2280 754 2315; x_wconf 86' lang='lat' dir='ltr'><strong>deinde</strong></span> <span class='ocrx_word' id='word_1_664' title='bbox 770 2291 844 2326; x_wconf 89' lang='lat' dir='ltr'><strong>per</strong></span> <span class='ocrx_word' id='word_1_665' title='bbox 867 2280 1100 2326; x_wconf 74' lang='lat' dir='ltr'><strong>larqitionem</strong></span> <span class='ocrx_word' id='word_1_666' title='bbox 1126 2280 1176 2315; x_wconf 89' lang='lat' dir='ltr'><strong>ad</strong></span> <span class='ocrx_word' id='word_1_667' title='bbox 1204 2280 1448 2316; x_wconf 81' lang='lat' dir='ltr'><strong>sacerdotium</strong></span> <span class='ocrx_word' id='word_1_668' title='bbox 1472 2282 1626 2324; x_wconf 88' lang='lat' dir='ltr'><strong>venerit,</strong></span> <span class='ocrx_word' id='word_1_669' title='bbox 1659 2293 1734 2316; x_wconf 91' lang='lat' dir='ltr'><strong>non</strong></span> <span class='ocrx_word' id='word_1_670' title='bbox 1764 2282 1881 2318; x_wconf 90' lang='lat' dir='ltr'><strong>solum</strong></span> <span class='ocrx_word' id='word_1_671' title='bbox 1905 2283 2119 2330; x_wconf 87' lang='lat' dir='ltr'><strong>episcopatu</strong></span> <span class='ocrx_word' id='word_1_672' title='bbox 2148 2294 2187 2320; x_wconf 87' lang='lat' dir='ltr'><strong>se</strong></span> <span class='ocrx_word' id='word_1_673' title='bbox 2209 2286 2397 2331; x_wconf 84' lang='lat' dir='ltr'><strong>privatum</strong></span> 
     </span>
     <span class='ocr_line' id='line_1_49' title="bbox 156 2324 2397 2374; baseline 0.002 -13"><span class='ocrx_word' id='word_1_674' title='bbox 156 2327 216 2368; x_wconf 87' lang='lat' dir='ltr'><strong>iri,</strong></span> <span class='ocrx_word' id='word_1_675' title='bbox 239 2325 304 2361; x_wconf 87' lang='lat' dir='ltr'><strong>sed</strong></span> <span class='ocrx_word' id='word_1_676' title='bbox 326 2336 372 2360; x_wconf 90' lang='lat' dir='ltr'><strong>ne</strong></span> <span class='ocrx_word' id='word_1_677' title='bbox 388 2325 557 2371; x_wconf 78' lang='lat' dir='ltr'><strong>priorem</strong></span> <span class='ocrx_word' id='word_1_678' title='bbox 580 2324 724 2370; x_wconf 89' lang='lat' dir='ltr'><strong>quidem</strong></span> <span class='ocrx_word' id='word_1_679' title='bbox 742 2324 856 2371; x_wconf 81' lang='lat' dir='ltr'><strong>presb</strong></span> <span class='ocrx_word' id='word_1_680' title='bbox 887 2325 954 2359; x_wconf 88' lang='lat' dir='ltr'><strong>teri</strong></span> <span class='ocrx_word' id='word_1_681' title='bbox 976 2325 1033 2361; x_wconf 81' lang='lat' dir='ltr'><strong>vel</strong></span> <span class='ocrx_word' id='word_1_682' title='bbox 1056 2325 1204 2360; x_wconf 86' lang='lat' dir='ltr'><strong>diaconi</strong></span> <span class='ocrx_word' id='word_1_683' title='bbox 1226 2330 1361 2360; x_wconf 86' lang='lat' dir='ltr'><strong>statum</strong></span> <span class='ocrx_word' id='word_1_684' title='bbox 1384 2326 1454 2361; x_wconf 82' lang='lat' dir='ltr'><strong>sibi</strong></span> <span class='ocrx_word' id='word_1_685' title='bbox 1475 2326 1641 2362; x_wconf 87' lang='lat' dir='ltr'><strong>relictum</strong></span> <span class='ocrx_word' id='word_1_686' title='bbox 1665 2327 1733 2361; x_wconf 88' lang='lat' dir='ltr'><strong>iri:</strong></span> <span class='ocrx_word' id='word_1_687' title='bbox 1755 2327 1864 2362; x_wconf 89' lang='lat' dir='ltr'><strong>simul</strong></span> <span class='ocrx_word' id='word_1_688' title='bbox 1878 2328 1973 2363; x_wconf 89' lang='lat' dir='ltr'><strong>enim</strong></span> <span class='ocrx_word' id='word_1_689' title='bbox 1988 2334 2024 2364; x_wconf 88' lang='lat' dir='ltr'><strong>et</strong></span> <span class='ocrx_word' id='word_1_690' title='bbox 2046 2328 2143 2364; x_wconf 78' lang='lat' dir='ltr'><strong>hunc</strong></span> <span class='ocrx_word' id='word_1_691' title='bbox 2165 2330 2317 2374; x_wconf 87' lang='lat' dir='ltr'><strong>amittet,</strong></span> <span class='ocrx_word' id='word_1_692' title='bbox 2341 2336 2397 2366; x_wconf 91' lang='lat' dir='ltr'><strong>ut-</strong></span> 
     </span>
     <span class='ocr_line' id='line_1_50' title="bbox 154 2368 2396 2422; baseline 0.002 -16"><span class='ocrx_word' id='word_1_693' title='bbox 154 2375 244 2418; x_wconf 84' lang='lat' dir='ltr'><strong>pote</strong></span> <span class='ocrx_word' id='word_1_694' title='bbox 261 2370 324 2415; x_wconf 88' lang='lat' dir='ltr'><strong>qui</strong></span> <span class='ocrx_word' id='word_1_695' title='bbox 341 2380 397 2411; x_wconf 87' lang='lat' dir='ltr'><strong>ea,</strong></span> <span class='ocrx_word' id='word_1_696' title='bbox 422 2381 516 2415; x_wconf 86' lang='lat' dir='ltr'><strong>quae</strong></span> <span class='ocrx_word' id='word_1_697' title='bbox 539 2380 614 2404; x_wconf 88' lang='lat' dir='ltr'><strong>non</strong></span> <span class='ocrx_word' id='word_1_698' title='bbox 637 2368 774 2411; x_wconf 89' lang='lat' dir='ltr'><strong>decent,</strong></span> <span class='ocrx_word' id='word_1_699' title='bbox 798 2370 837 2403; x_wconf 90' lang='lat' dir='ltr'><strong>in</strong></span> <span class='ocrx_word' id='word_1_700' title='bbox 863 2369 948 2414; x_wconf 76' lang='lat' dir='ltr'><strong>ique</strong></span> <span class='ocrx_word' id='word_1_701' title='bbox 966 2373 1127 2404; x_wconf 81' lang='lat' dir='ltr'><strong>sectatus</strong></span> <span class='ocrx_word' id='word_1_702' title='bbox 1141 2370 1200 2411; x_wconf 83' lang='lat' dir='ltr'><strong>sit,</strong></span> <span class='ocrx_word' id='word_1_703' title='bbox 1225 2374 1262 2405; x_wconf 89' lang='lat' dir='ltr'><strong>et</strong></span> <span class='ocrx_word' id='word_1_704' title='bbox 1284 2370 1383 2404; x_wconf 85' lang='lat' dir='ltr'><strong>omni</strong></span> <span class='ocrx_word' id='word_1_705' title='bbox 1404 2370 1627 2406; x_wconf 84' lang='lat' dir='ltr'><strong>sacerdotali</strong></span> <span class='ocrx_word' id='word_1_706' title='bbox 1651 2371 1781 2407; x_wconf 80' lang='lat' dir='ltr'><strong>ordine</strong></span> <span class='ocrx_word' id='word_1_707' title='bbox 1801 2377 1967 2408; x_wconf 76' lang='lat' dir='ltr'><strong>exuetur.</strong></span> <span class='ocrx_word' id='word_1_708' title='bbox 2007 2373 2161 2420; x_wconf 80' lang='lat' dir='ltr'><strong>Oportet</strong></span> <span class='ocrx_word' id='word_1_709' title='bbox 2177 2379 2296 2410; x_wconf 89' lang='lat' dir='ltr'><strong>autem</strong></span> <span class='ocrx_word' id='word_1_710' title='bbox 2312 2376 2396 2422; x_wconf 87' lang='lat' dir='ltr'><strong>ipso</strong></span> 
     </span>
     <span class='ocr_line' id='line_1_51' title="bbox 159 2413 2397 2496; baseline 0.003 -46"><span class='ocrx_word' id='word_1_711' title='bbox 159 2415 403 2450; x_wconf 73' lang='lat' dir='ltr'><strong>ordinationis</strong></span> <span class='ocrx_word' id='word_1_712' title='bbox 416 2419 587 2460; x_wconf 83' lang='lat' dir='ltr'><strong>tempore,</strong></span> <span class='ocrx_word' id='word_1_713' title='bbox 601 2414 664 2465; x_wconf 87' lang='lat' dir='ltr'><strong>qui</strong></span> <span class='ocrx_word' id='word_1_714' title='bbox 681 2425 759 2448; x_wconf 87' lang='lat' dir='ltr'><strong>eam</strong></span> <span class='ocrx_word' id='word_1_715' title='bbox 772 2413 927 2494; x_wconf 55' lang='lat' dir='ltr'><strong>imponit</strong></span> <span class='ocrx_word' id='word_1_716' title='bbox 941 2413 1008 2455; x_wconf 86' lang='lat' dir='ltr'><strong>illi,</strong></span> <span class='ocrx_word' id='word_1_717' title='bbox 1023 2425 1102 2448; x_wconf 90' lang='lat' dir='ltr'><strong>eum</strong></span> <span class='ocrx_word' id='word_1_718' title='bbox 1118 2413 1207 2449; x_wconf 79' lang='lat' dir='ltr'><strong>baec</strong></span> <span class='ocrx_word' id='word_1_719' title='bbox 1224 2414 1345 2450; x_wconf 87' lang='lat' dir='ltr'><strong>omnia</strong></span> <span class='ocrx_word' id='word_1_720' title='bbox 1363 2425 1487 2450; x_wconf 88' lang='lat' dir='ltr'><strong>coram</strong></span> <span class='ocrx_word' id='word_1_721' title='bbox 1503 2415 1804 2496; x_wconf 72' lang='lat' dir='ltr'><strong>totodfidelissimo</strong></span> <span class='ocrx_word' id='word_1_722' title='bbox 1851 2428 1872 2452; x_wconf 93' lang='grc' dir='ltr'><strong><em>ο</em></strong></span> <span class='ocrx_word' id='word_1_723' title='bbox 1901 2417 1962 2453; x_wconf 86' lang='lat' dir='ltr'><strong>ulo</strong></span> <span class='ocrx_word' id='word_1_724' title='bbox 1976 2419 2228 2456; x_wconf 79' lang='lat' dir='ltr'><strong>sanctissimae</strong></span> <span class='ocrx_word' id='word_1_725' title='bbox 2241 2431 2397 2467; x_wconf 81' lang='lat' dir='ltr'><strong>maqnae</strong></span> 
     </span>
     <span class='ocr_line' id='line_1_52' title="bbox 157 2427 2396 2510; baseline 0.002 -14"><span class='ocrx_word' id='word_1_726' title='bbox 157 2459 329 2496; x_wconf 86' lang='lat' dir='ltr'><strong>ecclesiae</strong></span> <span class='ocrx_word' id='word_1_727' title='bbox 351 2458 407 2494; x_wconf 90' lang='lat' dir='ltr'><strong>illi</strong></span> <span class='ocrx_word' id='word_1_728' title='bbox 424 2463 684 2505; x_wconf 72' lang='lat' dir='ltr'><strong>pronuntiare,</strong></span> <span class='ocrx_word' id='word_1_729' title='bbox 708 2463 770 2501; x_wconf 90' lang='lat' dir='ltr'><strong>ut,</strong></span> <span class='ocrx_word' id='word_1_730' title='bbox 795 2470 819 2493; x_wconf 91' lang='lat' dir='ltr'><strong>u</strong></span> <span class='ocrx_word' id='word_1_731' title='bbox 843 2459 856 2493; x_wconf 90' lang='lat' dir='ltr'><strong>i</strong></span> <span class='ocrx_word' id='word_1_732' title='bbox 879 2469 958 2494; x_wconf 88' lang='lat' dir='ltr'><strong>eum</strong></span> <span class='ocrx_word' id='word_1_733' title='bbox 983 2459 1121 2501; x_wconf 88' lang='lat' dir='ltr'><strong>omnia,</strong></span> <span class='ocrx_word' id='word_1_734' title='bbox 1147 2470 1242 2505; x_wconf 90' lang='lat' dir='ltr'><strong>quae</strong></span> <span class='ocrx_word' id='word_1_735' title='bbox 1264 2470 1288 2494; x_wconf 90' lang='lat' dir='ltr'><strong>a</strong></span> <span class='ocrx_word' id='word_1_736' title='bbox 1311 2459 1415 2495; x_wconf 89' lang='lat' dir='ltr'><strong>nobis</strong></span> <span class='ocrx_word' id='word_1_737' title='bbox 1438 2464 1547 2495; x_wconf 89' lang='lat' dir='ltr'><strong>antea</strong></span> <span class='ocrx_word' id='word_1_738' title='bbox 1597 2461 1669 2496; x_wconf 86' lang='lat' dir='ltr'><strong>icta</strong></span> <span class='ocrx_word' id='word_1_739' title='bbox 1692 2466 1788 2504; x_wconf 88' lang='lat' dir='ltr'><strong>sunt,</strong></span> <span class='ocrx_word' id='word_1_740' title='bbox 1813 2427 1861 2498; x_wconf 58' lang='grc' dir='ltr'><strong>ἴα</strong></span> <span class='ocrx_word' id='word_1_741' title='bbox 1885 2473 1945 2498; x_wconf 86' lang='lat' dir='ltr'><strong>ere</strong></span> <span class='ocrx_word' id='word_1_742' title='bbox 1967 2464 2156 2510; x_wconf 81' lang='lat' dir='ltr'><strong>coqnovit,</strong></span> <span class='ocrx_word' id='word_1_743' title='bbox 2181 2465 2231 2499; x_wconf 90' lang='lat' dir='ltr'><strong>ad</strong></span> <span class='ocrx_word' id='word_1_744' title='bbox 2251 2476 2396 2500; x_wconf 85' lang='lat' dir='ltr'><strong>sacram</strong></span> 
     </span>
     <span class='ocr_line' id='line_1_53' title="bbox 159 2503 2395 2550; baseline 0.003 -10"><span class='ocrx_word' id='word_1_745' title='bbox 159 2505 425 2540; x_wconf 79' lang='lat' dir='ltr'><strong>ordinationem</strong></span> <span class='ocrx_word' id='word_1_746' title='bbox 448 2515 527 2539; x_wconf 86' lang='lat' dir='ltr'><strong>eum</strong></span> <span class='ocrx_word' id='word_1_747' title='bbox 551 2503 759 2550; x_wconf 84' lang='lat' dir='ltr'><strong>producat:</strong></span> <span class='ocrx_word' id='word_1_748' title='bbox 796 2503 849 2539; x_wconf 88' lang='lat' dir='ltr'><strong>ita</strong></span> <span class='ocrx_word' id='word_1_749' title='bbox 872 2508 915 2540; x_wconf 91' lang='lat' dir='ltr'><strong>ut</strong></span> <span class='ocrx_word' id='word_1_750' title='bbox 936 2503 998 2539; x_wconf 90' lang='lat' dir='ltr'><strong>ille</strong></span> <span class='ocrx_word' id='word_1_751' title='bbox 1023 2514 1187 2550; x_wconf 87' lang='lat' dir='ltr'><strong>quoque,</strong></span> <span class='ocrx_word' id='word_1_752' title='bbox 1218 2505 1282 2550; x_wconf 89' lang='lat' dir='ltr'><strong>qui</strong></span> <span class='ocrx_word' id='word_1_753' title='bbox 1306 2503 1395 2540; x_wconf 77' lang='lat' dir='ltr'><strong>baec</strong></span> <span class='ocrx_word' id='word_1_754' title='bbox 1419 2515 1543 2540; x_wconf 90' lang='lat' dir='ltr'><strong>coram</strong></span> <span class='ocrx_word' id='word_1_755' title='bbox 1574 2506 1737 2542; x_wconf 88' lang='lat' dir='ltr'><strong>omnibus</strong></span> <span class='ocrx_word' id='word_1_756' title='bbox 1762 2507 1916 2550; x_wconf 85' lang='lat' dir='ltr'><strong>audivit,</strong></span> <span class='ocrx_word' id='word_1_757' title='bbox 1941 2519 2016 2543; x_wconf 90' lang='lat' dir='ltr'><strong>non</strong></span> <span class='ocrx_word' id='word_1_758' title='bbox 2044 2508 2161 2545; x_wconf 90' lang='lat' dir='ltr'><strong>solum</strong></span> <span class='ocrx_word' id='word_1_759' title='bbox 2185 2509 2243 2545; x_wconf 87' lang='lat' dir='ltr'><strong>dei</strong></span> <span class='ocrx_word' id='word_1_760' title='bbox 2265 2515 2395 2546; x_wconf 89' lang='lat' dir='ltr'><strong>metum</strong></span> 
     </span>
     <span class='ocr_line' id='line_1_54' title="bbox 157 2548 2394 2601; baseline 0.002 -15"><span class='ocrx_word' id='word_1_761' title='bbox 157 2551 204 2586; x_wconf 84' lang='lat'><strong>10</strong></span> <span class='ocrx_word' id='word_1_762' title='bbox 238 2549 381 2592; x_wconf 76' lang='lat' dir='ltr'><strong>habeat,</strong></span> <span class='ocrx_word' id='word_1_763' title='bbox 410 2548 475 2584; x_wconf 86' lang='lat' dir='ltr'><strong>sed</strong></span> <span class='ocrx_word' id='word_1_764' title='bbox 496 2548 604 2584; x_wconf 84' lang='lat' dir='ltr'><strong>etiam</strong></span> <span class='ocrx_word' id='word_1_765' title='bbox 627 2549 666 2584; x_wconf 87' lang='lat' dir='ltr'><strong>in</strong></span> <span class='ocrx_word' id='word_1_766' title='bbox 684 2549 977 2595; x_wconf 81' lang='lat' dir='ltr'><strong>proclamatione</strong></span> <span class='ocrx_word' id='word_1_767' title='bbox 1001 2559 1125 2584; x_wconf 84' lang='lat' dir='ltr'><strong>coram</strong></span> <span class='ocrx_word' id='word_1_768' title='bbox 1150 2549 1315 2586; x_wconf 86' lang='lat' dir='ltr'><strong>omnibus</strong></span> <span class='ocrx_word' id='word_1_769' title='bbox 1335 2550 1442 2596; x_wconf 85' lang='lat' dir='ltr'><strong>facta</strong></span> <span class='ocrx_word' id='word_1_770' title='bbox 1466 2554 1576 2596; x_wconf 89' lang='lat' dir='ltr'><strong>atque</strong></span> <span class='ocrx_word' id='word_1_771' title='bbox 1599 2552 1830 2598; x_wconf 85' lang='lat' dir='ltr'><strong>confessione</strong></span> <span class='ocrx_word' id='word_1_772' title='bbox 1853 2552 2050 2589; x_wconf 88' lang='lat' dir='ltr'><strong>erubescat.</strong></span> <span class='ocrx_word' id='word_1_773' title='bbox 2136 2554 2179 2589; x_wconf 80' lang='lat' dir='ltr'><strong>Si</strong></span> <span class='ocrx_word' id='word_1_774' title='bbox 2203 2556 2285 2601; x_wconf 87' lang='lat' dir='ltr'><strong>quis</strong></span> <span class='ocrx_word' id='word_1_775' title='bbox 2308 2567 2394 2591; x_wconf 88' lang='lat' dir='ltr'><strong>vero</strong></span> 
     </span>
     <span class='ocr_line' id='line_1_55' title="bbox 159 2594 2395 2648; baseline 0.002 -17"><span class='ocrx_word' id='word_1_776' title='bbox 159 2595 243 2631; x_wconf 85' lang='lat' dir='ltr'><strong>talis</strong></span> <span class='ocrx_word' id='word_1_777' title='bbox 266 2594 409 2641; x_wconf 87' lang='lat' dir='ltr'><strong>quidem</strong></span> <span class='ocrx_word' id='word_1_778' title='bbox 432 2594 661 2630; x_wconf 80' lang='lat' dir='ltr'><strong>existimetur</strong></span> <span class='ocrx_word' id='word_1_779' title='bbox 684 2598 721 2630; x_wconf 87' lang='lat' dir='ltr'><strong>et</strong></span> <span class='ocrx_word' id='word_1_780' title='bbox 743 2594 793 2629; x_wconf 90' lang='lat' dir='ltr'><strong>ad</strong></span> <span class='ocrx_word' id='word_1_781' title='bbox 814 2605 834 2629; x_wconf 88' lang='lat' dir='ltr'><strong>e</strong></span> <span class='ocrx_word' id='word_1_782' title='bbox 859 2595 1045 2640; x_wconf 83' lang='lat' dir='ltr'><strong>iscopatus</strong></span> <span class='ocrx_word' id='word_1_783' title='bbox 1069 2594 1335 2630; x_wconf 82' lang='lat' dir='ltr'><strong>ordinationem</strong></span> <span class='ocrx_word' id='word_1_784' title='bbox 1361 2595 1529 2639; x_wconf 85' lang='lat' dir='ltr'><strong>accedat,</strong></span> <span class='ocrx_word' id='word_1_785' title='bbox 1562 2596 1793 2633; x_wconf 80' lang='lat' dir='ltr'><strong>contradicat</strong></span> <span class='ocrx_word' id='word_1_786' title='bbox 1815 2602 1934 2634; x_wconf 89' lang='lat' dir='ltr'><strong>autem</strong></span> <span class='ocrx_word' id='word_1_787' title='bbox 1958 2599 2093 2645; x_wconf 79' lang='lat' dir='ltr'><strong>aliquis</strong></span> <span class='ocrx_word' id='word_1_788' title='bbox 2115 2610 2225 2646; x_wconf 89' lang='lat' dir='ltr'><strong>seque</strong></span> <span class='ocrx_word' id='word_1_789' title='bbox 2251 2602 2395 2648; x_wconf 85' lang='lat' dir='ltr'><strong>peccati</strong></span> 
     </span>
     <span class='ocr_line' id='line_1_56' title="bbox 157 2639 2394 2692; baseline 0.004 -18"><span class='ocrx_word' id='word_1_790' title='bbox 157 2641 312 2675; x_wconf 87' lang='lat' dir='ltr'><strong>alicuius</strong></span> <span class='ocrx_word' id='word_1_791' title='bbox 345 2639 401 2674; x_wconf 87' lang='lat' dir='ltr'><strong>illi</strong></span> <span class='ocrx_word' id='word_1_792' title='bbox 434 2639 618 2674; x_wconf 86' lang='lat' dir='ltr'><strong>conscium</strong></span> <span class='ocrx_word' id='word_1_793' title='bbox 652 2650 730 2675; x_wconf 88' lang='lat' dir='ltr'><strong>esse</strong></span> <span class='ocrx_word' id='word_1_794' title='bbox 764 2651 787 2674; x_wconf 90' lang='lat' dir='ltr'><strong>a</strong></span> <span class='ocrx_word' id='word_1_795' title='bbox 837 2645 946 2682; x_wconf 90' lang='lat' dir='ltr'><strong>rmet,</strong></span> <span class='ocrx_word' id='word_1_796' title='bbox 987 2651 1033 2675; x_wconf 90' lang='lat' dir='ltr'><strong>ne</strong></span> <span class='ocrx_word' id='word_1_797' title='bbox 1063 2640 1174 2686; x_wconf 85' lang='lat' dir='ltr'><strong>prius</strong></span> <span class='ocrx_word' id='word_1_798' title='bbox 1207 2639 1341 2686; x_wconf 79' lang='lat' dir='ltr'><strong>diqnus</strong></span> <span class='ocrx_word' id='word_1_799' title='bbox 1379 2641 1560 2677; x_wconf 84' lang='lat' dir='ltr'><strong>iudicetur</strong></span> <span class='ocrx_word' id='word_1_800' title='bbox 1595 2642 1844 2686; x_wconf 88' lang='lat' dir='ltr'><strong>ordinatione,</strong></span> <span class='ocrx_word' id='word_1_801' title='bbox 1881 2655 1989 2690; x_wconf 86' lang='lat' dir='ltr'><strong>quam</strong></span> <span class='ocrx_word' id='word_1_802' title='bbox 2024 2645 2063 2679; x_wconf 88' lang='lat' dir='ltr'><strong>in</strong></span> <span class='ocrx_word' id='word_1_803' title='bbox 2098 2656 2161 2688; x_wconf 91' lang='lat' dir='ltr'><strong>ea,</strong></span> <span class='ocrx_word' id='word_1_804' title='bbox 2205 2657 2300 2692; x_wconf 91' lang='lat' dir='ltr'><strong>quae</strong></span> <span class='ocrx_word' id='word_1_805' title='bbox 2335 2647 2394 2682; x_wconf 91' lang='lat' dir='ltr'><strong>de-</strong></span> 
     </span>
     <span class='ocr_line' id='line_1_57' title="bbox 157 2685 2394 2736; baseline 0.003 -15"><span class='ocrx_word' id='word_1_806' title='bbox 157 2687 233 2721; x_wconf 89' lang='lat' dir='ltr'><strong>lata</strong></span> <span class='ocrx_word' id='word_1_807' title='bbox 256 2689 358 2727; x_wconf 87' lang='lat' dir='ltr'><strong>sunt,</strong></span> <span class='ocrx_word' id='word_1_808' title='bbox 389 2685 602 2731; x_wconf 86' lang='lat' dir='ltr'><strong>inquisitum</strong></span> <span class='ocrx_word' id='word_1_809' title='bbox 625 2685 691 2727; x_wconf 87' lang='lat' dir='ltr'><strong>sit,</strong></span> <span class='ocrx_word' id='word_1_810' title='bbox 721 2689 758 2721; x_wconf 90' lang='lat' dir='ltr'><strong>et</strong></span> <span class='ocrx_word' id='word_1_811' title='bbox 779 2696 858 2732; x_wconf 77' lang='lat' dir='ltr'><strong>ipse</strong></span> <span class='ocrx_word' id='word_1_812' title='bbox 881 2686 979 2720; x_wconf 88' lang='lat' dir='ltr'><strong>omni</strong></span> <span class='ocrx_word' id='word_1_813' title='bbox 1001 2696 1052 2721; x_wconf 76' lang='lat' dir='ltr'><strong>ex</strong></span> <span class='ocrx_word' id='word_1_814' title='bbox 1068 2690 1181 2731; x_wconf 87' lang='lat' dir='ltr'><strong>parte</strong></span> <span class='ocrx_word' id='word_1_815' title='bbox 1203 2685 1329 2721; x_wconf 85' lang='lat' dir='ltr'><strong>insons</strong></span> <span class='ocrx_word' id='word_1_816' title='bbox 1353 2691 1542 2733; x_wconf 82' lang='lat' dir='ltr'><strong>appareat.</strong></span> <span class='ocrx_word' id='word_1_817' title='bbox 1590 2686 1730 2730; x_wconf 74' lang='lat' dir='ltr'><strong>Quodsi</strong></span> <span class='ocrx_word' id='word_1_818' title='bbox 1753 2688 1809 2724; x_wconf 83' lang='lat' dir='ltr'><strong>vel</strong></span> <span class='ocrx_word' id='word_1_819' title='bbox 1824 2693 1917 2736; x_wconf 87' lang='lat' dir='ltr'><strong>post</strong></span> <span class='ocrx_word' id='word_1_820' title='bbox 1938 2690 2115 2725; x_wconf 85' lang='lat' dir='ltr'><strong>eiusmodi</strong></span> <span class='ocrx_word' id='word_1_821' title='bbox 2134 2691 2394 2728; x_wconf 87' lang='lat' dir='ltr'><strong>contradictio-</strong></span> 
     </span>
     <span class='ocr_line' id='line_1_58' title="bbox 156 2729 2393 2811; baseline 0.003 -45"><span class='ocrx_word' id='word_1_822' title='bbox 156 2731 309 2772; x_wconf 86' lang='lat' dir='ltr'><strong>nemis,</strong></span> <span class='ocrx_word' id='word_1_823' title='bbox 342 2730 406 2776; x_wconf 87' lang='lat' dir='ltr'><strong>qui</strong></span> <span class='ocrx_word' id='word_1_824' title='bbox 434 2729 700 2766; x_wconf 82' lang='lat' dir='ltr'><strong>ordinationem</strong></span> <span class='ocrx_word' id='word_1_825' title='bbox 727 2731 897 2811; x_wconf 51' lang='lat' dir='ltr'><strong>{eraqiss</strong></span> <span class='ocrx_word' id='word_1_826' title='bbox 930 2730 1126 2777; x_wconf 83' lang='lat' dir='ltr'><strong>leqitimam</strong></span> <span class='ocrx_word' id='word_1_827' title='bbox 1150 2730 1420 2776; x_wconf 80' lang='lat' dir='ltr'><strong>inquisitionem</strong></span> <span class='ocrx_word' id='word_1_828' title='bbox 1448 2742 1581 2767; x_wconf 89' lang='lat' dir='ltr'><strong>causae</strong></span> <span class='ocrx_word' id='word_1_829' title='bbox 1602 2733 1762 2780; x_wconf 86' lang='lat' dir='ltr'><strong>impendi</strong></span> <span class='ocrx_word' id='word_1_830' title='bbox 1784 2745 1858 2770; x_wconf 87' lang='lat' dir='ltr'><strong>non</strong></span> <span class='ocrx_word' id='word_1_831' title='bbox 1887 2746 2021 2782; x_wconf 81' lang='lat' dir='ltr'><strong>passus</strong></span> <span class='ocrx_word' id='word_1_832' title='bbox 2045 2735 2095 2771; x_wconf 89' lang='lat' dir='ltr'><strong>ad</strong></span> <span class='ocrx_word' id='word_1_833' title='bbox 2125 2736 2393 2773; x_wconf 84' lang='lat' dir='ltr'><strong>ordinationem</strong></span> 
     </span>
     <span class='ocr_line' id='line_1_59' title="bbox 156 2775 2393 2826; baseline 0.003 -15"><span class='ocrx_word' id='word_1_834' title='bbox 156 2776 429 2823; x_wconf 81' lang='lat' dir='ltr'><strong>properaverit,</strong></span> <span class='ocrx_word' id='word_1_835' title='bbox 460 2775 556 2811; x_wconf 86' lang='lat' dir='ltr'><strong>sciat</strong></span> <span class='ocrx_word' id='word_1_836' title='bbox 583 2775 685 2822; x_wconf 89' lang='lat' dir='ltr'><strong>quod</strong></span> <span class='ocrx_word' id='word_1_837' title='bbox 713 2787 735 2812; x_wconf 92' lang='lat' dir='ltr'><strong>a</strong></span> <span class='ocrx_word' id='word_1_838' title='bbox 789 2776 870 2823; x_wconf 84' lang='lat' dir='ltr'><strong>ipso</strong></span> <span class='ocrx_word' id='word_1_839' title='bbox 891 2776 938 2821; x_wconf 82' lang='lat' dir='ltr'><strong>fit</strong></span> <span class='ocrx_word' id='word_1_840' title='bbox 958 2787 1029 2822; x_wconf 85' lang='lat' dir='ltr'><strong>pro</strong></span> <span class='ocrx_word' id='word_1_841' title='bbox 1053 2775 1167 2811; x_wconf 79' lang='lat' dir='ltr'><strong>nihilo</strong></span> <span class='ocrx_word' id='word_1_842' title='bbox 1193 2787 1286 2811; x_wconf 85' lang='lat' dir='ltr'><strong>esse:</strong></span> <span class='ocrx_word' id='word_1_843' title='bbox 1320 2776 1385 2812; x_wconf 91' lang='lat' dir='ltr'><strong>sed</strong></span> <span class='ocrx_word' id='word_1_844' title='bbox 1407 2782 1444 2812; x_wconf 90' lang='lat' dir='ltr'><strong>et</strong></span> <span class='ocrx_word' id='word_1_845' title='bbox 1464 2777 1515 2820; x_wconf 88' lang='lat' dir='ltr'><strong>is,</strong></span> <span class='ocrx_word' id='word_1_846' title='bbox 1547 2778 1612 2824; x_wconf 88' lang='lat' dir='ltr'><strong>qui</strong></span> <span class='ocrx_word' id='word_1_847' title='bbox 1635 2783 1764 2814; x_wconf 88' lang='lat' dir='ltr'><strong>contra</strong></span> <span class='ocrx_word' id='word_1_848' title='bbox 1793 2779 1906 2826; x_wconf 75' lang='lat' dir='ltr'><strong>leqem</strong></span> <span class='ocrx_word' id='word_1_849' title='bbox 1928 2781 2056 2826; x_wconf 84' lang='lat' dir='ltr'><strong>factus</strong></span> <span class='ocrx_word' id='word_1_850' title='bbox 2078 2786 2151 2824; x_wconf 89' lang='lat' dir='ltr'><strong>est,</strong></span> <span class='ocrx_word' id='word_1_851' title='bbox 2186 2783 2393 2818; x_wconf 86' lang='lat' dir='ltr'><strong>sacerdotio</strong></span> 
     </span>
     <span class='ocr_line' id='line_1_60' title="bbox 158 2821 2393 2873; baseline 0.003 -16"><span class='ocrx_word' id='word_1_852' title='bbox 158 2821 321 2862; x_wconf 76' lang='lat' dir='ltr'><strong>excidet,</strong></span> <span class='ocrx_word' id='word_1_853' title='bbox 353 2825 390 2857; x_wconf 89' lang='lat' dir='ltr'><strong>et</strong></span> <span class='ocrx_word' id='word_1_854' title='bbox 416 2821 467 2863; x_wconf 86' lang='lat' dir='ltr'><strong>is,</strong></span> <span class='ocrx_word' id='word_1_855' title='bbox 491 2821 554 2867; x_wconf 87' lang='lat' dir='ltr'><strong>qui</strong></span> <span class='ocrx_word' id='word_1_856' title='bbox 581 2821 661 2856; x_wconf 88' lang='lat' dir='ltr'><strong>sine</strong></span> <span class='ocrx_word' id='word_1_857' title='bbox 678 2821 901 2868; x_wconf 82' lang='lat' dir='ltr'><strong>probatione</strong></span> <span class='ocrx_word' id='word_1_858' title='bbox 926 2821 1193 2856; x_wconf 87' lang='lat' dir='ltr'><strong>ordinationem</strong></span> <span class='ocrx_word' id='word_1_859' title='bbox 1211 2822 1375 2873; x_wconf 78' lang='lat' dir='ltr'><strong>pereqit,</strong></span> <span class='ocrx_word' id='word_1_860' title='bbox 1407 2826 1444 2858; x_wconf 90' lang='lat' dir='ltr'><strong>et</strong></span> <span class='ocrx_word' id='word_1_861' title='bbox 1466 2823 1545 2868; x_wconf 90' lang='lat' dir='ltr'><strong>ipse</strong></span> <span class='ocrx_word' id='word_1_862' title='bbox 1567 2823 1733 2859; x_wconf 86' lang='lat' dir='ltr'><strong>similiter</strong></span> <span class='ocrx_word' id='word_1_863' title='bbox 1756 2835 1779 2859; x_wconf 90' lang='lat' dir='ltr'><strong>a</strong></span> <span class='ocrx_word' id='word_1_864' title='bbox 1802 2824 1886 2861; x_wconf 89' lang='lat' dir='ltr'><strong>sede</strong></span> <span class='ocrx_word' id='word_1_865' title='bbox 1908 2826 2129 2862; x_wconf 89' lang='lat' dir='ltr'><strong>sacerdotali</strong></span> <span class='ocrx_word' id='word_1_866' title='bbox 2151 2827 2393 2864; x_wconf 80' lang='lat' dir='ltr'><strong>removebitur</strong></span> 
     </span>
     <span class='ocr_line' id='line_1_61' title="bbox 157 2865 2391 2916; baseline 0.003 -14"><span class='ocrx_word' id='word_1_867' title='bbox 157 2872 266 2913; x_wconf 85' lang='lat' dir='ltr'><strong>atque</strong></span> <span class='ocrx_word' id='word_1_868' title='bbox 289 2866 356 2902; x_wconf 91' lang='lat' dir='ltr'><strong>deo</strong></span> <span class='ocrx_word' id='word_1_869' title='bbox 380 2866 559 2902; x_wconf 88' lang='lat' dir='ltr'><strong>rationem</strong></span> <span class='ocrx_word' id='word_1_870' title='bbox 582 2865 727 2909; x_wconf 87' lang='lat' dir='ltr'><strong>reddet,</strong></span> <span class='ocrx_word' id='word_1_871' title='bbox 761 2866 825 2912; x_wconf 86' lang='lat' dir='ltr'><strong>qui</strong></span> <span class='ocrx_word' id='word_1_872' title='bbox 849 2867 1005 2902; x_wconf 88' lang='lat' dir='ltr'><strong>omnium</strong></span> <span class='ocrx_word' id='word_1_873' title='bbox 1029 2867 1189 2902; x_wconf 72' lang='lat' dir='ltr'><strong>maxime</strong></span> <span class='ocrx_word' id='word_1_874' title='bbox 1211 2878 1250 2901; x_wconf 69' lang='lat' dir='ltr'><strong>in</strong></span> <span class='ocrx_word' id='word_1_875' title='bbox 1273 2866 1523 2903; x_wconf 87' lang='lat' dir='ltr'><strong>sacerdotibus</strong></span> <span class='ocrx_word' id='word_1_876' title='bbox 1545 2868 1622 2903; x_wconf 89' lang='lat' dir='ltr'><strong>suis</strong></span> <span class='ocrx_word' id='word_1_877' title='bbox 1652 2868 1898 2915; x_wconf 78' lang='lat' dir='ltr'><strong>inteqritatem</strong></span> <span class='ocrx_word' id='word_1_878' title='bbox 1928 2882 1969 2907; x_wconf 91' lang='lat' dir='ltr'><strong>re</strong></span> <span class='ocrx_word' id='word_1_879' title='bbox 1995 2872 2092 2908; x_wconf 83' lang='lat' dir='ltr'><strong>uirit.</strong></span> <span class='ocrx_word' id='word_1_880' title='bbox 2141 2871 2183 2908; x_wconf 90' lang='lat' dir='ltr'><strong>Si</strong></span> <span class='ocrx_word' id='word_1_881' title='bbox 2208 2877 2325 2909; x_wconf 86' lang='lat' dir='ltr'><strong>tamen</strong></span> <span class='ocrx_word' id='word_1_882' title='bbox 2348 2875 2391 2916; x_wconf 88' lang='lat' dir='ltr'><strong>is,</strong></span> 
     </span>
     <span class='ocr_line' id='line_1_62' title="bbox 157 2911 2393 2965; baseline 0.004 -19"><span class='ocrx_word' id='word_1_883' title='bbox 157 2912 220 2958; x_wconf 88' lang='lat' dir='ltr'><strong>qui</strong></span> <span class='ocrx_word' id='word_1_884' title='bbox 245 2911 470 2948; x_wconf 88' lang='lat' dir='ltr'><strong>ordinationi</strong></span> <span class='ocrx_word' id='word_1_885' title='bbox 493 2911 684 2947; x_wconf 86' lang='lat' dir='ltr'><strong>oblocutus</strong></span> <span class='ocrx_word' id='word_1_886' title='bbox 707 2912 762 2948; x_wconf 87' lang='lat' dir='ltr'><strong>vel</strong></span> <span class='ocrx_word' id='word_1_887' title='bbox 780 2923 856 2947; x_wconf 89' lang='lat' dir='ltr'><strong>rem</strong></span> <span class='ocrx_word' id='word_1_888' title='bbox 871 2917 1091 2958; x_wconf 87' lang='lat' dir='ltr'><strong>persecutus</strong></span> <span class='ocrx_word' id='word_1_889' title='bbox 1111 2916 1183 2954; x_wconf 88' lang='lat' dir='ltr'><strong>est,</strong></span> <span class='ocrx_word' id='word_1_890' title='bbox 1210 2911 1451 2947; x_wconf 86' lang='lat' dir='ltr'><strong>calumniator</strong></span> <span class='ocrx_word' id='word_1_891' title='bbox 1475 2918 1668 2959; x_wconf 83' lang='lat' dir='ltr'><strong>appareat,</strong></span> <span class='ocrx_word' id='word_1_892' title='bbox 1693 2914 1749 2950; x_wconf 83' lang='lat' dir='ltr'><strong>vel</strong></span> <span class='ocrx_word' id='word_1_893' title='bbox 1769 2915 1877 2951; x_wconf 83' lang='lat' dir='ltr'><strong>etiam</strong></span> <span class='ocrx_word' id='word_1_894' title='bbox 1901 2916 1934 2951; x_wconf 89' lang='lat' dir='ltr'><strong>si</strong></span> <span class='ocrx_word' id='word_1_895' title='bbox 1957 2928 1980 2952; x_wconf 93' lang='lat' dir='ltr'><strong>a</strong></span> <span class='ocrx_word' id='word_1_896' title='bbox 2026 2918 2131 2953; x_wconf 89' lang='lat' dir='ltr'><strong>initio</strong></span> <span class='ocrx_word' id='word_1_897' title='bbox 2155 2929 2201 2954; x_wconf 89' lang='lat' dir='ltr'><strong>ne</strong></span> <span class='ocrx_word' id='word_1_898' title='bbox 2221 2920 2393 2965; x_wconf 83' lang='lat' dir='ltr'><strong>persequi</strong></span> 
     </span>
     <span class='ocr_line' id='line_1_63' title="bbox 157 2956 2391 3010; baseline 0.004 -19"><span class='ocrx_word' id='word_1_899' title='bbox 157 2957 299 3003; x_wconf 83' lang='lat' dir='ltr'><strong>quidem</strong></span> <span class='ocrx_word' id='word_1_900' title='bbox 321 2967 398 2992; x_wconf 88' lang='lat' dir='ltr'><strong>rem</strong></span> <span class='ocrx_word' id='word_1_901' title='bbox 421 2967 533 2991; x_wconf 89' lang='lat' dir='ltr'><strong>ausus</strong></span> <span class='ocrx_word' id='word_1_902' title='bbox 555 2956 614 2999; x_wconf 88' lang='lat' dir='ltr'><strong>sit,</strong></span> <span class='ocrx_word' id='word_1_903' title='bbox 640 2968 719 2992; x_wconf 88' lang='lat' dir='ltr'><strong>eum</strong></span> <span class='ocrx_word' id='word_1_904' title='bbox 735 2957 767 2992; x_wconf 84' lang='lat' dir='ltr'><strong>is</strong></span> <span class='ocrx_word' id='word_1_905' title='bbox 785 2957 850 3003; x_wconf 88' lang='lat' dir='ltr'><strong>qui</strong></span> <span class='ocrx_word' id='word_1_906' title='bbox 874 2956 1140 2993; x_wconf 87' lang='lat' dir='ltr'><strong>ordinationem</strong></span> <span class='ocrx_word' id='word_1_907' title='bbox 1156 2968 1340 3004; x_wconf 74' lang='lat' dir='ltr'><strong>peraqere</strong></span> <span class='ocrx_word' id='word_1_908' title='bbox 1361 2957 1437 2993; x_wconf 84' lang='lat' dir='ltr'><strong>vult</strong></span> <span class='ocrx_word' id='word_1_909' title='bbox 1455 2958 1494 2993; x_wconf 90' lang='lat' dir='ltr'><strong>in</strong></span> <span class='ocrx_word' id='word_1_910' title='bbox 1507 2964 1726 3010; x_wconf 87' lang='lat' dir='ltr'><strong>perpetuum</strong></span> <span class='ocrx_word' id='word_1_911' title='bbox 1748 2971 1771 2995; x_wconf 89' lang='lat' dir='ltr'><strong>a</strong></span> <span class='ocrx_word' id='word_1_912' title='bbox 1793 2970 1902 2996; x_wconf 88' lang='lat' dir='ltr'><strong>sacra</strong></span> <span class='ocrx_word' id='word_1_913' title='bbox 1926 2963 2176 2998; x_wconf 88' lang='lat' dir='ltr'><strong>communione</strong></span> <span class='ocrx_word' id='word_1_914' title='bbox 2198 2966 2391 3008; x_wconf 73' lang='lat' dir='ltr'><strong>removeat,</strong></span> 
     </span>
     <span class='ocr_line' id='line_1_64' title="bbox 156 3001 2392 3056; baseline 0.004 -19"><span class='ocrx_word' id='word_1_915' title='bbox 156 3007 197 3037; x_wconf 85' lang='lat' dir='ltr'><strong>ut</strong></span> <span class='ocrx_word' id='word_1_916' title='bbox 220 3013 265 3037; x_wconf 88' lang='lat' dir='ltr'><strong>ne</strong></span> <span class='ocrx_word' id='word_1_917' title='bbox 287 3001 381 3036; x_wconf 89' lang='lat' dir='ltr'><strong>illud</strong></span> <span class='ocrx_word' id='word_1_918' title='bbox 410 3001 554 3047; x_wconf 86' lang='lat' dir='ltr'><strong>quidem</strong></span> <span class='ocrx_word' id='word_1_919' title='bbox 583 3002 808 3037; x_wconf 86' lang='lat' dir='ltr'><strong>mendacium</strong></span> <span class='ocrx_word' id='word_1_920' title='bbox 841 3002 1055 3048; x_wconf 83' lang='lat' dir='ltr'><strong>impunitum</strong></span> <span class='ocrx_word' id='word_1_921' title='bbox 1083 3002 1141 3037; x_wconf 87' lang='lat' dir='ltr'><strong>sit.</strong></span> <span class='ocrx_word' id='word_1_922' title='bbox 1189 3001 1494 3046; x_wconf 78' lang='lat' dir='ltr'><strong>Quemadmodum</strong></span> <span class='ocrx_word' id='word_1_923' title='bbox 1524 3015 1618 3039; x_wconf 77' lang='lat' dir='ltr'><strong>enim</strong></span> <span class='ocrx_word' id='word_1_924' title='bbox 1650 3004 1782 3039; x_wconf 85' lang='lat' dir='ltr'><strong>bonam</strong></span> <span class='ocrx_word' id='word_1_925' title='bbox 1814 3006 2118 3043; x_wconf 77' lang='lat' dir='ltr'><strong>existimationem</strong></span> <span class='ocrx_word' id='word_1_926' title='bbox 2153 3009 2191 3043; x_wconf 89' lang='lat' dir='ltr'><strong>in</strong></span> <span class='ocrx_word' id='word_1_927' title='bbox 2229 3020 2292 3051; x_wconf 90' lang='lat' dir='ltr'><strong>eo,</strong></span> <span class='ocrx_word' id='word_1_928' title='bbox 2328 3011 2392 3056; x_wconf 83' lang='lat' dir='ltr'><strong>qui</strong></span> 
     </span>
     <span class='ocr_line' id='line_1_65' title="bbox 158 3046 2389 3100; baseline 0.004 -19"><span class='ocrx_word' id='word_1_929' title='bbox 158 3046 385 3082; x_wconf 88' lang='lat' dir='ltr'><strong>ordinandus</strong></span> <span class='ocrx_word' id='word_1_930' title='bbox 402 3051 467 3089; x_wconf 89' lang='lat' dir='ltr'><strong>est,</strong></span> <span class='ocrx_word' id='word_1_931' title='bbox 488 3047 718 3092; x_wconf 83' lang='lat' dir='ltr'><strong>requirimus,</strong></span> <span class='ocrx_word' id='word_1_932' title='bbox 741 3048 794 3082; x_wconf 91' lang='lat' dir='ltr'><strong>ita</strong></span> <span class='ocrx_word' id='word_1_933' title='bbox 819 3047 1034 3082; x_wconf 87' lang='lat' dir='ltr'><strong>calumniam</strong></span> <span class='ocrx_word' id='word_1_934' title='bbox 1059 3058 1203 3093; x_wconf 87' lang='lat' dir='ltr'><strong>quoque</strong></span> <span class='ocrx_word' id='word_1_935' title='bbox 1225 3052 1354 3083; x_wconf 86' lang='lat' dir='ltr'><strong>temere</strong></span> <span class='ocrx_word' id='word_1_936' title='bbox 1377 3049 1583 3084; x_wconf 86' lang='lat' dir='ltr'><strong>accusantis</strong></span> <span class='ocrx_word' id='word_1_937' title='bbox 1604 3050 1832 3095; x_wconf 75' lang='lat' dir='ltr'><strong>castiqamus.</strong></span> <span class='ocrx_word' id='word_1_938' title='bbox 1868 3050 1910 3087; x_wconf 88' lang='lat' dir='ltr'><strong>Si</strong></span> <span class='ocrx_word' id='word_1_939' title='bbox 1930 3063 2014 3088; x_wconf 86' lang='lat' dir='ltr'><strong>vero</strong></span> <span class='ocrx_word' id='word_1_940' title='bbox 2032 3064 2136 3088; x_wconf 85' lang='lat' dir='ltr'><strong>nemo</strong></span> <span class='ocrx_word' id='word_1_941' title='bbox 2151 3065 2314 3100; x_wconf 88' lang='lat' dir='ltr'><strong>prorsus</strong></span> <span class='ocrx_word' id='word_1_942' title='bbox 2332 3066 2389 3090; x_wconf 87' lang='lat' dir='ltr'><strong>ac-</strong></span> 
     </span>
     <span class='ocr_line' id='line_1_66' title="bbox 158 3091 2388 3143; baseline 0.004 -16"><span class='ocrx_word' id='word_1_943' title='bbox 158 3096 273 3134; x_wconf 86' lang='lat' dir='ltr'><strong>cuset,</strong></span> <span class='ocrx_word' id='word_1_944' title='bbox 303 3092 360 3127; x_wconf 82' lang='lat' dir='ltr'><strong>vel</strong></span> <span class='ocrx_word' id='word_1_945' title='bbox 382 3092 445 3137; x_wconf 88' lang='lat' dir='ltr'><strong>qui</strong></span> <span class='ocrx_word' id='word_1_946' title='bbox 469 3091 599 3127; x_wconf 90' lang='lat' dir='ltr'><strong>detulit</strong></span> <span class='ocrx_word' id='word_1_947' title='bbox 619 3103 694 3127; x_wconf 87' lang='lat' dir='ltr'><strong>rem</strong></span> <span class='ocrx_word' id='word_1_948' title='bbox 720 3093 864 3127; x_wconf 87' lang='lat' dir='ltr'><strong>omnino</strong></span> <span class='ocrx_word' id='word_1_949' title='bbox 886 3103 961 3127; x_wconf 91' lang='lat' dir='ltr'><strong>non</strong></span> <span class='ocrx_word' id='word_1_950' title='bbox 978 3097 1236 3138; x_wconf 81' lang='lat' dir='ltr'><strong>persequatur,</strong></span> <span class='ocrx_word' id='word_1_951' title='bbox 1270 3093 1325 3128; x_wconf 86' lang='lat' dir='ltr'><strong>vel</strong></span> <span class='ocrx_word' id='word_1_952' title='bbox 1347 3093 1408 3128; x_wconf 89' lang='lat' dir='ltr'><strong>ubi</strong></span> <span class='ocrx_word' id='word_1_953' title='bbox 1432 3104 1509 3129; x_wconf 87' lang='lat' dir='ltr'><strong>eam</strong></span> <span class='ocrx_word' id='word_1_954' title='bbox 1527 3100 1744 3140; x_wconf 88' lang='lat' dir='ltr'><strong>persecutus</strong></span> <span class='ocrx_word' id='word_1_955' title='bbox 1766 3099 1836 3138; x_wconf 85' lang='lat' dir='ltr'><strong>est,</strong></span> <span class='ocrx_word' id='word_1_956' title='bbox 1861 3107 1982 3133; x_wconf 81' lang='lat' dir='ltr'><strong>veram</strong></span> <span class='ocrx_word' id='word_1_957' title='bbox 2005 3109 2083 3134; x_wconf 89' lang='lat' dir='ltr'><strong>esse</strong></span> <span class='ocrx_word' id='word_1_958' title='bbox 2107 3100 2388 3143; x_wconf 83' lang='lat' dir='ltr'><strong>accusationem,</strong></span> 
     </span>
     <span class='ocr_line' id='line_1_67' title="bbox 170 3146 2389 3158; baseline 0.004 -5"><span class='ocrx_word' id='word_1_959' title='bbox 170 3146 2389 3158; x_wconf 39' lang='lat' dir='ltr'><strong>——Q—</strong></span> 
     </span>
    </p>
   </div>
   <div class='ocr_carea' id='block_1_7' title="bbox 157 3153 2390 3433">
    <p class='ocr_par' dir='ltr' id='par_1_9' title="bbox 157 3153 2390 3433">
     <span class='ocr_line' id='line_1_68' title="bbox 206 3153 2390 3210; baseline 0.004 -16"><span class='ocrx_word' id='word_1_960' title='bbox 206 3164 219 3194; x_wconf 91' lang='lat'>1</span> <span class='ocrx_word' id='word_1_961' title='bbox 248 3155 296 3193; x_wconf 68' lang='grc' dir='ltr'><strong>ὡς</strong></span> <span class='ocrx_word' id='word_1_962' title='bbox 319 3160 430 3205; x_wconf 81' lang='grc' dir='ltr'><strong><em>εἴπερ]</em></strong></span> <span class='ocrx_word' id='word_1_963' title='bbox 457 3161 555 3205; x_wconf 87' lang='grc' dir='ltr'><strong><em>εἴπερ</em></strong></span> <span class='ocrx_word' id='word_1_964' title='bbox 579 3153 624 3203; x_wconf 78' lang='grc' dir='ltr'><strong>ἦν</strong></span> <span class='ocrx_word' id='word_1_965' title='bbox 647 3162 678 3194; x_wconf 99' lang='lat' dir='ltr'><strong><em>A</em></strong></span> <span class='ocrx_word' id='word_1_966' title='bbox 694 3163 705 3204; x_wconf 80' lang='grc' dir='ltr'><strong>Ι]</strong></span> <span class='ocrx_word' id='word_1_967' title='bbox 725 3164 744 3195; x_wconf 86' lang='grc'>2</span> <span class='ocrx_word' id='word_1_968' title='bbox 770 3160 822 3203; x_wconf 88' lang='grc' dir='ltr'><strong>εἴη</strong></span> <span class='ocrx_word' id='word_1_969' title='bbox 848 3174 906 3194; x_wconf 88' lang='lat' dir='ltr'><strong>om.</strong></span> <span class='ocrx_word' id='word_1_970' title='bbox 928 3162 959 3193; x_wconf 90' lang='lat' dir='ltr'><strong><em>A</em></strong></span> <span class='ocrx_word' id='word_1_971' title='bbox 975 3160 987 3204; x_wconf 92' lang='grc' dir='ltr'><strong>ΙΙ</strong></span> <span class='ocrx_word' id='word_1_972' title='bbox 1006 3160 1095 3202; x_wconf 83' lang='grc' dir='ltr'><strong><em>εἶτα]</em></strong></span> <span class='ocrx_word' id='word_1_973' title='bbox 1122 3161 1153 3194; x_wconf 84' lang='grc' dir='ltr'><strong>εἰ</strong></span> <span class='ocrx_word' id='word_1_974' title='bbox 1175 3163 1206 3195; x_wconf 86' lang='grc' dir='ltr'><strong><em>Α</em></strong></span> <span class='ocrx_word' id='word_1_975' title='bbox 1226 3163 1238 3205; x_wconf 72' lang='grc'><strong>[1</strong></span> <span class='ocrx_word' id='word_1_976' title='bbox 1353 3165 1371 3195; x_wconf 85' lang='grc'>2</span> <span class='ocrx_word' id='word_1_977' title='bbox 1397 3163 1438 3195; x_wconf 88' lang='lat' dir='ltr'><strong>ad</strong></span> <span class='ocrx_word' id='word_1_978' title='bbox 1457 3163 1676 3195; x_wconf 86' lang='lat' dir='ltr'><strong>sacerdotium</strong></span> <span class='ocrx_word' id='word_1_979' title='bbox 1699 3174 1759 3206; x_wconf 86' lang='lat' dir='ltr'><strong>per</strong></span> <span class='ocrx_word' id='word_1_980' title='bbox 1781 3165 1975 3208; x_wconf 80' lang='lat' dir='ltr'><strong>suffragium</strong></span> <span class='ocrx_word' id='word_1_981' title='bbox 1990 3168 2021 3200; x_wconf 80' lang='lat' dir='ltr'><em>R</em></span> <span class='ocrx_word' id='word_1_982' title='bbox 2037 3169 2049 3210; x_wconf 79' lang='grc' dir='ltr'><strong>ῃ</strong></span> <span class='ocrx_word' id='word_1_983' title='bbox 2069 3171 2087 3201; x_wconf 89' lang='grc'><strong>3</strong></span> <span class='ocrx_word' id='word_1_984' title='bbox 2113 3168 2207 3200; x_wconf 88' lang='lat' dir='ltr'><strong>cadet</strong></span> <span class='ocrx_word' id='word_1_985' title='bbox 2220 3168 2253 3201; x_wconf 92' lang='lat' dir='ltr'><em>V</em></span> <span class='ocrx_word' id='word_1_986' title='bbox 2257 3170 2268 3209; x_wconf 90' lang='lat'>]</span> <span class='ocrx_word' id='word_1_987' title='bbox 2295 3169 2390 3202; x_wconf 81' lang='lat' dir='ltr'><strong>cadat</strong></span> 
     </span>
     <span class='ocr_line' id='line_1_69' title="bbox 159 3202 2388 3257; baseline 0.003 -18"><span class='ocrx_word' id='word_1_988' title='bbox 159 3202 384 3251; x_wconf 79' lang='grc' dir='ltr'><strong><em>δωροὸοσίαν</em></strong></span> <span class='ocrx_word' id='word_1_989' title='bbox 397 3208 428 3239; x_wconf 87' lang='lat' dir='ltr'><strong><em>A</em></strong></span> <span class='ocrx_word' id='word_1_990' title='bbox 446 3205 459 3250; x_wconf 80' lang='grc' dir='ltr'><strong>ΙΙ</strong></span> <span class='ocrx_word' id='word_1_991' title='bbox 476 3209 495 3240; x_wconf 86' lang='grc'><strong>3</strong></span> <span class='ocrx_word' id='word_1_992' title='bbox 516 3202 784 3251; x_wconf 81' lang='grc' dir='ltr'><strong><em>ἀρχιερωσύνην</em></strong></span> <span class='ocrx_word' id='word_1_993' title='bbox 805 3208 833 3239; x_wconf 90' lang='lat' dir='ltr'><strong><em>A</em></strong></span> <span class='ocrx_word' id='word_1_994' title='bbox 852 3207 862 3247; x_wconf 89' lang='grc' dir='ltr'><strong>ΙΙ</strong></span> <span class='ocrx_word' id='word_1_995' title='bbox 882 3209 902 3239; x_wconf 88' lang='grc'>4</span> <span class='ocrx_word' id='word_1_996' title='bbox 928 3203 1039 3248; x_wconf 70' lang='grc' dir='ltr'><strong><em>αὐτῷ]</em></strong></span> <span class='ocrx_word' id='word_1_997' title='bbox 1066 3205 1159 3239; x_wconf 81' lang='grc' dir='ltr'><strong><em>εἶναι</em></strong></span> <span class='ocrx_word' id='word_1_998' title='bbox 1179 3209 1209 3240; x_wconf 89' lang='grc' dir='ltr'><strong><em>Α</em></strong></span> <span class='ocrx_word' id='word_1_999' title='bbox 1227 3207 1238 3251; x_wconf 83' lang='grc' dir='ltr'>Η</span> <span class='ocrx_word' id='word_1_1000' title='bbox 1309 3207 1339 3240; x_wconf 79' lang='lat' dir='ltr'><em>R</em></span> <span class='ocrx_word' id='word_1_1001' title='bbox 1354 3208 1396 3240; x_wconf 89' lang='lat' dir='ltr'><strong>al.</strong></span> <span class='ocrx_word' id='word_1_1002' title='bbox 1417 3208 1428 3250; x_wconf 84' lang='grc' dir='ltr'><strong>ΙΙ</strong></span> <span class='ocrx_word' id='word_1_1003' title='bbox 1445 3211 1465 3241; x_wconf 84' lang='grc'>4</span> <span class='ocrx_word' id='word_1_1004' title='bbox 1486 3211 1606 3249; x_wconf 89' lang='lat' dir='ltr'><strong>neque]</strong></span> <span class='ocrx_word' id='word_1_1005' title='bbox 1629 3219 1670 3241; x_wconf 89' lang='lat' dir='ltr'><strong>ne</strong></span> <span class='ocrx_word' id='word_1_1006' title='bbox 1687 3210 1730 3242; x_wconf 71' lang='lat' dir='ltr'><strong>R*</strong></span> <span class='ocrx_word' id='word_1_1007' title='bbox 1748 3210 1759 3253; x_wconf 85' lang='grc' dir='ltr'><strong>ΙΙ</strong></span> <span class='ocrx_word' id='word_1_1008' title='bbox 1778 3209 1982 3252; x_wconf 85' lang='lat' dir='ltr'><strong>relinquitur</strong></span> <span class='ocrx_word' id='word_1_1009' title='bbox 1995 3213 2026 3245; x_wconf 84' lang='lat' dir='ltr'><em>R</em></span> <span class='ocrx_word' id='word_1_1010' title='bbox 2045 3212 2058 3257; x_wconf 76' lang='grc' dir='ltr'>Η</span> <span class='ocrx_word' id='word_1_1011' title='bbox 2074 3215 2092 3246; x_wconf 90' lang='grc'>5</span> <span class='ocrx_word' id='word_1_1012' title='bbox 2114 3213 2244 3246; x_wconf 86' lang='lat' dir='ltr'><strong>amittet</strong></span> <span class='ocrx_word' id='word_1_1013' title='bbox 2258 3221 2288 3246; x_wconf 84' lang='lat' dir='ltr'><strong>et</strong></span> <span class='ocrx_word' id='word_1_1014' title='bbox 2300 3216 2318 3248; x_wconf 99' lang='lat'><strong>7</strong></span> <span class='ocrx_word' id='word_1_1015' title='bbox 2334 3225 2388 3247; x_wconf 86' lang='lat' dir='ltr'><strong>ex-</strong></span> 
     </span>
     <span class='ocr_line' id='line_1_70' title="bbox 158 3248 2389 3305; baseline 0.003 -20"><span class='ocrx_word' id='word_1_1016' title='bbox 158 3255 177 3285; x_wconf 82' lang='lat'>5</span> <span class='ocrx_word' id='word_1_1017' title='bbox 202 3249 244 3284; x_wconf 85' lang='grc' dir='ltr'><strong>τὸ</strong></span> <span class='ocrx_word' id='word_1_1018' title='bbox 269 3264 327 3284; x_wconf 90' lang='lat' dir='ltr'><strong>om.</strong></span> <span class='ocrx_word' id='word_1_1019' title='bbox 352 3252 382 3284; x_wconf 87' lang='lat' dir='ltr'><strong><em>A</em></strong></span> <span class='ocrx_word' id='word_1_1020' title='bbox 409 3251 422 3293; x_wconf 82' lang='grc' dir='ltr'><strong>ΙΙ</strong></span> <span class='ocrx_word' id='word_1_1021' title='bbox 453 3253 470 3284; x_wconf 88' lang='lat'><strong>7</strong></span> <span class='ocrx_word' id='word_1_1022' title='bbox 496 3249 611 3292; x_wconf 84' lang='grc' dir='ltr'><strong><em>πάσης</em></strong></span> <span class='ocrx_word' id='word_1_1023' title='bbox 634 3253 685 3293; x_wconf 88' lang='grc' dir='ltr'><strong>τε]</strong></span> <span class='ocrx_word' id='word_1_1024' title='bbox 710 3253 768 3284; x_wconf 84' lang='grc' dir='ltr'><strong>καὶ</strong></span> <span class='ocrx_word' id='word_1_1025' title='bbox 792 3248 907 3292; x_wconf 80' lang='grc' dir='ltr'><strong><em>πάσης</em></strong></span> <span class='ocrx_word' id='word_1_1026' title='bbox 931 3252 992 3294; x_wconf 79' lang='grc' dir='ltr'><strong>τῆς</strong></span> <span class='ocrx_word' id='word_1_1027' title='bbox 1014 3252 1046 3284; x_wconf 87' lang='grc' dir='ltr'><strong><em>Α</em></strong></span> <span class='ocrx_word' id='word_1_1028' title='bbox 1072 3251 1083 3294; x_wconf 82' lang='grc' dir='ltr'><strong>ΙΙ</strong></span> <span class='ocrx_word' id='word_1_1029' title='bbox 1115 3254 1154 3285; x_wconf 83' lang='lat'><strong>10</strong></span> <span class='ocrx_word' id='word_1_1030' title='bbox 1178 3264 1235 3296; x_wconf 81' lang='grc' dir='ltr'><strong>με·</strong></span> <span class='ocrx_word' id='word_1_1031' title='bbox 1306 3253 1459 3285; x_wconf 85' lang='lat' dir='ltr'><strong>cludetur</strong></span> <span class='ocrx_word' id='word_1_1032' title='bbox 1482 3254 1567 3297; x_wconf 78' lang='lat' dir='ltr'><strong>vulq.</strong></span> <span class='ocrx_word' id='word_1_1033' title='bbox 1593 3252 1604 3296; x_wconf 95' lang='grc' dir='ltr'><strong>ΙΙ</strong></span> <span class='ocrx_word' id='word_1_1034' title='bbox 1624 3256 1644 3288; x_wconf 92' lang='grc'><strong>6</strong></span> <span class='ocrx_word' id='word_1_1035' title='bbox 1669 3264 1736 3286; x_wconf 93' lang='lat' dir='ltr'><strong>non</strong></span> <span class='ocrx_word' id='word_1_1036' title='bbox 1760 3256 1883 3289; x_wconf 81' lang='lat' dir='ltr'><strong>inserui</strong></span> <span class='ocrx_word' id='word_1_1037' title='bbox 1905 3269 1944 3290; x_wconf 68' lang='grc' dir='ltr'><strong>ετ</strong></span> <span class='ocrx_word' id='word_1_1038' title='bbox 1971 3257 2029 3290; x_wconf 83' lang='lat' dir='ltr'><strong>Gr.</strong></span> <span class='ocrx_word' id='word_1_1039' title='bbox 2049 3258 2061 3301; x_wconf 80' lang='grc' dir='ltr'>Η</span> <span class='ocrx_word' id='word_1_1040' title='bbox 2079 3259 2097 3290; x_wconf 88' lang='grc'>8</span> <span class='ocrx_word' id='word_1_1041' title='bbox 2119 3268 2273 3290; x_wconf 83' lang='lat' dir='ltr'><strong>coranam</strong></span> <span class='ocrx_word' id='word_1_1042' title='bbox 2298 3259 2336 3292; x_wconf 93' lang='lat' dir='ltr'><em>V</em></span> <span class='ocrx_word' id='word_1_1043' title='bbox 2343 3258 2389 3305; x_wconf 63' lang='grc' dir='ltr'><strong>*ΙΙ</strong></span> 
     </span>
     <span class='ocr_line' id='line_1_71' title="bbox 157 3293 2387 3347; baseline 0.004 -17"><span class='ocrx_word' id='word_1_1044' title='bbox 157 3294 263 3343; x_wconf 84' lang='grc' dir='ltr'><strong><em>γάλης</em></strong></span> <span class='ocrx_word' id='word_1_1045' title='bbox 286 3309 343 3328; x_wconf 88' lang='lat' dir='ltr'><strong>om.</strong></span> <span class='ocrx_word' id='word_1_1046' title='bbox 368 3297 421 3332; x_wconf 85' lang='grc' dir='ltr'><strong><em>Ας</em></strong></span> <span class='ocrx_word' id='word_1_1047' title='bbox 445 3295 458 3340; x_wconf 81' lang='grc' dir='ltr'><strong>ΙΙ</strong></span> <span class='ocrx_word' id='word_1_1048' title='bbox 478 3298 513 3329; x_wconf 88' lang='grc'><strong>11</strong></span> <span class='ocrx_word' id='word_1_1049' title='bbox 541 3293 663 3329; x_wconf 87' lang='grc' dir='ltr'><strong><em>πάντα</em></strong></span> <span class='ocrx_word' id='word_1_1050' title='bbox 686 3298 717 3330; x_wconf 83' lang='grc' dir='ltr'><strong><em>Α</em></strong></span> <span class='ocrx_word' id='word_1_1051' title='bbox 741 3297 753 3339; x_wconf 84' lang='grc' dir='ltr'><strong>ΙΙ</strong></span> <span class='ocrx_word' id='word_1_1052' title='bbox 779 3293 879 3338; x_wconf 81' lang='grc' dir='ltr'><strong><em>αὐτῷ</em></strong></span> <span class='ocrx_word' id='word_1_1053' title='bbox 905 3309 962 3329; x_wconf 89' lang='lat' dir='ltr'><strong>om.</strong></span> <span class='ocrx_word' id='word_1_1054' title='bbox 988 3308 1007 3332; x_wconf 87' lang='grc' dir='ltr'><strong>ς</strong></span> <span class='ocrx_word' id='word_1_1055' title='bbox 1025 3296 1037 3340; x_wconf 67' lang='lat' dir='ltr'><strong>{l</strong></span> <span class='ocrx_word' id='word_1_1056' title='bbox 1059 3298 1095 3330; x_wconf 79' lang='lat'><strong>12</strong></span> <span class='ocrx_word' id='word_1_1057' title='bbox 1123 3293 1168 3330; x_wconf 80' lang='grc' dir='ltr'><strong>ὠς</strong></span> <span class='ocrx_word' id='word_1_1058' title='bbox 1191 3294 1237 3330; x_wconf 81' lang='grc' dir='ltr'><strong>ἂν</strong></span> <span class='ocrx_word' id='word_1_1059' title='bbox 1306 3300 1326 3331; x_wconf 87' lang='grc'>9</span> <span class='ocrx_word' id='word_1_1060' title='bbox 1351 3298 1441 3331; x_wconf 90' lang='lat' dir='ltr'><strong>omni</strong></span> <span class='ocrx_word' id='word_1_1061' title='bbox 1465 3311 1523 3331; x_wconf 90' lang='lat' dir='ltr'><strong>om.</strong></span> <span class='ocrx_word' id='word_1_1062' title='bbox 1545 3298 1578 3330; x_wconf 88' lang='lat' dir='ltr'><em>R</em></span> <span class='ocrx_word' id='word_1_1063' title='bbox 1594 3297 1606 3342; x_wconf 88' lang='grc' dir='ltr'><strong>ΙΙ</strong></span> <span class='ocrx_word' id='word_1_1064' title='bbox 1628 3301 1667 3333; x_wconf 88' lang='grc'><strong>10</strong></span> <span class='ocrx_word' id='word_1_1065' title='bbox 1697 3310 1771 3332; x_wconf 88' lang='lat' dir='ltr'><strong>eum</strong></span> <span class='ocrx_word' id='word_1_1066' title='bbox 1794 3310 1854 3342; x_wconf 86' lang='lat' dir='ltr'><strong>per</strong></span> <span class='ocrx_word' id='word_1_1067' title='bbox 1878 3302 1989 3334; x_wconf 87' lang='lat' dir='ltr'><strong>omnia</strong></span> <span class='ocrx_word' id='word_1_1068' title='bbox 2008 3302 2149 3336; x_wconf 75' lang='lat' dir='ltr'><em>VR²T⁰</em></span> <span class='ocrx_word' id='word_1_1069' title='bbox 2172 3304 2184 3345; x_wconf 90' lang='grc' dir='ltr'><strong>ΙΙ</strong></span> <span class='ocrx_word' id='word_1_1070' title='bbox 2215 3305 2254 3338; x_wconf 85' lang='grc'><strong>12</strong></span> <span class='ocrx_word' id='word_1_1071' title='bbox 2281 3306 2320 3336; x_wconf 87' lang='lat' dir='ltr'><strong>ut</strong></span> <span class='ocrx_word' id='word_1_1072' title='bbox 2343 3307 2387 3347; x_wconf 85' lang='lat' dir='ltr'><strong>et]</strong></span> 
     </span>
     <span class='ocr_line' id='line_1_72' title="bbox 158 3336 2387 3393; baseline 0.004 -19"><span class='ocrx_word' id='word_1_1073' title='bbox 158 3339 309 3386; x_wconf 77' lang='grc' dir='ltr'><strong><em>μαθων]</em></strong></span> <span class='ocrx_word' id='word_1_1074' title='bbox 333 3336 432 3375; x_wconf 78' lang='grc' dir='ltr'><strong><em>ὅπως</em></strong></span> <span class='ocrx_word' id='word_1_1075' title='bbox 449 3337 625 3385; x_wconf 69' lang='grc' dir='ltr'><strong><em>μαθόντα</em></strong></span> <span class='ocrx_word' id='word_1_1076' title='bbox 642 3343 676 3375; x_wconf 80' lang='grc' dir='ltr'><strong><em>Α</em></strong></span> <span class='ocrx_word' id='word_1_1077' title='bbox 693 3342 705 3384; x_wconf 80' lang='grc' dir='ltr'><strong>ΙΙ</strong></span> <span class='ocrx_word' id='word_1_1078' title='bbox 721 3341 879 3382; x_wconf 77' lang='grc' dir='ltr'><strong><em>ἅπαντα]</em></strong></span> <span class='ocrx_word' id='word_1_1079' title='bbox 905 3342 982 3375; x_wconf 82' lang='grc' dir='ltr'><strong>πῶς</strong></span> <span class='ocrx_word' id='word_1_1080' title='bbox 999 3342 1029 3374; x_wconf 88' lang='lat' dir='ltr'><strong><em>A</em></strong></span> <span class='ocrx_word' id='word_1_1081' title='bbox 1049 3341 1060 3386; x_wconf 85' lang='grc' dir='ltr'><strong>ΙΙ</strong></span> <span class='ocrx_word' id='word_1_1082' title='bbox 1080 3344 1118 3376; x_wconf 92' lang='grc'><strong>13</strong></span> <span class='ocrx_word' id='word_1_1083' title='bbox 1143 3342 1238 3384; x_wconf 77' lang='grc' dir='ltr'><strong><em>ἔχειν</em></strong></span> <span class='ocrx_word' id='word_1_1084' title='bbox 1305 3345 1338 3375; x_wconf 90' lang='lat' dir='ltr'><strong>et</strong></span> <span class='ocrx_word' id='word_1_1085' title='bbox 1357 3347 1397 3375; x_wconf 83' lang='lat' dir='ltr'><strong>ut</strong></span> <span class='ocrx_word' id='word_1_1086' title='bbox 1424 3344 1456 3376; x_wconf 91' lang='lat' dir='ltr'><em>T</em></span> <span class='ocrx_word' id='word_1_1087' title='bbox 1473 3346 1511 3375; x_wconf 83' lang='lat' dir='ltr'><strong>ut</strong></span> <span class='ocrx_word' id='word_1_1088' title='bbox 1531 3344 1579 3376; x_wconf 73' lang='lat' dir='ltr'><strong>R*</strong></span> <span class='ocrx_word' id='word_1_1089' title='bbox 1601 3343 1614 3388; x_wconf 82' lang='grc' dir='ltr'><strong>ΙΙ</strong></span> <span class='ocrx_word' id='word_1_1090' title='bbox 1640 3345 1794 3377; x_wconf 85' lang='lat' dir='ltr'><strong>omnibus</strong></span> <span class='ocrx_word' id='word_1_1091' title='bbox 1816 3364 1862 3370; x_wconf 84' lang='lat'><strong>—</strong></span> <span class='ocrx_word' id='word_1_1092' title='bbox 1888 3349 1927 3380; x_wconf 84' lang='lat'><strong>14</strong></span> <span class='ocrx_word' id='word_1_1093' title='bbox 1952 3347 2123 3385; x_wconf 74' lang='lat' dir='ltr'><strong>denuntia!</strong></span> <span class='ocrx_word' id='word_1_1094' title='bbox 2148 3348 2199 3380; x_wconf 82' lang='lat' dir='ltr'><strong>R²</strong></span> <span class='ocrx_word' id='word_1_1095' title='bbox 2221 3350 2328 3393; x_wconf 76' lang='lat' dir='ltr'><strong>suppl.</strong></span> <span class='ocrx_word' id='word_1_1096' title='bbox 2354 3352 2387 3384; x_wconf 80' lang='lat' dir='ltr'><strong>in</strong></span> 
     </span>
     <span class='ocr_line' id='line_1_73' title="bbox 159 3383 2386 3433; baseline 0.004 -14"><span class='ocrx_word' id='word_1_1097' title='bbox 159 3388 231 3427; x_wconf 78' lang='grc' dir='ltr'><strong><em>ἐπὶ]</em></strong></span> <span class='ocrx_word' id='word_1_1098' title='bbox 259 3387 330 3428; x_wconf 76' lang='grc' dir='ltr'><strong><em>ἔχει</em></strong></span> <span class='ocrx_word' id='word_1_1099' title='bbox 352 3385 441 3433; x_wconf 84' lang='grc' dir='ltr'><strong><em>πρὸς</em></strong></span> <span class='ocrx_word' id='word_1_1100' title='bbox 455 3387 486 3419; x_wconf 89' lang='lat' dir='ltr'><strong><em>A</em></strong></span> <span class='ocrx_word' id='word_1_1101' title='bbox 505 3387 516 3429; x_wconf 83' lang='grc' dir='ltr'><strong>ΙΙ</strong></span> <span class='ocrx_word' id='word_1_1102' title='bbox 532 3384 632 3431; x_wconf 81' lang='grc' dir='ltr'><strong><em>ἄγειν</em></strong></span> <span class='ocrx_word' id='word_1_1103' title='bbox 656 3389 685 3419; x_wconf 87' lang='lat' dir='ltr'><strong><em>A</em></strong></span> <span class='ocrx_word' id='word_1_1104' title='bbox 702 3386 714 3431; x_wconf 84' lang='grc' dir='ltr'><strong>ΙΙ</strong></span> <span class='ocrx_word' id='word_1_1105' title='bbox 737 3390 775 3421; x_wconf 84' lang='lat'><strong>14</strong></span> <span class='ocrx_word' id='word_1_1106' title='bbox 801 3383 963 3420; x_wconf 82' lang='grc' dir='ltr'><strong><em>κάκεῖνον</em></strong></span> <span class='ocrx_word' id='word_1_1107' title='bbox 974 3388 1037 3428; x_wconf 82' lang='grc' dir='ltr'><strong><em>Ας]</em></strong></span> <span class='ocrx_word' id='word_1_1108' title='bbox 1059 3390 1236 3420; x_wconf 87' lang='grc' dir='ltr'><strong><em>κακείνων</em></strong></span> <span class='ocrx_word' id='word_1_1109' title='bbox 1304 3401 1371 3421; x_wconf 83' lang='lat' dir='ltr'><strong>ras.</strong></span> <span class='ocrx_word' id='word_1_1110' title='bbox 1387 3390 1426 3422; x_wconf 83' lang='lat'><strong>12</strong></span> <span class='ocrx_word' id='word_1_1111' title='bbox 1438 3390 1515 3431; x_wconf 89' lang='lat' dir='ltr'><strong>sere</strong></span> <span class='ocrx_word' id='word_1_1112' title='bbox 1529 3389 1586 3422; x_wconf 81' lang='lat' dir='ltr'><strong>litt.</strong></span> <span class='ocrx_word' id='word_1_1113' title='bbox 1603 3389 1615 3432; x_wconf 83' lang='grc' dir='ltr'><strong>ΙΙ</strong></span> <span class='ocrx_word' id='word_1_1114' title='bbox 1637 3391 1677 3424; x_wconf 86' lang='grc'><strong>14</strong></span> <span class='ocrx_word' id='word_1_1115' title='bbox 1694 3390 1854 3423; x_wconf 82' lang='lat' dir='ltr'><strong>‘omnibus</strong></span> <span class='ocrx_word' id='word_1_1116' title='bbox 1866 3391 1947 3424; x_wconf 85' lang='lat' dir='ltr'><strong>haec</strong></span> <span class='ocrx_word' id='word_1_1117' title='bbox 1966 3392 2104 3425; x_wconf 85' lang='lat' dir='ltr'><strong>audiens</strong></span> <span class='ocrx_word' id='word_1_1118' title='bbox 2121 3403 2189 3426; x_wconf 86' lang='lat' dir='ltr'><strong>non</strong></span> <span class='ocrx_word' id='word_1_1119' title='bbox 2205 3394 2313 3427; x_wconf 80' lang='lat' dir='ltr'><strong>solum</strong></span> <span class='ocrx_word' id='word_1_1120' title='bbox 2331 3395 2386 3428; x_wconf 85' lang='lat' dir='ltr'><strong>de-</strong></span> 
     </span>
    </p>
   </div>
   <div class='ocr_carea' id='block_1_8' title="bbox 158 3428 2386 3809">
    <p class='ocr_par' dir='ltr' id='par_1_10' title="bbox 160 3428 2386 3582">
     <span class='ocr_line' id='line_1_74' title="bbox 160 3428 2386 3494; baseline 0.002 -28"><span class='ocrx_word' id='word_1_1121' title='bbox 160 3433 206 3466; x_wconf 86' lang='lat' dir='ltr'><em>M</em></span> <span class='ocrx_word' id='word_1_1122' title='bbox 215 3435 230 3484; x_wconf 62' lang='lat' dir='ltr'>u</span> <span class='ocrx_word' id='word_1_1123' title='bbox 246 3428 496 3484; x_wconf 51' lang='lat' dir='ltr'><strong>wagimssaow</strong></span> <span class='ocrx_word' id='word_1_1124' title='bbox 516 3432 577 3474; x_wconf 85' lang='grc' dir='ltr'><strong>τῆς</strong></span> <span class='ocrx_word' id='word_1_1125' title='bbox 593 3434 822 3485; x_wconf 69' lang='grc' dir='ltr'><strong><em>χειροτονίας]</em></strong></span> <span class='ocrx_word' id='word_1_1126' title='bbox 837 3434 1011 3488; x_wconf 55' lang='lat' dir='ltr'><strong>,mereatur</strong></span> <span class='ocrx_word' id='word_1_1127' title='bbox 1031 3433 1237 3487; x_wconf 67' lang='lat' dir='ltr'><strong>episcopatus</strong></span> <span class='ocrx_word' id='word_1_1128' title='bbox 1305 3445 1550 3477; x_wconf 63' lang='lat' dir='ltr'><strong>nuntiationem</strong></span> <span class='ocrx_word' id='word_1_1129' title='bbox 1573 3444 1635 3488; x_wconf 70' lang='lat' dir='ltr'><strong>Vn</strong></span> <span class='ocrx_word' id='word_1_1130' title='bbox 1654 3448 1693 3480; x_wconf 79' lang='lat'><strong>17</strong></span> <span class='ocrx_word' id='word_1_1131' title='bbox 1718 3449 1751 3479; x_wconf 69' lang='lat' dir='ltr'><strong>et</strong></span> <span class='ocrx_word' id='word_1_1132' title='bbox 1771 3460 1829 3480; x_wconf 50' lang='lat' dir='ltr'><strong>om·</strong></span> <span class='ocrx_word' id='word_1_1133' title='bbox 1847 3447 1924 3491; x_wconf 63' lang='lat'><strong>13²1}</strong></span> <span class='ocrx_word' id='word_1_1134' title='bbox 1933 3439 2106 3481; x_wconf 58' lang='lat' dir='ltr'><strong>‘221⁵&#39;ffi‘125jfi</strong></span> <span class='ocrx_word' id='word_1_1135' title='bbox 2126 3449 2233 3483; x_wconf 83' lang='lat' dir='ltr'><em>R¹V¹</em></span> <span class='ocrx_word' id='word_1_1136' title='bbox 2250 3449 2262 3494; x_wconf 77' lang='grc' dir='ltr'><strong>ΙΙ</strong></span> <span class='ocrx_word' id='word_1_1137' title='bbox 2282 3453 2322 3485; x_wconf 82' lang='lat'><strong>25</strong></span> <span class='ocrx_word' id='word_1_1138' title='bbox 2345 3452 2386 3485; x_wconf 66' lang='lat' dir='ltr'><strong>ab</strong></span> 
     </span>
     <span class='ocr_line' id='line_1_75' title="bbox 160 3476 2385 3539; baseline 0.005 -30"><span class='ocrx_word' id='word_1_1139' title='bbox 160 3477 404 3510; x_wconf 74' lang='lat' dir='ltr'><strong>ordinationem</strong></span> <span class='ocrx_word' id='word_1_1140' title='bbox 426 3489 448 3533; x_wconf 54' lang='grc' dir='ltr'><strong><em>ς</em></strong></span> <span class='ocrx_word' id='word_1_1141' title='bbox 471 3476 483 3521; x_wconf 82' lang='grc' dir='ltr'><strong>ΙΙ</strong></span> <span class='ocrx_word' id='word_1_1142' title='bbox 507 3479 549 3530; x_wconf 52' lang='grc'><strong>211</strong></span> <span class='ocrx_word' id='word_1_1143' title='bbox 575 3489 671 3521; x_wconf 82' lang='grc' dir='ltr'><strong><em>φανη</em></strong></span> <span class='ocrx_word' id='word_1_1144' title='bbox 694 3477 813 3530; x_wconf 55' lang='lat'><strong>{11125</strong></span> <span class='ocrx_word' id='word_1_1145' title='bbox 839 3485 1025 3534; x_wconf 31' lang='grc' dir='ltr'><strong><em>ιστωὶροςι</em></strong></span> <span class='ocrx_word' id='word_1_1146' title='bbox 1046 3489 1237 3523; x_wconf 84' lang='grc' dir='ltr'><strong><em>γινομενον</em></strong></span> <span class='ocrx_word' id='word_1_1147' title='bbox 1305 3491 1355 3530; x_wconf 67' lang='lat' dir='ltr'><strong>e0]</strong></span> <span class='ocrx_word' id='word_1_1148' title='bbox 1382 3489 1486 3522; x_wconf 69' lang='lat' dir='ltr'>habeo</span> <span class='ocrx_word' id='word_1_1149' title='bbox 1505 3490 1555 3523; x_wconf 84' lang='lat' dir='ltr'><strong>R¹</strong></span> <span class='ocrx_word' id='word_1_1150' title='bbox 1582 3489 1595 3534; x_wconf 78' lang='grc' dir='ltr'><strong>ΙΙ</strong></span> <span class='ocrx_word' id='word_1_1151' title='bbox 1623 3490 1662 3523; x_wconf 66' lang='lat' dir='ltr'><strong>fit</strong></span> <span class='ocrx_word' id='word_1_1152' title='bbox 1686 3504 1745 3525; x_wconf 45' lang='lat' dir='ltr'><strong>om·</strong></span> <span class='ocrx_word' id='word_1_1153' title='bbox 1769 3492 1819 3525; x_wconf 87' lang='lat' dir='ltr'><strong>R¹</strong></span> <span class='ocrx_word' id='word_1_1154' title='bbox 1846 3491 1859 3536; x_wconf 69' lang='lat' dir='ltr'>n</span> <span class='ocrx_word' id='word_1_1155' title='bbox 1882 3494 1923 3527; x_wconf 77' lang='lat'><strong>26</strong></span> <span class='ocrx_word' id='word_1_1156' title='bbox 1947 3493 1996 3534; x_wconf 71' lang='lat' dir='ltr'><strong>fit]</strong></span> <span class='ocrx_word' id='word_1_1157' title='bbox 2021 3494 2100 3526; x_wconf 65' lang='lat' dir='ltr'><strong>fecit</strong></span> <span class='ocrx_word' id='word_1_1158' title='bbox 2120 3494 2175 3529; x_wconf 76' lang='lat' dir='ltr'><strong>Va</strong></span> <span class='ocrx_word' id='word_1_1159' title='bbox 2197 3495 2209 3539; x_wconf 75' lang='grc' dir='ltr'><strong>ΙΙ</strong></span> <span class='ocrx_word' id='word_1_1160' title='bbox 2228 3497 2270 3530; x_wconf 79' lang='lat'><strong>27</strong></span> <span class='ocrx_word' id='word_1_1161' title='bbox 2296 3497 2385 3529; x_wconf 62' lang='lat' dir='ltr'><strong>ordi-</strong></span> 
     </span>
     <span class='ocr_line' id='line_1_76' title="bbox 160 3519 2351 3582; baseline 0.009 -25"><span class='ocrx_word' id='word_1_1162' title='bbox 160 3524 231 3575; x_wconf 63' lang='lat' dir='ltr'><strong>coll·</strong></span> <span class='ocrx_word' id='word_1_1163' title='bbox 246 3523 277 3555; x_wconf 85' lang='lat' dir='ltr'><strong><em>A</em></strong></span> <span class='ocrx_word' id='word_1_1164' title='bbox 292 3522 366 3574; x_wconf 55' lang='lat'><strong>[29</strong></span> <span class='ocrx_word' id='word_1_1165' title='bbox 381 3535 449 3577; x_wconf 51' lang='lat' dir='ltr'><strong>&#39;nat</strong></span> <span class='ocrx_word' id='word_1_1166' title='bbox 462 3521 894 3575; x_wconf 50' lang='lat' dir='ltr'><strong>vwssvffvvossijmfivffvvoe</strong></span> <span class='ocrx_word' id='word_1_1167' title='bbox 907 3519 1046 3575; x_wconf 68' lang='grc' dir='ltr'><strong><em>δξΑ(ς)</em></strong></span> <span class='ocrx_word' id='word_1_1168' title='bbox 1063 3522 1082 3576; x_wconf 93' lang='grc' dir='ltr'><strong>ΙΙ</strong></span> <span class='ocrx_word' id='word_1_1169' title='bbox 1095 3524 1236 3575; x_wconf 50' lang='lat' dir='ltr'><strong>30f‘5‘5‘</strong></span> <span class='ocrx_word' id='word_1_1170' title='bbox 1304 3545 1436 3567; x_wconf 62' lang='lat' dir='ltr'><strong>nnn·</strong></span> <span class='ocrx_word' id='word_1_1171' title='bbox 1463 3535 1512 3568; x_wconf 81' lang='lat' dir='ltr'><strong>R¹</strong></span> <span class='ocrx_word' id='word_1_1172' title='bbox 1536 3535 1549 3579; x_wconf 73' lang='grc' dir='ltr'><strong>ΙΙ</strong></span> <span class='ocrx_word' id='word_1_1173' title='bbox 1579 3537 1621 3569; x_wconf 82' lang='lat'><strong>28</strong></span> <span class='ocrx_word' id='word_1_1174' title='bbox 1651 3537 1863 3569; x_wconf 80' lang='lat' dir='ltr'><strong>sacerdotalis</strong></span> <span class='ocrx_word' id='word_1_1175' title='bbox 1892 3538 1938 3570; x_wconf 79' lang='lat' dir='ltr'><strong>R¹</strong></span> <span class='ocrx_word' id='word_1_1176' title='bbox 1957 3537 2028 3582; x_wconf 80' lang='grc'><strong>1129</strong></span> <span class='ocrx_word' id='word_1_1177' title='bbox 2061 3539 2193 3581; x_wconf 82' lang='lat' dir='ltr'><strong>quaerit</strong></span> <span class='ocrx_word' id='word_1_1178' title='bbox 2217 3554 2276 3575; x_wconf 88' lang='lat' dir='ltr'><strong>om.</strong></span> <span class='ocrx_word' id='word_1_1179' title='bbox 2301 3543 2351 3576; x_wconf 65' lang='lat'><strong>13²</strong></span> 
     </span>
    </p>

    <p class='ocr_par' dir='ltr' id='par_1_11' title="bbox 158 3566 2384 3809">
     <span class='ocr_line' id='line_1_77' title="bbox 158 3566 2384 3631; baseline 0.005 -22"><span class='ocrx_word' id='word_1_1180' title='bbox 158 3580 214 3621; x_wconf 54' lang='grc' dir='ltr'><strong>Ἕω</strong></span> <span class='ocrx_word' id='word_1_1181' title='bbox 238 3567 318 3622; x_wconf 66' lang='grc' dir='ltr'><strong>θ’δαζ</strong></span> <span class='ocrx_word' id='word_1_1182' title='bbox 342 3566 571 3625; x_wconf 43' lang='grc' dir='ltr'><em>μαλισζῑαττω</em></span> <span class='ocrx_word' id='word_1_1183' title='bbox 597 3568 763 3622; x_wconf 58' lang='grc' dir='ltr'><strong><em>ζητῗυντξ</em></strong></span> <span class='ocrx_word' id='word_1_1184' title='bbox 783 3568 813 3600; x_wconf 73' lang='grc' dir='ltr'><em>Δ</em></span> <span class='ocrx_word' id='word_1_1185' title='bbox 829 3566 841 3611; x_wconf 82' lang='grc' dir='ltr'><strong>ΙΙ</strong></span> <span class='ocrx_word' id='word_1_1186' title='bbox 861 3569 909 3621; x_wconf 71' lang='lat'><strong>32,</strong></span> <span class='ocrx_word' id='word_1_1187' title='bbox 927 3579 1111 3601; x_wconf 66' lang='grc' dir='ltr'><strong><em>αντειπων</em></strong></span> <span class='ocrx_word' id='word_1_1188' title='bbox 1134 3580 1156 3624; x_wconf 70' lang='lat'><strong>⁷?</strong></span> <span class='ocrx_word' id='word_1_1189' title='bbox 1179 3579 1234 3601; x_wconf 68' lang='grc' dir='ltr'><strong>συ·</strong></span> <span class='ocrx_word' id='word_1_1190' title='bbox 1305 3583 1347 3614; x_wconf 84' lang='lat'><strong>30</strong></span> <span class='ocrx_word' id='word_1_1191' title='bbox 1362 3593 1408 3623; x_wconf 82' lang='lat' dir='ltr'><strong>sq.</strong></span> <span class='ocrx_word' id='word_1_1192' title='bbox 1434 3580 1634 3614; x_wconf 83' lang='lat' dir='ltr'><strong>contradicit</strong></span> <span class='ocrx_word' id='word_1_1193' title='bbox 1657 3582 1862 3615; x_wconf 87' lang='lat' dir='ltr'><strong>ordinationi</strong></span> <span class='ocrx_word' id='word_1_1194' title='bbox 1882 3583 1915 3616; x_wconf 86' lang='lat' dir='ltr'><strong><em>R</em></strong></span> <span class='ocrx_word' id='word_1_1195' title='bbox 1934 3582 2101 3626; x_wconf 79' lang='lat' dir='ltr'><strong>nsaetaota</strong></span> <span class='ocrx_word' id='word_1_1196' title='bbox 2116 3585 2162 3618; x_wconf 71' lang='lat'><strong>3¹</strong></span> <span class='ocrx_word' id='word_1_1197' title='bbox 2181 3584 2194 3631; x_wconf 83' lang='grc' dir='ltr'><strong>ΙΙ</strong></span> <span class='ocrx_word' id='word_1_1198' title='bbox 2210 3588 2252 3621; x_wconf 86' lang='grc'><strong>35</strong></span> <span class='ocrx_word' id='word_1_1199' title='bbox 2273 3590 2384 3621; x_wconf 85' lang='lat' dir='ltr'><strong>autem</strong></span> 
     </span>
     <span class='ocr_line' id='line_1_78' title="bbox 160 3610 2383 3674; baseline 0.011 -32"><span class='ocrx_word' id='word_1_1200' title='bbox 160 3623 463 3665; x_wconf 43' lang='grc' dir='ltr'><strong><em>κοφαντῃσοι,και(</em></strong></span> <span class='ocrx_word' id='word_1_1201' title='bbox 486 3610 702 3652; x_wconf 66' lang='grc' dir='ltr'><strong><em>υπεξελθειν</em></strong></span> <span class='ocrx_word' id='word_1_1202' title='bbox 726 3624 765 3645; x_wconf 76' lang='lat'><strong>⁰¹¹</strong></span> <span class='ocrx_word' id='word_1_1203' title='bbox 790 3611 986 3666; x_wconf 61' lang='grc' dir='ltr'><strong><em>θαρξησθξι</em></strong></span> <span class='ocrx_word' id='word_1_1204' title='bbox 1019 3613 1235 3665; x_wconf 64' lang='grc' dir='ltr'><strong><em>ξίωριζέσθω</em></strong></span> <span class='ocrx_word' id='word_1_1205' title='bbox 1305 3626 1366 3659; x_wconf 83' lang='lat' dir='ltr'><strong>del.</strong></span> <span class='ocrx_word' id='word_1_1206' title='bbox 1384 3624 1500 3665; x_wconf 77' lang='lat' dir='ltr'><strong>R²V²,</strong></span> <span class='ocrx_word' id='word_1_1207' title='bbox 1522 3638 1581 3660; x_wconf 85' lang='lat' dir='ltr'><strong>om.</strong></span> <span class='ocrx_word' id='word_1_1208' title='bbox 1604 3626 1635 3659; x_wconf 81' lang='lat' dir='ltr'><em>T</em></span> <span class='ocrx_word' id='word_1_1209' title='bbox 1651 3628 1736 3672; x_wconf 79' lang='lat' dir='ltr'><strong>vulq.</strong></span> <span class='ocrx_word' id='word_1_1210' title='bbox 1754 3628 1765 3670; x_wconf 91' lang='grc' dir='ltr'><strong>ΙΙ</strong></span> <span class='ocrx_word' id='word_1_1211' title='bbox 1785 3629 1827 3661; x_wconf 93' lang='grc'><strong>36</strong></span> <span class='ocrx_word' id='word_1_1212' title='bbox 1852 3628 2023 3662; x_wconf 74' lang='lat' dir='ltr'><strong>ordinatus</strong></span> <span class='ocrx_word' id='word_1_1213' title='bbox 2038 3631 2069 3663; x_wconf 80' lang='lat' dir='ltr'><strong><em>R</em></strong></span> <span class='ocrx_word' id='word_1_1214' title='bbox 2084 3630 2096 3674; x_wconf 87' lang='grc' dir='ltr'><strong>ΙΙ</strong></span> <span class='ocrx_word' id='word_1_1215' title='bbox 2115 3632 2156 3665; x_wconf 89' lang='lat'><strong>37</strong></span> <span class='ocrx_word' id='word_1_1216' title='bbox 2182 3631 2383 3666; x_wconf 85' lang='lat' dir='ltr'><strong>calumniam</strong></span> 
     </span>
     <span class='ocr_line' id='line_1_79' title="bbox 159 3654 2384 3724; baseline 0.01 -35"><span class='ocrx_word' id='word_1_1217' title='bbox 159 3654 414 3710; x_wconf 53' lang='lat' dir='ltr'><strong>&amp;inventus-‘cns</strong></span> <span class='ocrx_word' id='word_1_1218' title='bbox 441 3660 544 3703; x_wconf 79' lang='grc' dir='ltr'><strong><em>αγίας</em></strong></span> <span class='ocrx_word' id='word_1_1219' title='bbox 574 3660 764 3713; x_wconf 55' lang='grc' dir='ltr'><strong><em>οἷοινωξζίας</em></strong></span> <span class='ocrx_word' id='word_1_1220' title='bbox 786 3669 885 3710; x_wconf 50' lang='grc' dir='ltr'><strong><em>παρῆ·</em></strong></span> <span class='ocrx_word' id='word_1_1221' title='bbox 906 3669 973 3709; x_wconf 61' lang='grc' dir='ltr'><strong>’ϊθῑζ</strong></span> <span class='ocrx_word' id='word_1_1222' title='bbox 993 3669 1234 3712; x_wconf 49' lang='grc' dir='ltr'><strong><em>’ἴηνΊκ-’ΞΨΟΤΟ-</em></strong></span> <span class='ocrx_word' id='word_1_1223' title='bbox 1303 3670 1338 3702; x_wconf 91' lang='lat' dir='ltr'><strong>in</strong></span> <span class='ocrx_word' id='word_1_1224' title='bbox 1364 3682 1402 3702; x_wconf 84' lang='lat' dir='ltr'><strong>eo</strong></span> <span class='ocrx_word' id='word_1_1225' title='bbox 1421 3671 1492 3712; x_wconf 88' lang='lat' dir='ltr'><strong>qui]</strong></span> <span class='ocrx_word' id='word_1_1226' title='bbox 1516 3670 1551 3703; x_wconf 90' lang='lat' dir='ltr'><strong>in</strong></span> <span class='ocrx_word' id='word_1_1227' title='bbox 1573 3682 1611 3704; x_wconf 86' lang='lat' dir='ltr'><strong>eo</strong></span> <span class='ocrx_word' id='word_1_1228' title='bbox 1630 3673 1689 3713; x_wconf 91' lang='lat' dir='ltr'><strong>qui</strong></span> <span class='ocrx_word' id='word_1_1229' title='bbox 1719 3673 1791 3714; x_wconf 82' lang='lat' dir='ltr'><strong>(qui</strong></span> <span class='ocrx_word' id='word_1_1230' title='bbox 1815 3674 1876 3706; x_wconf 84' lang='lat' dir='ltr'><strong>del.</strong></span> <span class='ocrx_word' id='word_1_1231' title='bbox 1900 3673 1964 3715; x_wconf 79' lang='lat' dir='ltr'><strong>R2)</strong></span> <span class='ocrx_word' id='word_1_1232' title='bbox 1993 3674 2215 3719; x_wconf 88' lang='lat' dir='ltr'><strong>calumpniam</strong></span> <span class='ocrx_word' id='word_1_1233' title='bbox 2240 3679 2299 3720; x_wconf 90' lang='lat' dir='ltr'><strong>qui</strong></span> <span class='ocrx_word' id='word_1_1234' title='bbox 2325 3679 2355 3711; x_wconf 79' lang='lat' dir='ltr'><em>R</em></span> <span class='ocrx_word' id='word_1_1235' title='bbox 2371 3678 2384 3724; x_wconf 83' lang='grc' dir='ltr'><strong>ΙΙ</strong></span> 
     </span>
     <span class='ocr_line' id='line_1_80' title="bbox 159 3699 2380 3760; baseline 0.014 -29"><span class='ocrx_word' id='word_1_1236' title='bbox 159 3705 243 3756; x_wconf 54' lang='grc' dir='ltr'><strong><em>ρίαν</em></strong></span> <span class='ocrx_word' id='word_1_1237' title='bbox 266 3713 414 3745; x_wconf 78' lang='grc' dir='ltr'><strong><em>ποιησαι</em></strong></span> <span class='ocrx_word' id='word_1_1238' title='bbox 437 3701 673 3754; x_wconf 46' lang='grc' dir='ltr'><strong><em>βουλομενου,’</em></strong></span> <span class='ocrx_word' id='word_1_1239' title='bbox 688 3715 747 3736; x_wconf 72' lang='lat'>‘²²⁰‘</span> <span class='ocrx_word' id='word_1_1240' title='bbox 796 3715 819 3746; x_wconf 80' lang='grc' dir='ltr'><em>η</em></span> <span class='ocrx_word' id='word_1_1241' title='bbox 840 3715 883 3737; x_wconf 64' lang='grc'><strong>70</strong></span> <span class='ocrx_word' id='word_1_1242' title='bbox 907 3699 1035 3756; x_wconf 55' lang='grc' dir='ltr'><strong>Ψὸνᾷθς</strong></span> <span class='ocrx_word' id='word_1_1243' title='bbox 1058 3707 1234 3757; x_wconf 56' lang='lat' dir='ltr'><strong>anquam</strong></span> <span class='ocrx_word' id='word_1_1244' title='bbox 1303 3717 1344 3750; x_wconf 90' lang='grc'><strong>39</strong></span> <span class='ocrx_word' id='word_1_1245' title='bbox 1370 3718 1428 3749; x_wconf 86' lang='lat' dir='ltr'><strong>aut</strong></span> <span class='ocrx_word' id='word_1_1246' title='bbox 1452 3720 1522 3750; x_wconf 87' lang='lat' dir='ltr'><strong>toto</strong></span> <span class='ocrx_word' id='word_1_1247' title='bbox 1545 3718 1608 3755; x_wconf 85' lang='lat' dir='ltr'><strong>(tot</strong></span> <span class='ocrx_word' id='word_1_1248' title='bbox 1632 3717 1697 3755; x_wconf 65' lang='lat' dir='ltr'><strong>Tb)</strong></span> <span class='ocrx_word' id='word_1_1249' title='bbox 1723 3718 1791 3753; x_wconf 91' lang='lat' dir='ltr'><strong>VT</strong></span> <span class='ocrx_word' id='word_1_1250' title='bbox 1809 3721 1867 3757; x_wconf 82' lang='lat' dir='ltr'><strong>aut</strong></span> <span class='ocrx_word' id='word_1_1251' title='bbox 1890 3721 1925 3754; x_wconf 83' lang='lat' dir='ltr'><strong>to</strong></span> <span class='ocrx_word' id='word_1_1252' title='bbox 1944 3719 1993 3760; x_wconf 79' lang='lat' dir='ltr'><strong>R¹</strong></span> <span class='ocrx_word' id='word_1_1253' title='bbox 2019 3723 2078 3755; x_wconf 82' lang='lat' dir='ltr'><strong>aut</strong></span> <span class='ocrx_word' id='word_1_1254' title='bbox 2101 3732 2141 3757; x_wconf 77' lang='lat' dir='ltr'><strong>ex</strong></span> <span class='ocrx_word' id='word_1_1255' title='bbox 2165 3724 2235 3758; x_wconf 81' lang='lat' dir='ltr'><strong>toto</strong></span> <span class='ocrx_word' id='word_1_1256' title='bbox 2258 3723 2380 3760; x_wconf 80' lang='lat' dir='ltr'><em>R²V³·</em></span> 
     </span>
     <span class='ocr_line' id='line_1_81' title="bbox 160 3716 2381 3809; baseline 0.013 -31"><span class='ocrx_word' id='word_1_1257' title='bbox 160 3746 363 3788; x_wconf 67' lang='grc' dir='ltr'><strong><em>ᾳνενθννον</em></strong></span> <span class='ocrx_word' id='word_1_1258' title='bbox 383 3749 412 3781; x_wconf 86' lang='lat' dir='ltr'><strong><em>A</em></strong></span> <span class='ocrx_word' id='word_1_1259' title='bbox 429 3747 441 3798; x_wconf 69' lang='lat' dir='ltr'><strong>u</strong></span> <span class='ocrx_word' id='word_1_1260' title='bbox 461 3750 500 3783; x_wconf 73' lang='lat'><strong>323</strong></span> <span class='ocrx_word' id='word_1_1261' title='bbox 526 3747 734 3798; x_wconf 72' lang='grc' dir='ltr'><strong><em>*θαρρησοι</em></strong></span> <span class='ocrx_word' id='word_1_1262' title='bbox 762 3716 830 3783; x_wconf 41' lang='lat' dir='ltr'><strong>&amp;A</strong></span> <span class='ocrx_word' id='word_1_1263' title='bbox 846 3748 858 3795; x_wconf 76' lang='grc' dir='ltr'><strong>ΙΙ</strong></span> <span class='ocrx_word' id='word_1_1264' title='bbox 877 3751 915 3784; x_wconf 79' lang='lat'><strong>41</strong></span> <span class='ocrx_word' id='word_1_1265' title='bbox 942 3760 990 3795; x_wconf 79' lang='grc' dir='ltr'><strong>μη</strong></span> <span class='ocrx_word' id='word_1_1266' title='bbox 1012 3749 1069 3793; x_wconf 85' lang='grc' dir='ltr'><strong>Μ]</strong></span> <span class='ocrx_word' id='word_1_1267' title='bbox 1093 3761 1132 3785; x_wconf 72' lang='lat'><strong>01²</strong></span> <span class='ocrx_word' id='word_1_1268' title='bbox 1158 3751 1188 3785; x_wconf 78' lang='lat' dir='ltr'><strong><em>A</em></strong></span> <span class='ocrx_word' id='word_1_1269' title='bbox 1295 3763 1379 3806; x_wconf 78' lang='lat' dir='ltr'><strong>sort.</strong></span> <span class='ocrx_word' id='word_1_1270' title='bbox 1403 3763 1462 3809; x_wconf 74' lang='lat' dir='ltr'><strong>leq.</strong></span> <span class='ocrx_word' id='word_1_1271' title='bbox 1487 3764 1545 3796; x_wconf 82' lang='lat' dir='ltr'><strong>aut</strong></span> <span class='ocrx_word' id='word_1_1272' title='bbox 1568 3763 1603 3797; x_wconf 82' lang='lat' dir='ltr'><strong>in</strong></span> <span class='ocrx_word' id='word_1_1273' title='bbox 1625 3764 1695 3802; x_wconf 80' lang='lat' dir='ltr'><strong>toto</strong></span> <span class='ocrx_word' id='word_1_1274' title='bbox 2372 3749 2381 3769; x_wconf 55' lang='lat'>⁸</span> 
     </span>
    </p>
   </div>
  </div>
 </body>
</html>
