2618 4010
1173 125 1180 140 Ι

146 155 315 190 Annum
334 152 765 188 mTERPELLAN'rmM

141 255 341 302 -προςέλθοι
369 254 459 300 μήτε
487 255 540 297 τῷ
569 250 762 298 ὁσιωτάτῳ
786 255 849 298 τῆς
873 250 1013 289 πόλεως
1036 251 1226 296 ἐπισκόπῳ

149 302 288 358 ἐντύχῃ,
318 304 378 336 καὶ
401 297 516 335 οὕτως
548 298 645 347 ἔλθῃ
671 299 838 334 ἐνταῦθα
868 303 974 345 χωρὶς
1001 298 1227 346 γραμμάτων

147 349 212 382 τοῦ
234 345 435 382 οσιωτάτου
459 344 670 386 ἐπισκόπου,
693 344 786 379 ἴστω
811 341 869 378 ὅτι
893 343 1061 379 τοιαύτας
1081 347 1140 378 καὶ
1165 340 1225 376 αὖ-

148 393 210 427 τὸς
232 390 474 435 ὑποστήσεται
505 394 679 435 τιμωρίας
712 391 787 424 οἵας
810 388 955 432 ἔμελλεν
986 387 1180 434 ὑπομένειν
1204 384 1223 422 0‘

149 437 282 483 ἄρχων,
306 437 342 471 εἴ
357 449 397 483 γε
420 434 689 470 ποοςελευσθεὶς
712 432 802 480 παρ’
828 432 939 469 αὐτοῦ
964 431 1028 468 οὐκ
1049 431 1225 469 ἐσπούδα-

149 495 212 517 σεν
228 479 327 525 αὐτῷ
352 479 442 526 φυλά
467 494 504 514 αι
528 481 570 514 τὸ
600 478 750 514 δίκαιον.
804 482 923 514 Ταῦτα
947 477 986 514 δὲ
1009 478 1133 514 πάντα
1159 479 1224 513 θε-

149 532 277 562 σπίσαι
307 523 516 570 συνείδομεν
549 522 598 560 δι’
626 523 803 571 ὠφέλειαν
830 526 908 559 τῶν
931 523 1130 559 οἰκούντων
1160 523 1226 558 τὰς

148 572 270 608 πόλεις
292 575 352 606 καὶ
375 571 440 606 τὰς
463 570 600 616 κώμας,
628 571 688 605 ἵνα
712 571 761 615 μὴ
787 567 1125 615 άπολιμπανόμενοι
1148 571 1225 603 τῶν

148 616 252 652 ἰδίων
274 614 464 662 πατρίδων
487 620 547 650 καὶ
567 613 670 651 αὐτοὶ
694 618 754 649 ἐπὶ
775 616 874 657 ξένης
898 614 1143 649 κακοπαθῶσι
1166 617 1226 648 καὶ

1206 136 1286 186 421

1865 139 1973 183 Nov.
2006 136 2226 182 LXXXVI
2257 139 2365 181 3-—5

1295 251 1432 287 vinciae
1455 251 1608 288 iudicem
1631 249 1830 295 interpellet
1859 261 1973 296 neque
1997 250 2259 286 sanctissimum
2287 248 2370 284 civi-

1295 298 1380 332 tatis
1416 297 1622 342 episcopum
1657 295 1781 338 adeat,
1822 298 1858 330 et
1894 297 1945 331 ita
1983 296 2105 331 veniat
2142 296 2200 331 hic
2236 295 2372 340 absque

1294 343 1423 377 litteris
1447 343 1513 378 deo
1532 340 1693 377 amabilis
1718 341 1876 386 episcopi
1899 341 2064 383 civitatis,
2090 341 2182 376 sciat
2205 339 2372 385 quoniam

1295 391 1331 422 et
1353 388 1429 432 ipse
1452 388 1542 423 tales
1574 385 1765 422 sustinebit
1787 396 1922 430 poenas
1955 386 2077 431 quales
2108 386 2251 421 futurus
2276 386 2372 420 esset

1262 435 1281 467 5
1295 433 1471 468 sustinere
1495 432 1618 475 iudex,
1654 431 1684 467 si
1707 431 1956 476 interpellatus
1979 431 2025 466 ab
2050 440 2092 467 eo
2116 442 2188 466 non
2213 430 2370 466 studuis-

1294 481 1349 513 set
1371 478 1404 513 ei
1428 488 1569 514 servare
1591 476 1775 512 iustitiam.
1823 476 1922 511 Haec
1945 479 2065 511 autem
2090 477 2208 511 omnia
2233 475 2372 511 sancire

1293 524 1539 568 perspeximus
1575 523 1723 567 propter
1759 521 1951 556 utilitatem
1987 531 2109 556 eorum
2141 521 2200 564 qui
2231 521 2371 556 inhabi-

1294 573 1374 603 tant
1397 579 1462 613 per
1485 568 1644 603 civitates
1668 571 1704 602 et
1727 567 1834 609 vicos,
1869 576 1913 600 ne
1944 566 2073 611 privati
2102 566 2257 611 propriis
2290 575 2372 610 pro-

1294 613 1418 649 vinciis
1442 615 1478 649 et
1501 614 1570 658 ipsi
1593 613 1628 647 in
1653 612 1847 657 peregrinis
1872 611 2078 656 affligantur
2109 613 2145 646 et
2168 621 2225 646 res
2250 621 2373 646 eorum

148 663 192 697 τὰ
218 661 415 716 πρᾴγματα
440 658 563 700 αὐτῶν
586 660 805 706 βλάπτηται.
853 658 913 694 διὰ
937 661 1045 713 mpero
1065 659 1135 706 γὰρ
1166 662 1226 692 καὶ
1242 661 1281 695 10
1295 659 1491 694 laedantur.
1541 658 1737 702 Propterea
1753 657 1846 692 enim
1869 661 1905 691 et
1928 656 2065 691 iudices
2088 657 2200 700 gratis
2222 655 2373 691 facimus

149 709 228 742 τοὺς
262 718 438 753 αρχοντας
474 710 604 753 προῖκα
639 707 813 751 ποιοῦμεν
854 708 914 740 καὶ
950 717 1059 750 ορκον
1098 701 1226 738 αὐτοὺς

148 750 318 795 ὑποσχεῖν
342 752 683 798 παρακελευόμεθα,
709 752 768 786 ἵνα
793 749 931 793 ἑκάστῳ
957 748 1141 795 προςιόντι
1166 747 1225 783 αὖ·

147 802 220 832 τοῖς
235 798 280 832 τὰ
302 796 424 832 δίκαια
449 797 634 843 φυλάξωσι
658 797 749 831 κατὰ
774 797 856 831 τοὺς
876 793 1063 841 ἡμετέρους
1086 792 1226 839 νόμους.

1295 708 1332 739 et
1361 704 1607 739 iusiurandum
1643 713 1703 738 eos
1736 703 1855 738 subire
1890 702 2073 745 iubemus,
2109 705 2148 735 ut
2182 701 2374 745 unicuique

1295 749 1537 794 interpellanti
1553 748 1723 784 iustitiam
1741 750 1881 784 servent
1899 746 2095 783 secundum
2110 751 2253 782 nostras
2265 746 2371 789 leges.

1139 929 1296 965 CAPUT
1317 929 1380 966 lv.

207 1011 253 1066 EJ
285 1013 410 1066 μέντοι
445 1012 563 1058 συμβῇ
599 1024 681 1045 τινα
702 1011 794 1065 ,τῶν
829 1006 1013 1064 ἡμετέρων
1055 1005 1229 1050 ὑπηκόων

1350 1008 1388 1043 Si
1411 1010 1530 1043 tamen
1555 1007 1741 1051 contigerit
1765 1007 1942 1052 quendam
1972 1010 2174 1043 nostrorum
2198 1005 2375 1041 subiecto-

150 1069 224 1101 παρ
280 1058 389 1091 αυτοῦ
422 1069 487 1091 του
523 1056 776 1101 λαμπροτατου
814 1057 877 1098 τῆς
910 1066 1025 1100 χωρας
1061 1053 1229 1108 ιζρχρντος
1244 1057 1284 1088 15
1298 1064 1375 1087 rum
1400 1053 1445 1087 ab
1470 1054 1548 1098 ipso
1566 1052 1762 1088 clarissimo
1787 1053 1991 1097 provinciae
2013 1053 2131 1088 iudice
2149 1051 2253 1093 laedi,
2277 1051 2375 1086 iube—

150 1099 392 1145 ἀδικηθῆναι,
428 1099 616 1146 κελεύομεν
648 1097 761 1135 αύτὸν
793 1100 1004 1147 προςελθεῖν
1034 1112 1088 1142 τῳ
1120 1111 1228 1133 οσιω-

149 1146 250 1190 τάτῳ
275 1148 337 1190 τῆς
360 1145 498 1181 πόλεως
522 1148 655 1189 ἐκείνης
678 1145 887 1189 ἐπισκόπῳ,
923 1149 983 1179 καὶ
1007 1142 1121 1185 αὐτὸν
1151 1142 1227 1178 δια-

149 1195 267 1236 κρῖναι
291 1192 337 1226 τὰ
360 1192 495 1236 μεταξὺ
520 1193 584 1226 τοῦ
609 1191 862 1236 λαμπροτάτου
886 1190 1055 1236 ἄρχοντος
1079 1193 1137 1224 καὶ
1161 1190 1226 1223 τοῦ

150 1238 312 1291 οἰομένου
337 1233 544 1271 ἀδικεῖσθαι
576 1236 665 1282 παρ’
700 1233 819 1270 αὐτοῦ.
867 1237 981 1270 καὶεί
1011 1237 1079 1280 μὲν
1108 1235 1226 1281 συμβῇ

1297 1109 1375 1133 mus
1404 1108 1483 1133 eum
1515 1098 1614 1133 adire
1638 1098 1901 1133 sanctissimum
1931 1099 2027 1134 illius
2060 1097 2213 1134 civitatis
2237 1097 2376 1149 episco-

1297 1154 1393 1188 pum,
1418 1147 1454 1179 et
1476 1144 1593 1188 ipsum
1615 1143 1774 1178 iudicare
1797 1143 1891 1178 inter
1913 1143 2148 1179 clarissimum
2170 1143 2377 1188 provinciae

1296 1190 1448 1224 iudicem
1483 1191 1520 1223 et
1555 1198 1635 1223 eum
1670 1189 1731 1241 qui
1765 1191 1913 1233 putatur
1948 1189 2041 1225 laedi
2075 1189 2122 1224 ab
2158 1198 2212 1224 eo.
2261 1187 2312 1222 Et
2345 1187 2377 1223 si

1296 1234 1438 1279 quidem
1463 1233 1650 1286 contigerit
1672 1233 1827 1269 iudicem
1852 1234 2006 1278 legitime
2034 1238 2098 1270 aut
2120 1234 2213 1269 iuste
2237 1232 2375 1268 adiudi-

149 1296 218 1317 τον
241 1295 400 1337 αρχοντα
416 1285 575 1326 νομίμως
598 1285 658 1315 καὶ
674 1279 819 1316 δικαίως
843 1281 1111 1336 κατακριθῆναι
1127 1280 1226 1325 παρὰ
1240 1283 1282 1315 20
1297 1280 1371 1315 cari
1390 1290 1414 1315 a
1430 1280 1654 1315 sanctlssimo
1671 1278 1854 1323 episcopo,
1877 1280 2086 1316 satisfacere
2109 1289 2190 1315 eum
2211 1278 2376 1314 omnibus

151 1329 214 1361 τοῦ
246 1325 450 1362 οσιωτάτου
481 1325 696 1369 ἐπισκόπου,
730 1326 773 1360 τὸ
805 1326 933 1361 ἱκανον
965 1326 1078 1361 αυτὸν
1108 1328 1227 1360 ποιεῖν

150 1377 264 1407 παντὶ
287 1372 414 1419 τρόπῳ
446 1375 499 1415 τῷ
525 1371 711 1415 ἐντυχόντι
737 1369 821 1406 κατ’
849 1368 971 1406 αὐτοῦ.
1018 1372 1049 1406 εἰ
1073 1368 1114 1406 δὲ
1135 1383 1226 1416 παρ-

152 1418 338 1462 αιτήσεται
378 1416 398 1452 ὁ
435 1416 555 1463 ἅρχων
594 1418 701 1452 τοῦτο
740 1418 908 1460 ποιῆσαι,
947 1419 1008 1451 καὶ
1043 1415 1141 1465 ἔλθῃ
1179 1417 1227 1450 εἰς

150 1461 242 1508 ἡμᾶς
265 1462 286 1507 ἡ
312 1461 533 1518 αὗτὴΙδίκη,
566 1463 597 1496 εἰ
624 1465 691 1507 μὲν
721 1459 886 1508 εὕροιμεν
916 1458 975 1497 ὅτι
999 1460 1144 1496 δικαίως
1165 1465 1226 1496 καὶ

1294 1325 1409 1361 modis
1433 1325 1466 1360 ei
1489 1325 1550 1369 qui
1571 1324 1811 1369 interpellavit
1825 1324 1996 1361 adversus
2020 1335 2111 1361 eum.
2155 1324 2191 1360 Si
2214 1334 2296 1360 vero
2320 1333 2376 1359 re-

1292 1371 1461 1406 futaverit
1483 1370 1591 1405 iudex
1614 1370 1682 1405 hoc
1705 1379 1827 1414 agere,
1857 1375 1893 1405 et
1916 1370 2117 1424 pervenerit
2140 1370 2187 1405 ad
2209 1380 2275 1405 nos
2298 1368 2378 1414 ipsa

1293 1416 1356 1460 lis,
1389 1415 1420 1451 si
1443 1415 1584 1461 quidem
1606 1414 1845 1450 invenerimus
1875 1426 1960 1461 qula
1991 1416 2084 1451 iuste
2115 1420 2151 1451 et
2182 1413 2378 1450 secundum

1294 1462 1388 1507 leges
1412 1462 1576 1497 addictus
1601 1471 1623 1495 a
1650 1459 1875 1496 sanctissimo
1906 1461 2075 1506 episcopo
2108 1470 2150 1496 ea
2174 1470 2265 1512 quae
2292 1469 2377 1494 con-

149 1508 241 1542 κατὰ
269 1509 351 1543 τοὺς
381 1520 510 1553 νομους
540 1508 772 1555 κατακριθεὶς
803 1508 902 1553 παρὰ
932 1509 996 1542 τοῦ
1022 1505 1225 1542 ὁσιωτάτου
1239 1509 1281 1542 25
1295 1507 1482 1542 demnatus
1515 1507 1571 1541 est
1601 1516 1673 1541 non
1702 1505 1804 1546 fecit,
1838 1506 2038 1542 novissimis
2063 1505 2248 1551 supplicils
2273 1504 2378 1540 subdi

150 1551 350 1589 ἐπισκόπου
379 1553 426 1588 τὰ
458 1554 636 1600 κριθέντα
666 1550 732 1587 οὐκ
764 1555 925 1595 ἐποίησε,
956 1556 1034 1587 ταῖς
1064 1552 1227 1596 ἐσχάταις

149 1596 409 1643 ὑποβληθῆναι
442 1603 631 1644 τιμωρίαις
665 1600 797 1633 τοῦτον
831 1597 1035 1641 κελεύομεν,
1078 1595 1138 1644 ἐφ’
1177 1597 1227 1633 οἷς

149 1640 308 1689 όφείλων
332 1642 484 1678 ἐκδικεῖν
507 1644 589 1679 τοὺς
612 1641 862 1689 ἀδικουμένους
887 1640 994 1678 αὐτὸς
1010 1641 1148 1678 ἀδικῶν
1172 1641 1228 1678 εὖ·

149 1693 318 1735 ρίσκεται.

1294 1552 1545 1607 praecspimus,
1570 1550 1738 1604 quoniam
1763 1551 1823 1595 qui
1840 1551 1947 1588 debet
1960 1551 2144 1589 vindicare
2168 1560 2379 1596 oppressum

1294 1609 1372 1644 ipse
1396 1607 1597 1644 opprimere
1617 1599 1803 1642 reperitur.

1150 1802 1307 1839 CAPUT
1329 1801 1373 1838 V.

196 1885 268 1916 Καὶ
284 1881 353 1925 τὴν
369 1882 595 1926 πειθομένην
619 1879 662 1936 δὲ(
681 1880 780 1924 αὐτῷ
801 1881 908 1923 τάξιν
928 1881 1116 1926 κελεύομεν
1135 1881 1225 1926 μετὰ
1242 1885 1283 1917 30
1342 1882 1412 1917 Sed
1431 1882 1538 1917 etiam
1557 1882 1756 1918 subiectum
1775 1883 1807 1918 ei
1824 1881 1984 1918 officium
2003 1880 2167 1917 iubemus
2189 1889 2270 1915 cum
2286 1879 2382 1915 omni

151 1927 267 1971 πάσης
290 1926 446 1971 σπουδῆς
468 1931 528 1961 καὶ
546 1927 628 1961 τοὺς
644 1929 912 1972 υπηρετοῦντας
931 1931 1004 1962 τοῖς
1020 1926 1227 1975 λαμπροτά-

151 1984 224 2008 τοις
249 1971 395 2018 ἄρχουσι
419 1973 501 2007 τοὺς
524 1972 735 2018 προςιόντας
758 1970 1012 2014 ἀπαλλάττειν,
1036 1971 1151 2018 μηδὲν
1173 1986 1231 2007 κο-

151 2021 358 2063 μιζομένους
389 2018 464 2059 ἔξω
494 2019 572 2052 τῶν
603 2020 820 2065 ἐγκειμένων
849 2022 925 2053 ταῖς
949 2017 1132 2064 ἡμετέραις
1155 2016 1231 2053 δια-

1297 1928 1415 1963 studio
1440 1930 1477 1963 et
1498 1927 1741 1963 ministrantes
1775 1927 1979 1963 clarissimis
2007 1926 2187 1962 iudicibus
2210 1925 2380 1970 interpel-

1299 1973 1415 2009 lantes
1438 1973 1639 2017 absolvere‚
1671 1973 1760 2009 nihil
1791 1973 2010 2019 accipientes
2037 1975 2181 2017 praeter
2203 1971 2267 2006 illa
2290 1980 2381 2016 quae

153 2152 293 2188 vinciae
309 2151 519 2203 praesidem
543 2150 648 2185 adeat
680 2162 795 2197 neque
818 2152 1082 2187 sanctissimum
1115 2152 1271 2187 civitatis
1294 2152 1504 2198 episcopum
1528 2152 1734 2194 conveniat,
1766 2152 1890 2197 itaque
1911 2151 1990 2186 sine
2013 2150 2143 2186 litteris
2164 2149 2385 2186 sanctissimi

154 2197 314 2244 episcopt
340 2195 409 2230 lzuc
432 2195 564 2237 veniat,
595 2196 627 2230 is
649 2197 741 2231 sciat
767 2196 856 2231 tales
878 2207 916 2231 se
940 2200 976 2232 et
997 2197 1115 2242 ipsum
1137 2207 1276 2242 poenas
1299 2197 1518 2238 subiturum,
1549 2196 1677 2242 quates
1693 2207 1848 2243 praeses
1865 2206 2049 2242 passurus
2071 2198 2182 2238 esset,
2205 2195 2381 2241 siquidem

154 2243 199 2278 ab
223 2253 265 2277 eo
291 2244 487 2276 conventus
516 2250 590 2275 non
619 2240 814 2276 studuisset
845 2242 966 2276 ius'ei
995 2251 1149 2276 servare.
1200 2241 1301 2275 Haec
1325 2246 1443 2276 autem
1475 2242 1596 2275 omnia
1621 2248 1779 2287 propter
1809 2241 2000 2276 utilitatem
2024 2251 2150 2275 eorum
2178 2242 2240 2286 qui
2274 2242 2381 2276 urbes

155 2291 189 2323 et
220 2287 318 2321 vicos
348 2286 508 2321 incolunt
537 2286 680 2320 sancire
710 2286 813 2320 nobis
841 2286 999 2331 placuit,
1034 2297 1079 2320 ne
1102 2286 1233 2332 patria
1262 2296 1330 2320 sua
1360 2286 1487 2320 relicta
1519 2290 1555 2320 et
1579 2286 1649 2332 ipsi
1677 2296 1833 2332 pereqre
1857 2286 2080 2332 asfliqantur
2110 2289 2144 2321 et
2172 2296 2233 2320 res
2256 2295 2379 2320 eorum

155 2331 286 2367 damno
319 2331 542 2377 afficiantur.
590 2329 665 2365 Pro
696 2334 792 2365 terea
823 2331 916 2365 enim
944 2330 1136 2377 praesides
1164 2334 1200 2366 et
1221 2331 1339 2376 pratis
1370 2331 1621 2365 constituimus
1651 2336 1687 2366 et
1709 2331 1961 2366 iusiurandum
1990 2334 2184 2377 praestare
2206 2329 2380 2373 iubemus,

155 2382 196 2412 ut
218 2387 322 2412 suum
347 2376 476 2421 cuique
498 2376 599 2421 ipsos
623 2386 645 2410 a
672 2375 770 2411 eunti
792 2375 850 2410 ius
872 2375 1067 2410 secundum
1092 2375 1188 2420 leqes
1210 2380 1357 2410 nostras
1380 2379 1531 2410 servent.

291 2420 351 2457 IV.
400 2421 442 2455 Si
465 2421 546 2466 quis
569 2430 651 2455 vero
675 2431 725 2456 ex
747 2419 914 2456 subiectis
937 2421 1071 2455 nostris
1099 2421 1203 2466 forte
1226 2421 1270 2456 ab
1295 2421 1376 2466 ipso
1401 2419 1601 2455 clarissimo
1631 2419 1842 2466 provinciae
1869 2419 2040 2466 praeside
2065 2419 2199 2455 iniuria
2224 2419 2381 2466 affectus

155 2467 221 2509 sit,
250 2466 495 2514 praecipimus
525 2468 567 2500 ut
595 2465 703 2501 adeat
731 2465 995 2501 sanctissimum
1026 2465 1124 2500 illius
1156 2465 1310 2500 civitatis
1341 2466 1564 2517 episcopum,
1595 2465 1698 2511 isque
1728 2465 1824 2500 inter
1849 2465 2088 2501 clarissimum
2117 2464 2323 2511 praesidem
2347 2469 2381 2500 et

157 2523 236 2549 eum
259 2511 322 2558 qui
343 2522 382 2547 se
405 2510 529 2546 abillo
553 2510 688 2545 iniuria
711 2510 881 2555 affectum
904 2515 1014 2557 putat
1035 2509 1216 2545 diiudicet.
1265 2509 1359 2545 Etsi
1385 2510 1574 2556 continqat
1597 2515 1637 2545 ut
1653 2521 1807 2556 praeses
1831 2510 1987 2556 leqitime
2009 2514 2046 2545 et
2067 2510 2160 2545 iuste
2183 2521 2206 2545 a
2229 2510 2381 2546 sanctis-

156 2559 245 2594 simo
269 2556 438 2603 episcopo
463 2555 728 2598 condemnetur,
751 2555 812 2591 ille
833 2555 995 2590 omnibus
1011 2555 1127 2590 modis
1146 2555 1356 2600 satisfaciat
1378 2555 1411 2590 ei
1427 2555 1490 2601 qui
1514 2555 1610 2590 litem
1633 2555 1807 2591 adversus
1830 2566 1910 2590 eum
1928 2555 2013 2601 eqit.
2061 2553 2104 2590 Si
2123 2565 2207 2591 vero
2227 2565 2382 2601 praeses

156 2603 196 2639 id
216 2603 342 2648 facere
365 2601 585 2637 recusaverit
607 2605 715 2647 atque
738 2601 860 2638 eadem
885 2601 930 2635 lis
953 2600 1002 2635 ad
1024 2611 1092 2635 nos
1107 2600 1308 2646 deferatur,
1332 2600 1365 2635 si
1381 2600 1524 2647 quidem
1546 2600 1771 2647 reperiamus
1793 2611 1873 2636 eum
1896 2601 1991 2636 iuste
2013 2603 2048 2636 et
2067 2600 2263 2635 secundum
2284 2600 2382 2646 teqcs

158 2659 181 2683 a
203 2647 430 2683 sanctissimo
454 2647 624 2699 episcopo
648 2646 919 2681 condemnatum
950 2645 1110 2681 iudicata
1133 2656 1206 2680 non
1227 2646 1378 2691 fecisse,
1409 2645 1543 2681 ultimis
1565 2645 1756 2692 suppliciis
1785 2656 1866 2681 eum
1895 2644 2011 2681 subici
2041 2644 2250 2688 iubebimus,
2282 2645 2383 2691 quod

158 2694 220 2739 qui
244 2692 428 2729 vindicare
451 2692 620 2726 iniuriam
638 2701 774 2738 passos
797 2691 924 2727 debeat
946 2692 1023 2738 ipse
1045 2691 1216 2725 iniuriam
1237 2691 1365 2736 facere
1387 2691 1632 2726 convincatur.

293 2737 336 2774 V.
387 2736 557 2782 Officium
589 2747 660 2782 quo
689 2748 732 2771 ue
762 2736 862 2782 quod
892 2736 945 2771 illi
978 2737 1187 2781 obsequitur
1217 2741 1253 2771 et
1283 2736 1346 2781 qui
1376 2736 1581 2771 ministrant
1612 2736 1821 2771 clarissimis
1850 2735 2080 2783 praesidibus
2110 2736 2271 2772 iubemus
2300 2747 2382 2772 cum

157 2783 256 2820 omni
282 2782 404 2818 studio
435 2792 497 2817 eos
527 2783 592 2828 qui
621 2793 642 2816 a
670 2781 778 2817 ierint
806 2781 1006 2824 absolvere,
1041 2780 1134 2816 nibil
1163 2785 1378 2828 accepturos
1400 2785 1553 2827 praeter
1582 2791 1626 2817 ea
1659 2792 1753 2827 quae
1780 2781 2097 2817 constitutionibus
2128 2782 2264 2817 nostris
2295 2793 2381 2818 con-

207 2922 222 2953 1
250 2915 339 2963 μήτε
363 2919 406 2959 A]
437 2914 528 2960 μηδὲ
551 2918 661 2950 MLB
687 2917 706 2995 Η
731 2919 750 2951 2
775 2916 917 2959 ἐντύχοι
940 2919 971 2950 Α
998 2919 1009 2960 ΙΙ
1040 2907 1142 2950 οὗτος
1165 2918 1196 2950 A
1225 2916 1237 2962 Η

161 2963 259 3007 ἔλθη
281 2964 369 3004 ΜΒ]
395 2960 505 2996 ἔλθοι
528 2963 559 2995 A
592 2964 687 3006 παρέ
707 2962 817 2995 θοιΙΞ
846 2963 857 3006 ΙΙ
887 2964 906 2996 3
931 2960 1142 3003 ἐπισκόπου]
1168 2962 1236 3005 epi-

164 3000 255 3052 scopi
278 3008 423 3041 civitatis
442 3019 460 3043 ς
477 3008 490 3050 ΙΙ
507 3005 752 3049 ὑποστήσεται
767 3011 941 3052 τιμωρίας
964 3009 1023 3039 καὶ
1049 3003 1155 3040 αὐτὸς
1171 3008 1202 3040 Α
1225 3006 1237 3052 ΙΙ

163 3058 185 3090 4
200 3052 351 3096 ἤμελλεν
362 3053 394 3086 A
413 3052 425 3095 ΙΙ
441 3054 461 3086 6
477 3050 624 3097 φυλάξει
638 3053 686 3085 Bc
703 3053 715 3095 ΙΙ
734 3055 751 3086 7
768 3049 818 3085 δι’
835 3049 1022 3104 ὠφέλειαν]
1040 3051 1130 3096 πρὸς
1146 3048 1237 3098 ὠφέ-

166 3099 264 3133 λειαν
284 3099 315 3131 Λ
333 3099 381 3140 118
407 3095 761 3140 οἷπολιμπανομένων
785 3094 909 3131 αὐτων
932 3097 994 3139 τῆς
1017 3097 1145 3131 οἰκείας
1168 3110 1237 3130 πα-

163 3140 282 3188 τρίδος
293 3143 323 3176 Α
342 3142 355 3186 ΙΙ
372 3145 412 3176 10
425 3140 665 3186 βλάπτωνται
676 3144 706 3176 A
723 3139 967 3186 βλάπτοινται
981 3143 1012 3175 L
1025 3141 1037 3186 Η
1055 3145 1092 3177 11
1108 3144 1238 3187 προῖκα

162 3188 245 3222 τοὺς
269 3186 444 3232 ἄρχοντας
466 3188 497 3220 Α
523 3187 535 3231 ΙΙ
561 3189 600 3221 12
625 3186 696 3229 ἴνα]
722 3183 822 3221 ὅπως
845 3189 876 3220 Α
893 3187 905 3231 ΙΙ
931 3184 1052 3220 αὐτοῖς
1076 3201 1134 3221 om.
1152 3189 1204 3224 Ae,-
1227 3188 1238 3222 ΙΙ

165 3237 205 3269 13
220 3231 415 3279 φυλάξουσι
429 3232 460 3265 L
484 3228 694 3276 φυλάττωσι
707 3234 738 3266 Α
754 3232 765 3271 ΙΙ
788 3234 828 3267 14
841 3235 996 3276 συμβαίη
1010 3233 1041 3265 Α
1058 3232 1070 3276 ΙΙ
1090 3235 1130 3267 15
1145 3228 1234 3277 παρ’

164 3275 273 3312 αὐτοῦ
297 3278 374 3318 τοῦ]
409 3276 508 3321 παρὰ
532 3276 595 3310 τοῦ
619 3279 650 3312 A
677 3277 689 3322 Ιί
718 3278 781 3319 τῆς
804 3276 921 3322 χώρας
945 3278 1047 3311 om.A
1078 3279 1089 3320 ΙΙ
1120 3279 1159 3312 16
1183 3278 1235 3320 τῷ

163 3325 225 3367 τῆς
254 3321 390 3357 πόλεως
421 3323 555 3363 ἐκείνης
583 3319 776 3364 όσιωτάτῳ
802 3325 831 3355 A
862 3323 874 3365 ΙΙ
905 3324 944 3357 18
967 3320 1013 3355 τὰ
1034 3322 1169 3366 μεταξὺ
1194 3325 1236 3364 Α]

162 3367 296 3413 μεταξὺ
309 3368 419 3401 MLB
431 3366 443 3410 ΙΙ
459 3365 629 3411 ἄρχοντος
643 3368 712 3400 ML
720 3368 763 3408 B]
781 3367 843 3409 τῆς
852 3366 970 3412 χώρας
981 3365 1150 3423 ἄρχοντος
1162 3370 1215 3404 As
1227 3370 1238 3413 ΙΙ

165 3417 207 3449 20
231 3416 290 3448 καὶ
306 3415 405 3456 A(cf.
421 3414 488 3454 24)]
512 3410 534 3455 ἢ
554 3413 682 3448 ΛῙΕΒς
707 3412 718 3455 ΙΙ
743 3414 784 3446 22
809 3409 906 3454 κατ’]
931 3425 1006 3457 παρ
1044 3414 1093 3446 L‘
1109 3412 1121 3452 ΙΙ
1148 3426 1237 3458 παρ-

165 3458 355 3514 αιὶτήσηται
372 3459 490 3491 Theod.
518 3460 530 3499 ss
554 3459 595 3492 23
618 3457 725 3509 τοῦτο
750 3456 885 3502 πρᾶξαι
908 3460 968 3511 ua}
991 3457 1083 3513 πρὸς
1102 3454 1193 3501 ἡμᾶς
1214 3456 1236 3501 ἡ

166 3501 492 3592 Ξῗτὲπῖῗῖηῧῗῑῖἔι
504 3502 1238 3594 ἶιλωῖρῖαἷῖρῖἰὲῗωλ]ἳῗιιῖξιῖἷῖῗέριῖιὲ

167 3590 424 3638 ὑποβληθῆναι
440 3595 486 3631 Α;
511 3594 641 3626 τοῦτον
658 3606 714 3625 οη).
730 3604 749 3629 ς
766 3596 778 3637 ΙΙ
794 3590 1004 3636 κελεύσομεν
1018 3594 1052 3627 Β
1070 3593 1082 3637 ΙΙ
1100 3595 1142 3628 28
1157 3593 1237 3627 τοὺς

168 3634 427 3682 ἇδίκουμένους]
443 3649 633 3681 oppressum
648 3652 666 3674 ς
683 3639 695 3681 ΙΙ
714 3634 841 3672 αὐτοὺς
853 3639 903 3672 L⁰
922 3639 933 3682 ΙΙ
950 3640 992 3673 29
1008 3640 1102 3673 addit
1114 3640 1235 3674 Iulian.

168 3684 208 3724 (c.
226 3685 303 3724 250)
326 3685 377 3717 sin
401 3686 510 3718 autem
534 3684 744 3717 innocentem
769 3695 844 3716 eum
867 3685 1084 3727 inveniamus,
1107 3695 1236 3718 neeesse

169 3730 218 3761 est
244 3731 282 3762 ut
306 3729 435 3762 nullum
460 3740 652 3773 responsum
678 3740 697 3762 a
722 3732 832 3762 nostra
856 3729 1030 3763 elementia
1053 3728 1234 3763 calumnio—

1305 2927 1359 2948 sus
1382 2918 1474 2949 actor
1497 2917 1637 2959 accipiat
1665 2917 1677 2960 ΙΙ
1706 2919 1748 2951 30
1774 2912 1874 2959 αὐτῷ
1900 2929 1958 2951 om.
1975 2917 2008 2951 A
2036 2915 2050 2962 ss
2077 2918 2120 2951 33
2145 2915 2293 2957 ἔξωθεν
2316 2918 2348 2952 A
2370 2919 2382 2963 ΙΙ

1305 2958 1522 3003 διατάξεσιν]
1551 2962 1628 2996 God.
1643 2964 1674 3004 3,
1688 2970 1715 3003 2,
1730 2971 1746 2996 5

1362 3054 1378 3086 1
1406 3052 1607 3095 interpellet]
1639 3062 1747 3094 neque
1771 3052 2011 3085 sanctissimum
2043 3052 2213 3096 prouintie
2236 3052 2380 3085 iudicem

1305 3097 1496 3139 interpellet
1521 3098 1597 3130 add.
1611 3097 1660 3130 R¹
1678 3097 1690 3141 ΙΙ
1708 3097 1728 3130 2
1752 3097 1818 3129 huc
1841 3097 1944 3130 R²T2
1961 3099 2046 3140 vulq.
2066 3099 2078 3140 ΙΙ
2094 3098 2230 3139 absque]
2255 3100 2287 3129 et
2309 3098 2381 3131 abs-

1306 3153 1369 3185 que
1385 3144 1416 3175 T
1430 3146 1441 3183 11
1458 3144 1477 3176 3
1497 3142 1646 3174 ciuitatis
1663 3142 1808 3185 episcopi
1826 3143 1862 3184 T,
1887 3143 2033 3175 civitatis
2049 3143 2152 3176 deleri
2166 3144 2257 3176 malit
2270 3142 2381 3176 Heim-

1307 3189 1386 3221 bacb
1406 3186 1418 3231 ΙΙ
1435 3188 1603 3229 quoniam]
1620 3186 1693 3229 epm
1715 3187 1776 3228 V¹‚
1799 3188 1860 3220 del.
1876 3194 1906 3220 et
1917 3188 2005 3229 quod
2022 3195 2096 3221 ante
2111 3187 2197 3220 tales
2212 3188 2290 3221 add.
2307 3187 2358 3221 V³
2368 3187 2381 3232 ΙΙ

1305 3235 1326 3266 4
1343 3232 1425 3265 tales
1442 3246 1500 3265 om.
1512 3233 1544 3265 T
1555 3233 1566 3273 ΙΙ
1585 3232 1765 3264 sustinebis
1778 3232 1825 3265 T¹
1845 3231 1857 3275 ΙΙ
1873 3241 1995 3274 poenas
2010 3245 2069 3266 om.
2081 3232 2130 3266 Β*
2147 3232 2159 3275 ΙΙ
2175 3233 2195 3266 5
2208 3232 2238 3265 si
2251 3245 2309 3266 om.
2320 3233 2380 3274 R¹,

1302 3285 1378 3322 post
1401 3287 1438 3310 eo
1463 3278 1534 3311 coll·
1556 3277 1590 3311 V
1610 3277 1623 3320 ΙΙ
1651 3278 1671 3311 6
1696 3277 1743 3310 eis
1766 3277 1795 3308 V
1823 3275 1835 3320 ΙΙ
1862 3277 1973 3310 omnia
1996 3277 2143 3310 sanccii-e
2173 3278 2286 3310 omnia
2312 3277 2379 3316 Τίς

1305 3323 1417 3356 omnia
1440 3335 1497 3356 om.
1514 3323 1545 3355 R
1568 3322 1580 3364 ΙΙ
1608 3324 1626 3355 7
1651 3321 1884 3354 inhabitabant
1910 3322 1942 3355 T
1961 3322 2114 3355 habitant
2135 3323 2221 3366 ναῖς.
2240 3321 2253 3366 ΙΙ
2278 3323 2299 3358 8
2321 3332 2382 3365 per

1306 3381 1364 3402 om.
1380 3369 1412 3401 T
1425 3368 1437 3410 ΙΙ
1453 3367 1598 3411 propriis
1622 3380 1679 3400 om.
1695 3367 1741 3399 R·
1765 3366 1770 3411 Ι
1801 3369 1839 3401 10
1863 3367 1967 3409 gratis
1989 3367 2116 3400 iudices
2139 3367 2203 3411 Rss
2222 3369 2261 3403 11
2286 3367 2381 3402 iube-

1305 3424 1378 3446 mus
1402 3426 1460 3445 om.
1475 3413 1522 3445 R¹
1540 3413 1551 3454 ΙΙ
1573 3414 1614 3446 14
1636 3415 1681 3445 tm
1702 3412 1734 3445 R
1752 3411 1758 3456 Ι
1784 3413 1823 3447 19
1848 3412 2002 3453 iudicem]
2027 3412 2175 3445 iudicare
2195 3414 2264 3453 (are
2283 3417 2381 3455 eras.)

1308 3460 1340 3491 Τ
1352 3459 1364 3501 ΙΙ
1381 3457 1567 3490 adiudicari
1590 3459 1621 3498 a]
1645 3457 1838 3490 adiudicans
1858 3457 1908 3491 V¹
1931 3458 2075 3490 iudicari
2095 3458 2180 3502 vulq.
2197 3456 2212 3502 ss
2237 3459 2280 3493 22
2299 3459 2380 3492 haec

1307 3504 1340 3537 T
1350 3504 1363 3548 ΙΙ
1381 3505 1414 3536 et
1438 3516 1496 3536 om.
1518 3503 1551 3536 V
1563 3501 1575 3547 ΙΙ
1589 3503 1662 3546 ipsa
1680 3515 1738 3536 om.
1752 3503 1784 3536 R
1801 3502 1813 3547 ΙΙ
1832 3503 1873 3536 23
1898 3503 2078 3536 secundum
2102 3501 2176 3545 lege
2199 3504 2380 3538 secundum

1304 3548 1393 3590 leges
1414 3549 1468 3591 VH
1492 3550 1535 3582 24
1559 3547 1709 3581 addictus
1729 3547 1774 3589 V]
1799 3548 1909 3580 aditus
1932 3548 2072 3589 (aditum
2098 3548 2161 3590 1⁷¹)
2185 3549 2349 3594 RTvulq.
2369 3549 2381 3592 ΙΙ

1306 3603 1343 3627 ea
1364 3606 1422 3627 om.
1444 3592 1501 3638 Vss
1517 3595 1559 3628 25
1584 3595 1632 3626 est
1656 3605 1714 3626 om.
1729 3593 1762 3626 T
1768 3593 1777 3613 ¹
1796 3593 1808 3637 ss
1826 3593 1956 3626 fecisset
1977 3592 2032 3638 Vss
2051 3594 2095 3628 26
2118 3592 2215 3627 debet
2240 3595 2274 3629 T
2281 3595 2380 3638 vulq]

1305 3638 1444 3672 debebat
1464 3639 1499 3672 V
1515 3637 1674 3672 debeatR
1688 3636 1702 3683 ΙΙ
1720 3639 1762 3672 27
1787 3639 1895 3680 ipsum
1918 3638 1995 3682 13²2!
2014 3640 2054 3673 31
2081 3640 2114 3671 et
2136 3639 2380 3681 ministrantes]

1305 3685 1335 3716 ei
1359 3684 1585 3717 ministrantes
1612 3681 1660 3717 R2
1690 3683 1933 3717 eministrantes
1953 3683 1986 3718 T
1993 3683 2004 3704 ²
2035 3683 2306 3719 administrantes
2332 3684 2382 3718 T²

1306 3729 1530 3763 ministrantes
1551 3729 1585 3764 V
1943 3728 1946 3729 ⁷
