2586 3990
251 152 359 196 Nov.
390 150 572 196 CXXXI
603 151 665 192 13.
701 152 750 191 14

251 273 339 297 ποτε
358 259 484 305 τρόπῳ
507 260 729 305 μεταφόρειν.
776 258 824 293 εἰς
847 256 1086 301 αἰχμαλώτων
1110 254 1150 291 δὲ
1170 253 1324 302 ἆνᾶρρυ-

251 317 310 339 σιν
340 307 398 338 καὶ
428 304 587 345 πτωχῶν
617 299 825 348 ἇποτροφὰε
859 306 919 337 καὶ
953 303 999 336 εἰς
1028 300 1137 336 ἄλλας
1169 299 1326 346 εὐσεβεῖς

251 351 379 389 αἰτίας,
410 346 433 391 ἢ
458 345 548 392 ὑπὲρ
570 348 634 381 τοῦ
659 351 900 394 συμφείιοντος
930 348 991 389 τῆς
1020 344 1112 380 ἰδίας
1142 346 1324 389 ἐκκλησίας

250 397 270 429 1
318 394 356 426 ἐκ
379 393 522 427 τούτων
545 390 716 427 δαπανᾶν
745 382 873 427 ἄδειαν
896 393 1086 434 ἐχέτωσαν.
1152 395 1212 426 καὶ
1235 392 1272 425 εἴ
1288 405 1325 426 τι

250 440 288 471 ἐκ
317 438 394 471 τῶν
416 437 594 491 τριούτων
625 436 851 483 πραγμάτων
880 435 971 480 μετὰ
1002 434 1171 480 τελευτὴν
1201 433 1325 471 αὐτῶν

1315 141 1401 191 662

1822 160 1883 191 DE
1909 159 2260 212 EchEsmsncm
2287 161 2463 194 Ti'rums

1390 256 1484 294 ferre
1518 266 1698 303 personas.
1745 257 1786 292 In
1823 256 2040 303 captivorum
2075 269 2157 295 vero
2186 259 2463 305 redemptionem

1391 304 1428 338 et
1461 302 1638 346 egentium
1658 301 1805 345 -pabula
1839 309 1875 337 et
1906 303 1997 342 alias
2028 304 2106 350 pias
2140 313 2268 340 causas
2301 307 2365 341 aut
2396 315 2463 351 pro

1390 347 1542 382 utilitate
1573 346 1741 390 propriae
1769 347 1942 384 ecclesiae
1971 358 2015 384 ex
2045 349 2100 386 his
2130 348 2328 394 expendere
2353 349 2462 386 lieen-

1393 394 1414 428 1
1460 392 1544 426 tiam
1569 390 1735 426 habeant.
1805 391 1854 427 Et
1876 392 2041 438 quicquid
2067 403 2112 430 ex
2135 394 2336 430 huiusmodi
2358 395 2463 430 rebus

1359 440 1379 472 5
1392 439 1475 489 post
1498 435 1633 471 obitum
1655 445 1777 471 eorum
1805 436 1844 473 in
1866 437 2025 490 ipsorum
2048 438 2223 475 facultate
2246 439 2462 481 remanserit.

249 484 295 516 εἰς
318 482 385 524 τὴν
409 483 534 516 αυτῶν
557 485 765 526 περιουσίαν
787 485 903 528 μείνῃ,
934 478 1123 525 κελεύομεν
1148 482 1256 515 τοῦτο
1279 483 1324 528 τῇ
1391 481 1552 516 iubemus
1588 481 1655 516 hoc
1690 480 1737 516 ad
1768 486 2022 526 proprietatem
2054 484 2284 520 ecclesiarum
2316 494 2465 529 quarum

250 526 440 569 δεσποτεία
469 527 547 560 τῶν
576 523 794 572 ἁγιωτάτων
825 525 1022 567 ἐκκλησιῶν
1056 517 1110 560 ὧν
1132 527 1201 569 τὴν
1225 526 1324 570 ἱερω-
1393 526 1630 562 sacerdotium
1651 526 1852 562 habuerunt
1876 531 2083 572 competere.
2131 529 2171 564 Ju
2195 529 2266 565 illis
2292 529 2384 564 enim
2407 539 2463 565 so-

249 571 363 614 σύνην
385 571 480 613 εἶχον
511 569 703 617 διαφέρειν.
751 567 813 606 ἐπ’
840 573 985 604 ἐκεί-νοις
1013 570 1082 616 γὰρ
1104 569 1220 615 μόνον
1253 574 1325 605 τοῖς
1393 570 1570 606 1111111110ᾶο
1605 570 1712 606 rebus
1745 571 1923 607 licentiam
1960 572 2010 608 eis
2045 573 2222 609 alienandi
2259 577 2323 610 aut
2356 573 2463 609 relin-

249 615 457 662 πράγμασιν
481 614 608 650 ἄδειαν
633 613 750 650 αὐτοῖς
773 617 838 650 τοῦ
862 618 1019 649 ἐκποιεῖν
1045 614 1068 658 ἢ
1098 614 1324 660 καταλιμπά-
1394 615 1521 660 quendi
1570 615 1671 651 uibus
1696 616 1870 652 voluerint
1893 616 2028 660 damus,
2059 628 2148 663 quas
2171 622 2254 654 ante
2277 619 2461 664 episcopa-

248 674 324 695 νειν
357 659 407 694 οἷς
441 658 488 695 ἂν
522 660 790 705 βυυληθειήσαν
825 661 1085 707 συγχωροῦμεν,
1123 656 1216 705 ἅπερ
1251 660 1321 704 πρὸ
1342 663 1466 695 10111111
1490 671 1555 705 pro
1582 663 1688 695 antur
1704 661 1882 703 habuisse,
1907 667 1989 707 post
2004 663 2247 709 episcopatum
2266 673 2348 700 vero
2373 674 2464 709 quae

247 707 310 748 τῆς
340 706 535 748 ἐπισκοπῆς
566 702 839 749 οἷποδειχθῶσιν
872 704 1066 748 ἐσχηκότες,
1098 703 1120 748 ἢ
1141 705 1233 748 μετὰ
1256 705 1325 748 τὴν
1393 715 1435 741 ex
1471 715 1600 749 genere
1637 705 1705 740 sibi
1740 706 1928 742 coniuncto
1966 707 2011 743 ad
2046 717 2107 743 eos
2145 708 2331 744 devolutae
2368 711 2463 750 sunt,

248 749 448 793 ἐπισκοπὴν
477 747 552 786 ἀπὸ
586 752 662 785 τῶν
694 751 784 784 κατὰ
817 753 916 797 γένος
946 747 1064 784 αὐτοῖς
1088 753 1325 794 συνημμένων
1393 751 1522 794 quibus
1543 750 1590 785 ab
1613 750 1782 786 intestato
1810 761 1923 796 usque
1950 752 1997 788 ad
2020 754 2184 797 quartum
2213 753 2363 797 gradum
2384 763 2465 789 suc-

247 796 295 830 εἰς
316 792 443 830 αὐτοὺς
461 795 659 838 περιέλθοι,
684 794 743 830 οὓς
760 796 798 836 ἐξ
815 793 1014 829 ἅδιαθέτου
1035 793 1209 829 δύνανται
1224 798 1325 840 μέχρι
1394 795 1519 830 cedere
1541 797 1746 840 potuerunt.

248 841 271 876 2
313 839 485 884 τετάρτου
504 840 655 885 βαθμοῦ
677 838 918 883 διαδέχεσθαι.
966 841 1082 874 ταῦτα
1105 838 1143 873 δὲ
1163 836 1324 882 ἅπαντα,
1393 841 1416 876 2
1462 840 1561 875 Haec
1585 844 1703 875 autem
1727 840 1853 884 omnia,
1884 851 1974 886 quae
1998 841 2150 878 diximus
2173 841 2218 877 de
2240 843 2347 879 rebus
2376 852 2466 887 quae

247 881 341 932 ἅπερ
364 885 551 930 εἰρήκαμεν
575 888 658 930 περὶ
684 887 760 920 τῶν
785 884 1010 931 πραγμάτων
1041 885 1118 919 τῶν
1141 885 1231 928 μετὰ
1256 883 1324 928 την
1342 888 1380 920 15
1394 889 1476 930 post
1509 885 1754 930 episcopatum
1795 885 1980 921 devolutae
2021 891 2105 922 sunt
2147 887 2192 922 ad
2225 888 2466 924 sanctissimos

248 930 448 973 ἐπισκοπὴν
470 933 754 975 περιερχομένων
778 931 824 964 εἰς
843 929 925 965 τοὺς
944 927 1162 964 ὁσιωτάτους
1182 927 1324 965 ἐπισκό-
1394 930 1596 975 episcopos,
1632 933 1668 964 et
1702 931 1738 965 in
1772 931 2061 967 reverentissimis
2095 932 2395 978 orphanotrophis
2429 935 2467 968 et

247 986 353 1017 πονε,
377 978 436 1009 καὶ
460 976 520 1009 ἐπὶ
551 976 628 1009 τῶν
651 973 928 1019 εὐλαβεστάτων
952 972 1242 1020 ὀρφανοτρόφων
1266 978 1325 1009 καὶ
1394 975 1662 1020 ptochotrophis
1687 978 1723 1010 et
1745 977 1945 1011 nosocomis
1968 981 2003 1012 et
2021 978 2281 1029 gerontocomis
2301 980 2338 1013 et
2356 988 2466 1014 xeno-

247 1019 521 1066 πτιοχοτρόφων
550 1023 609 1054 καὶ
635 1019 847 1065 νοσοκόμων
878 1022 937 1053 καὶ
961 1019 1235 1066 γεροντοκόμων
1266 1023 1324 1054 καὶ
1394 1020 1516 1056 ἀοι-1113
1547 1022 1584 1056 et
1608 1020 1770 1056 omnibus
1801 1021 1880 1056 aliis
1908 1022 2107 1057 rectonbus
2130 1022 2379 1058 venerabilium
2402 1022 2465 1058 do-

247 1063 451 1107 ξενοδόχων
486 1067 545 1098 καὶ
574 1063 728 1100 πάντων
763 1067 841 1100 τῶν
873 1063 994 1099 ἄλλων
1026 1063 1219 1107 διοικητῶν
1247 1067 1324 1099 τῶν
1393 1076 1512 1100 muum
1546 1065 1662 1100 valere
1699 1066 1876 1101 sancimus
1910 1067 1948 1101 in
1978 1067 2084 1102 rebus
2119 1076 2211 1112 quae
2241 1067 2279 1102 in
2309 1071 2467 1113 tempore

247 1113 458 1153 σεβασμίων
486 1110 596 1144 οἴκων
619 1113 763 1155 κρατεῖν
786 1111 1012 1155 θεσπίζομεν
1035 1112 1094 1145 ἐπὶ
1118 1114 1190 1144 τοῖς
1213 1109 1321 1156 πράγ·
1339 1112 1379 1144 20
1394 1110 1558 1155 propriae
1583 1110 1896 1147 administrationis
1927 1112 2119 1148 secundum
2148 1112 2369 1158 praedictum
2391 1122 2466 1148 mo·

247 1167 335 1209 μασι
365 1158 438 1189 τοῖς
472 1157 512 1189 ἐν
545 1155 598 1197 τῷ
635 1157 748 1200 καιρῷ
783 1153 966 1210 τῆεὶίδίας
996 1153 1199 1197 διοικήσεως
1232 1156 1326 1190 κατὰ
1393 1155 1475 1190 dum
1499 1155 1546 1191 ad
1569 1165 1630 1191 eos
1654 1160 1899 1200 pervenerunt.

247 1213 314 1234 τον
349 1200 379 1233 εἰ
402 1203 533 1243 ημένον
568 1199 706 1246 τρόπον
741 1201 788 1235 εἰς
823 1200 948 1235 αυτοὺε
981 1203 1270 1245 περιερχομένοις.

247 1245 271 1281 3
317 1245 362 1278 Εἰ
407 1248 427 1278 ε’
446 1256 500 1279 τις
523 1246 716 1280 ἐπίσκοπος
745 1244 769 1289 ἢ
799 1244 960 1290 κληρικὸς
989 1243 1012 1288 ἢ
1036 1243 1248 1288 οἱουδήποτο
1271 1247 1324 1279 tu·
1394 1247 1419 1282 3
1465 1245 1503 1280 Si
1525 1244 1604 1290 quis
1627 1248 1744 1281 autem
1770 1245 1958 1291 episcopus
1990 1251 2052 1281 aut
2082 1246 2232 1282 clericus
2262 1249 2327 1281 aut
2350 1245 2466 1281 cuius-

247 1288 498 1332 κλησιαστικοῦ
514 1290 596 1334 βαθ
623 1292 664 1324 οῦ
680 1288 856 1336 ὑπηρέτης
872 1287 895 1333 ἢ
913 1289 1095 1334 ἐκκλησίας
1113 1288 1324 1325 διακόνισοα
1394 1291 1480 1325 libet
1503 1290 1734 1326 ecclesiastici
1764 1291 1894 1335 gradus
1926 1291 2084 1327 minister
2115 1295 2178 1326 aut
2201 1291 2373 1326 ecclesiae
2393 1290 2467 1326 dia-

248 1333 447 1378 τελευτήσει
479 1334 564 1369 ἄνευ
589 1304 780 1378 διιαθηκῶν
812 1338 870 1369 καὶ
894 1339 1058 1379 νομίμων
1084 1334 1278 1380 διαδόχων,
1303 1335 1536 1378 ἡ2500111883.
1567 1335 1738 1371 moriatur
1769 1336 1844 1372 sine
1875 1337 2094 1372 testamentis
2125 1338 2162 1372 et
2191 1336 2356 1380 legitimis
2385 1346 2468 1371 Buc-

248 1380 391 1414 τοῦτων
415 1378 562 1423 διαδοχὴ
593 1382 638 1427 τῇ
663 1380 830 1424 ἐκκλησίᾳ
858 1378 1057 1426 διαφερέτω
1090 1383 1131 1415 ἐν
1155 1379 1175 1427 ᾗ
1200 1381 1324 1424 ἔτυχον
1394 1380 1616 1423 messoribus,
1653 1380 1779 1416 horum
1811 1382 1991 1418 successio
2022 1381 2192 1418 ecclesiae
2222 1384 2400 1426 competat
2429 1381 2468 1417 in

248 1429 582 1470 κεχειροτονημένοι.
1395 1436 1466 1470 qua
1489 1426 1674 1462 constituti
1696 1426 1850 1462 fuerunt.

1213 1558 1370 1596 CAPUT
1394 1559 1491 1596 XIV.

305 1637 506 1682 Κελεύομεν
530 1635 570 1671 δὲ
591 1635 728 1682 μηδένα
750 1637 931 1684 αἱρετικὸν
954 1636 1044 1681 μήτε
1067 1637 1159 1671 κατὰ
1183 1637 1327 1681 μίσθω-
1452 1639 1617 1674 Iubemus
1638 1642 1757 1674 autem
1780 1638 1914 1674 nullum
1933 1639 2151 1675 haereticum
2173 1649 2288 1685 neque
2305 1648 2370 1684 per
2384 1648 2469 1675 con-

248 1695 308 1718 σιν
341 1684 429 1728 μήτε
459 1679 543 1717 κατ’
571 1682 787 1728 ἐμφύτευσιν
821 1683 910 1727 μήτε
944 1681 1036 1717 κατὰ
1070 1680 1268 1730 ἇγορασίαν
1303 1682 1326 1726 ἢ
1396 1683 1598 1720 ductionem
1620 1694 1735 1729 neque
1758 1694 1822 1764 Ber
1837 1684 1940 1729 emph
1964 1684 2080 1720 teosin
2103 1695 2216 1729 neque
2239 1695 2303 1730 per
2323 1685 2469 1730 emptio-

248 1726 347 1772 ἇλλῳ
367 1725 570 1772 οἱῳδήποτε
593 1727 719 1773 τρόπῳ
737 1727 932 1774 πράγματα
956 1724 1108 1771 ἀκίνητα
1132 1727 1328 1771 λαμβάνειν
1342 1731 1383 1764 30
1397 1739 1477 1765 118111
1508 1733 1571 1764 aut
1594 1729 1661 1764 alio
1686 1739 1756 1774 quo
1774 1729 1846 1764 'bet
1868 1739 1924 1765 mo
1951 1739 1972 1766 o
2004 1739 2062 1765 res
2084 1730 2280 1765 immobiles
2309 1731 2470 1775 achpere

249 1770 318 1819 ἀφ’
344 1771 556 1816 οἱαςδήποτε
579 1771 782 1819 ἁγιωτάτης
812 1772 995 1816 ἐκκλησίας
1017 1771 1041 1815 ἢ
1065 1771 1173 1806 ἄλλον
1197 1776 1324 1816 σεβασ-
1395 1784 1418 1808 a
1441 1774 1597 1819 qualibet
1627 1776 1754 1809 sancta
1782 1774 1932 1810 ecclesia
1962 1777 2025 1809 aut
2054 1775 2123 1810 alio
2154 1774 2348 1810 venerabili
2376 1774 2468 1810 loco.

317 1889 344 1910 c.
363 1875 425 1910 XI
430 1875 462 1908 V
479 1888 538 1908 om.
552 1874 616 1913 Br;
642 1882 731 1908 extat
754 1876 848 1909 etiam
872 1875 905 1910 in
929 1874 980 1908 B⁶
999 1876 1113 1916 1‚1‚53
1137 1873 1201 1915 (Bs
1218 1876 1284 1916 l,1‚
1299 1882 1346 1917 49,
1370 1876 1425 1909 ubi
1448 1876 1539 1908 initio
1563 1871 1822 1918 Κελεὺομεν-
1839 1877 1877 1910 31
1899 1873 2081 1918 ἐκκλησίας
2101 1877 2281 1919 praemisso
2306 1877 2470 1909 adduntur

250 1922 404 1964 epitomae
428 1921 592 1955 Theodori
612 1919 635 1963 ξ
655 1921 708 1954 21.
729 1920 782 1954 22.
804 1921 858 1961 25,
889 1921 932 1963 cf.
956 1919 1061 1952 Indez·
1083 1921 1216 1961 reqinae
1240 1921 1286 1952 ad
1308 1932 1379 1953 nov.
1409 1921 1579 1961 CXXXI,
1614 1921 1800 1954 Zachariae
1826 1920 1930 1954 Beitr.
1952 1934 1979 1953 z.
2004 1922 2119 1954 Kritik
2142 1935 2173 1954 u.
2195 1922 2389 1955 Restitution
2412 1921 2470 1954 der

250 1967 425 2001 Basiliken
444 1978 481 2009 p.
500 1967 565 2008 14).
611 1965 667 1999 Ex
685 1965 720 1998 B
744 1966 869 1998 exhibet
891 1977 941 2008 pr.
958 1964 1135 1998 Nomoc.'¹⁷'¹
1146 1964 1301 1998 XIVtit.
1319 1967 1370 2006 10,
1386 1973 1414 2006 8,
1438 1965 1459 2008 ξ
1477 1967 1508 2000 2.
1525 1967 1545 1999 3
1569 1967 1622 2006 (ex
1638 1966 1672 1998 B
1692 1967 1720 2006 1,
1737 1973 1766 1999 51
1782 1967 1831 2006 [=·
1848 1968 1908 2006 53])
1932 1965 2109 1999 Nemeam
2135 1966 2289 1999 XIVtit.
2307 1968 2358 2007 10,
2373 1972 2402 2000 6.
2426 1983 2471 1990 -·-

251 2012 399 2047 Summas
418 2018 568 2054 praestat
591 2010 722 2044 Nomoc.
737 2011 796 2043 XI
803 2010 888 2043 Veii.
907 2011 956 2047 10,
971 2017 987 2043 8
1007 2022 1040 2051 p.
1056 2010 1131 2043 586.
1158 2011 1223 2042 584
1242 2009 1348 2042 Pitra.

243 2154 424 2192 personas
446 2142 522 2179 ullo
544 2142 651 2179 modo
677 2141 930 2177 transmittant.
978 2139 1036 2176 Ad
1057 2140 1281 2186 captivorum
1313 2144 1432 2186 autem
1454 2139 1733 2186 redemptionem
1756 2143 1791 2175 et
1809 2150 2015 2186 pauperum
2045 2142 2215 2178 alimenta
2244 2145 2280 2178 et
2309 2142 2359 2178 ad
2379 2142 2472 2178 alias

250 2193 272 2228 1
314 2189 400 2236 pias
423 2198 564 2228 causas,
597 2186 655 2223 vel
675 2186 725 2221 ad
747 2185 970 2221 commodum
999 2185 1170 2222 ecclesiae
1199 2195 1287 2220 suae
1319 2195 1368 2220 ex
1391 2184 1447 2220 Itis
1470 2185 1651 2231 impensas
1678 2185 1844 2236 faciendi
1873 2186 2088 2230 facultatem
2110 2186 2275 2223 habeant.
2366 2186 2416 2223 Et
2438 2189 2473 2223 si

249 2234 338 2282 quid
359 2244 408 2270 ex
429 2231 605 2269 eiusmodi
624 2231 731 2268 rebus
751 2234 839 2277 post
859 2241 984 2267 eorum
1007 2235 1156 2265 mortem
1187 2229 1225 2264 in
1249 2230 1350 2266 bonis
1380 2240 1505 2265 eorum
1529 2234 1710 2272 manserit,
1745 2230 1905 2266 iubemus
1935 2230 2004 2266 hoc
2033 2230 2083 2266 ad
2104 2231 2298 2267 dominium
2321 2233 2471 2268 sanctis-

248 2282 419 2316 simarum
451 2278 682 2314 ecclesiarum
737 2286 865 2312 uarum
895 2274 1136 2310 sacerdotium
1169 2274 1371 2310 habuerunt
1398 2275 1591 2321 pertinere.
1639 2273 1684 2310 In
1715 2274 1788 2310 illis
1816 2276 1909 2310 enim
1942 2276 2186 2312 tantummodo
2216 2277 2323 2313 rebus
2349 2277 2470 2323 facui—

252 2330 358 2361 tatem
381 2321 565 2359 alienandi
595 2321 651 2359 vel
671 2287 898 2367 reqinquendi
926 2320 1137 2365 cuicumque
1165 2320 1344 2355 voluerint
1371 2320 1416 2355 iis
1439 2319 1675 2362 concedimus,
1705 2330 1797 2365 quas
1827 2324 1910 2356 aute
1939 2322 2185 2368 episcopatum
2215 2333 2277 2358 eos
2307 2321 2473 2358 habuisse

244 2369 441 2416 probatum
463 2368 521 2410 sit,
553 2377 690 2413 quaeve
713 2370 803 2413 post
825 2366 1072 2412 episcopatum
1103 2369 1305 2411 susceptum
1337 2364 1382 2400 ab
1405 2365 1450 2400 iis
1481 2366 1543 2411 qui
1566 2375 1698 2412 qenere
1727 2364 1800 2400 illis
1831 2365 1945 2400 iuncti
1964 2370 2049 2401 sunt
2079 2365 2130 2402 ad
2149 2377 2211 2403 cos
2227 2367 2470 2414 pervenerint,

249 2416 273 2451 2
320 2414 448 2461 quibus
471 2412 515 2448 ab
540 2413 710 2448 intestato
734 2422 847 2457 usque
871 2410 920 2446 ad
942 2414 1112 2456 quartum
1141 2409 1295 2455 aradum
1325 2409 1516 2446 succedere
1534 2414 1700 2456 possunt.
1793 2408 1894 2446 Haec
1916 2421 2001 2447 vero
2026 2412 2163 2453 omnia,
2195 2423 2289 2458 quae
2311 2411 2472 2448 diximus

250 2462 294 2495 de
315 2459 422 2495 rebus
449 2461 535 2504 post
564 2458 811 2504 episcopatum
840 2460 1044 2502 susceptum
1072 2454 1122 2490 ad
1151 2454 1398 2490 sanctissimos
1428 2455 1620 2501 episcopos
1644 2454 1947 2501 pervenientibus,
1977 2455 2085 2491 etiam
2116 2455 2161 2492 de
2190 2457 2470 2503 reliqiosissimis

251 2502 560 2551 orphanotrophis
589 2507 625 2538 et
650 2500 929 2555 ptochotrophis
960 2506 995 2536 et
1023 2500 1227 2535 nosocomis
1256 2502 1293 2535 et
1321 2501 1582 2545 gerontocomis
1610 2504 1646 2537 et
1666 2499 1892 2536 xenodochis
1921 2504 1957 2535 et
1979 2501 2106 2536 ceteris
2134 2501 2298 2538 omnibus
2321 2501 2471 2537 admini-

249 2548 467 2586 stratoribus
489 2547 742 2583 venerabtlium
765 2545 933 2582 domuum
957 2545 1076 2582 valere
1098 2545 1278 2580 sancimus
1301 2544 1339 2579 in
1362 2544 1469 2581 rebus
1491 2556 1585 2591 quac
1610 2549 1768 2591 tempore
1791 2544 2114 2582 administrationis
2136 2557 2259 2583 eorum
2279 2546 2471 2593 praedicto

250 2596 275 2632 3
318 2593 423 2629 modo
453 2593 503 2629 ad
532 2600 595 2628 eos
622 2592 844 2638 perveniant.

937 2589 1074 2634 Quodsi
1104 2590 1171 2642 qui
1199 2590 1390 2637 episcopus
1421 2590 1479 2627 vel
1507 2590 1660 2627 clericus
1691 2590 1746 2626 vel
1773 2589 2044 2643 qualiscumque
2072 2591 2304 2627 ecclesiastici
2333 2591 2472 2637 yradus

249 2640 410 2675 nu‘nister
432 2638 489 2674 vel
509 2637 680 2674 ecclesiae
702 2635 909 2672 diaconissa
931 2636 1106 2681 defuncta
1137 2639 1185 2671 stt
1213 2634 1291 2671 sine
1324 2638 1532 2671 testamento
1563 2640 1598 2671 et
1628 2635 1796 2682 leqitimis
1825 2636 2108 2680 successorabus,
2140 2647 2264 2673 eorum
2294 2636 2472 2672 successio

250 2685 300 2721 ad
321 2683 506 2721 ecclesiam
528 2683 566 2718 in
590 2693 664 2729 qua
687 2681 873 2717 constituti
895 2684 1001 2717 erant
1050 2680 1215 2716 ertincat.

383 2728 480 2766 XIV.
528 2726 695 2763 Iubemus
717 2730 837 2762 autem
858 2725 996 2762 nullum

1044 2725 1236 2761 aereticum
1258 2735 1304 2767 ne
1330 2735 1374 2760 ue
1390 2735 1463 2771 per
1485 2724 1753 2762 conductionem
1775 2735 1891 2771 neque

2132 2726 2246 2760 teusin
2271 2735 2385 2777 neque
2404 2735 2473 2771 per

2020 2735 2052 2759 m

250 2776 462 2821 emptionem
486 2777 550 2809 aut
572 2772 645 2808 alio
670 2771 746 2807 ullo
769 2770 876 2806 modo
899 2781 958 2806 res
980 2770 1175 2806 immobiles
1205 2770 1250 2807 ab
1273 2781 1297 2806 u
1314 2770 1350 2806 la
1370 2771 1598 2807 sanctissima
1620 2769 1769 2807 ecclesia
1798 2770 1856 2807 vel
1877 2723 2171 2806 alfffvssnelissiui
2193 2770 2273 2805 loco
2297 2780 2472 2816 acczpere.

322 2911 337 2943 1
362 2909 576 2953 μεταφέρειν
600 2915 673 2941 ante
696 2908 773 2948 661,
790 2913 827 2941 28
848 2904 895 2939 εἰς
919 2902 1028 2939 ἰδίους
1051 2905 1124 2940 coll.
1146 2906 1177 2941 L
1202 2904 1215 2948 ΙΙ
1239 2905 1261 2939 2
1284 2903 1331 2938 εἰς

252 2967 309 2988 om.
331 2966 351 2991 ς
378 2955 391 2997 ΙΙ
421 2954 440 2988 3
465 2949 488 2996 ἢ
512 2966 571 2987 οηι.
595 2953 624 2987 0
642 2952 655 2996 ΙΙ
681 2953 702 2986 6
724 2954 840 2995 μείνοι
866 2950 897 2984 L
932 2946 1110 2996 ἇπομείνῃ
1133 2945 1332 2993 (ἇπομείνει

257 2999 374 3039 Gal.)
397 2999 463 3033 Ao
477 2999 490 3042 ΙΙ
505 2998 613 3032 τοῦτο
636 3010 695 3031 om.
712 2996 765 3040 ΟΙΙ
784 2999 802 3030 Ἰ
827 2991 851 3029 a‘
877 2998 946 3029 ίων
970 2996 1053 3036 Εσί.,
1079 3008 1137 3029 om.
1156 3007 1176 3031 ς
1194 2995 1207 3039 ΙΙ
1223 2996 1243 3030 8
1265 2991 1331 3038 μό-

251 3054 326 3078 νοις
348 3043 446 3087 ΑΟΙΙ
473 3045 494 3078 9
519 3038 638 3076 αὐτοῖς
661 3054 722 3076 om.
747 3042 820 3076 Ecl.
890 3037 925 3082 ἢ]
957 3042 1016 3074 καὶ
1043 3041 1072 3074 C
1095 3040 1108 3084 ΙΙ
1139 3042 1180 3076 10
1203 3037 1331 3083 βουλη-

254 3090 356 3123 θεῖεν
379 3089 410 3123 Δ
432 3089 445 3132 ΙΙ
475 3090 512 3123 11
527 3101 573 3131 sq.
599 3084 622 3130 ἢ
644 3085 736 3131 μετὰ
759 3105 805 3112 --
827 3087 1078 3137 συνημμένων]
1107 3087 1182 3129 post
1205 3086 1330 3128 episeo-

252 3138 365 3177 patum
381 3136 492 3167 autem
509 3143 592 3175 quae
608 3142 647 3166 ex
661 3141 782 3174 genere
796 3131 862 3164 sibi
878 3133 1057 3164 comuneto
1074 3142 1093 3167 ς
1111 3132 1123 3173 ΙΙ
1143 3132 1182 3165 12
1198 3140 1330 3173 συνημ·

252 3181 385 3222 μένων]
407 3179 603 3223 εἰρημένων
618 3177 697 3221 13⁶1}
718 3178 758 3212 13
783 3174 958 3222 περιέλθῃ
978 3176 1093 3210 ΑΕεΙ.
1111 3175 1124 3218 ΙΙ
1145 3178 1185 3210 14
1209 3174 1331 3210 πάντα

255 3224 345 3267 Aen
363 3226 403 3258 15
426 3223 519 3257 κατὰ
543 3223 614 3256 Ecl.
632 3222 645 3266 ΙΙ
665 3223 705 3256 16
730 3217 949 3276 ἁγιωτάτουε
969 3221 1041 3254 Ecl.
1061 3220 1073 3264 ΙΙ
1092 3223 1130 3255 17
1156 3221 1217 3254 ἐπὶ
1242 3217 1331 3255 πάν-

254 3280 330 3303 των
359 3268 447 3312 τῶν,
479 3281 537 3302 om.
563 3265 852 3313 ὁρφανοτροφων
877 3285 916 3291 -—
946 3267 987 3300 19
1010 3266 1088 3301 τῶν
1111 3263 1234 3299 ἄλλων
1262 3265 1292 3300 O
1318 3262 1332 3309 ΙΙ

255 3315 294 3347 21
321 3313 449 3347 οἰκείας
471 3315 502 3348 Α
529 3313 542 3354 H
572 3314 614 3348 22
638 3323 760 3358 περιερ
783 3313 927 3356 ομᾰνσυς
949 3311 1000 3345 La
1034 3311 1320 3355 περιερχομένων

256 3372 283 3390 υ,
295 3359 314 3390 Ι.
331 3360 601 3402 περιερχομένου
621 3358 649 3392 G
662 3356 675 3401 ΙΙ
692 3358 733 3391 23
777 3357 793 3389 ὲ
810 3356 950 3390 om.Ecl.
963 3357 974 3398 ΙΙ
985 3352 1201 3397 οἱοσδήποτε
1217 3353 1301 3390 AB!
1312 3333 1331 3396 11

256 3400 543 3444 ἐκκλησιαστικοῦ
561 3416 619 3437 om.
629 3402 809 3436 Nomoc.‘¹m
825 3401 838 3446 ΙΙ
855 3402 897 3435 25
909 3398 1110 3443 τελευτήσει
1129 3401 1157 3433 L
1168 3398 1331 3441 Nomocfll

257 3443 443 3493 τελευτήσῃ
457 3448 492 3480 Β
513 3445 716 3490 τελευτήσω
729 3447 1002 3481 ACMN01110c.m
1018 3446 1031 3489 u
1049 3442 1225 3488 διαθήκης
1233 3442 1332 3488 Eoi-fl

258 3493 299 3524 26
327 3490 455 3524 τούτου
480 3492 531 3526 B!
555 3494 567 3535 Ι]
597 3493 636 3526 ἐν
667 3505 725 3526 om.
749 3492 780 3526 L
807 3491 820 3530 ΙΙ
852 3492 895 3526 28
915 3503 962 3534 sq.
994 3487 1086 3534 μήτε
1109 3509 1151 3515 -—
1174 3488 1264 3533 μήτε
1286 3505 1332 3516 -·-

257 3535 345 3577 μήτε
361 3538 404 3576 Α]
427 3533 517 3579 μηδό
531 3556 573 3561 -
588 3534 678 3580 μηδὲ
694 3556 736 3562 -
752 3533 844 3579 μηδὲ
860 3537 899 3570 Μ
910 3535 1020 3570 CLB
1035 3538 1047 3573 ll
1073 3536 1116 3569 29
1140 3532 1231 3578 μήτε
1246 3530 1328 3568 κατ’

260 3577 472 3622 ἐμφύτουσιν
496 3594 552 3614 om.
567 3582 618 3615 B⁶
633 3584 663 3621 5,
679 3589 751 3622 3,16
774 3582 786 3625 fl
811 3583 853 3617 30
877 3578 988 3614 ἄλλον
1011 3578 1225 3622 οἱονδήποτε
1247 3576 1331 3624 τρό-

260 3635 329 3655 πον
354 3625 529 3659 Nomoc.‘¹''⁸
556 3625 568 3668 ΙΙ
596 3623 747 3668 ἀκίνητα
779 3639 837 3660 om.
863 3626 913 3660 Β(β
942 3626 954 3669 ΙΙ
982 3622 1106 3668 λαβεῖν
1129 3625 1290 3659 Nemee-”⁸
1319 3622 1332 3667 ΙΙ

261 3669 299 3700 31
326 3665 684 3746 dyawrdmsLEivias
710 3672 739 3705 G
768 3673 847 3714 (pro
871 3683 932 3713 quo
956 3671 1176 3714 corriyendum
1203 3666 1330 3715 ἁγίας),

259 3718 372 3743 sancta
395 3724 424 3751 ς,
448 3726 505 3745 om.

1464 2907 1479 2938 1
1499 2905 1716 2947 captivorum]
1740 2906 1842 2946 caput
1857 2914 1969 2936 eorum
1986 2903 2035 2937 Βι
2051 2902 2064 2947 ΙΙ
2082 2906 2102 2938 4
2119 2903 2216 2937 rebus
2234 2915 2293 2936 om.
2308 2903 2338 2936 R
2356 2903 2370 2945 ΙΙ
2386 2905 2405 2937 5
2422 2903 2472 2937 fa-

1398 2949 1554 2983 cultatem
1576 2951 1607 2984 T
1618 2950 1631 2994 ΙΙ
1647 2951 1668 2984 6
1688 2950 1729 2982 ad
1745 2949 1925 2982 utilitatem
1939 2948 1989 2983 R¹
2005 2948 2018 2991 ss
2035 2951 2054 2982 7
2079 2947 2258 2982 habuerint
2280 2948 2314 2982 T
2324 2949 2338 2991 11
2355 2950 2375 2982 9
2392 2959 2473 2990 quas

1399 2996 1496 3039 vul9.]
1521 3005 1604 3037 quae
1629 2994 1732 3031 RVT
1751 2993 1764 3039 ΙΙ
1785 2997 1826 3028 10
1850 2994 1908 3036 qui
1935 2993 1985 3027 T¹
2002 2994 2015 3037 ΙΙ
2035 2995 2075 3029 13
2098 2996 2279 3037 potuerunt
2305 2992 2390 3035 RV]
2413 3004 2472 3037 po·

1399 3041 1526 3073 tuerint
1551 3041 1583 3074 T
1608 3043 1766 3083 poterunt
1785 3040 1900 3083 valan
1921 3040 1962 3073 16
1985 3041 2030 3080 et]
2054 3042 2093 3073 ut
2114 3037 2171 3082 Vss
2190 3038 2472 3072 reuerentissime

1407 3085 1438 3117 V
1450 3085 1462 3128 ΙΙ
1480 3089 1512 3118 et
1527 3084 1770 3118 totochotoohis
1787 3084 1830 3124 R,
1847 3097 1903 3117 om.
1926 3083 1990 3118 VT
2007 3083 2019 3128 ΙΙ
2049 3086 2084 3119 17
2103 3083 2297 3117 nosocomiis
2313 3083 2346 3117 R
2370 3094 2472 3117 noxo·

1398 3130 1537 3163 chomiis
1558 3129 1616 3174 Tu
1632 3132 1665 3163 et
1686 3128 1926 3171 gerontocomis
1948 3131 1981 3161 et
2002 3128 2191 3162 xeodochiis
2211 3128 2244 3162 V
2262 3130 2295 3160 et
2315 3131 2471 3171 geronto-

1398 3175 1537 3208 chomiis
1562 3178 1594 3207 et
1616 3174 1834 3210 xetiodochiis
1861 3175 1892 3207 T
1933 3177 1966 3206 et
1987 3173 2187 3207 xenodochis
2217 3174 2402 3214 (xenodotis
2425 3173 2471 3215 R)

1398 3223 1430 3252 et
1444 3220 1685 3262 gerontocomis
1705 3219 1833 3263 Rvulq.
1851 3218 1865 3263 ΙΙ
1881 3219 1923 3252 20
1943 3218 2160 3252 estimationis
2181 3218 2212 3252 R
2227 3219 2240 3261 u
2259 3219 2301 3252 23
2311 3219 2398 3252 rubr.
2422 3218 2471 3251 De

1397 3265 1598 3299 successione
1622 3265 1663 3300 ab
1678 3264 1835 3298 intestato
1855 3263 2010 3297 ueniente
2033 3263 2181 3306 episcopi
2203 3262 2259 3296 uel
2280 3262 2392 3296 clerici
2414 3262 2471 3296 uel

1397 3310 1574 3343 cuiuslibet
1603 3309 1757 3351 religiose
1784 3319 1922 3352 persone
1952 3309 2202 3349 (cuiuscumque
2230 3317 2370 3351 persone
2391 3307 2470 3341 reli·

1396 3355 1487 3396 giose
1506 3356 1553 3395 T)
1579 3355 1649 3389 ΒΤ
1668 3356 1699 3388 in
1723 3367 1824 3398 mary.
1849 3357 1902 3396 (ex
1916 3354 1994 3394 Iul.)
2009 3354 2021 3397 ΙΙ
2048 3355 2091 3388 24
2115 3352 2295 3386 ecclesiasti
2316 3353 2370 3396 Vn
2393 3361 2470 3395 grs-

1397 3399 1471 3441 dus]
1496 3399 1691 3442 ordigtadus
1718 3400 1800 3443 Tau
1823 3398 2004 3433 diaconisse
2029 3398 2096 3432 ΒΤ
2126 3398 2330 3432 diaconissae
2351 3396 2436 3439 only.
2454 3394 2468 3440 n

1398 3446 1440 3478 25
1466 3446 1651 3478 moriantur
1676 3445 1708 3478 R
1727 3445 1814 3484 vulq.
1842 3444 1855 3487 ΙΙ
1881 3442 2141 3476 successionibus
2165 3443 2214 3476 T*
2241 3443 2256 3486 ΙΙ
2283 3442 2326 3476 26
2348 3440 2384 3473 in
2408 3452 2467 3472 om.

1398 3489 1492 3532 RTu
1509 3491 1549 3524 27
1575 3489 1700 3523 fuerint
1723 3489 1885 3566 RTvuzq.
1901 3487 1914 3532 ΙΙ
1933 3490 1975 3523 28
1989 3490 2075 3523 rubr.
2099 3488 2149 3521 De
2169 3483 2391 3521 contractibus
2414 3493 2467 3516 eo-

1398 3544 1473 3566 rum
1503 3535 1562 3576 qui
1592 3544 1659 3568 non
1691 3537 1814 3569 rectam
1867 3533 1940 3567 dem
1970 3534 2161 3576 reciperunt
2184 3531 2218 3566 T
2236 3532 2268 3565 in
2291 3541 2392 3572 mar-9.
2416 3530 2468 3569 (ex

1397 3579 1475 3620 Iul.)
1493 3578 1506 3621 ΙΙ
1522 3579 1722 3613 haereticum
1744 3579 1791 3621 V]
1813 3577 2052 3612 haereticorum
2067 3574 2228 3617 RTvulq.
2245 3573 2259 3614 Ι
2274 3574 2316 3607 29
2333 3573 2467 3606 enfiteo-

1398 3623 1449 3656 sin
1476 3624 1508 3659 T
1532 3625 1545 3666 ΙΙ
1572 3626 1614 3658 30
1637 3624 1784 3667 accipere
1807 3642 1850 3649 --
1878 3624 1955 3664 663,
1973 3630 1990 3656 ο
2013 3618 2241 3657 commuuione
2270 3630 2333 3651 scr.
2360 3617 2412 3651 V·
2433 3619 2468 3652 in

1398 3676 1481 3711 spat.
1497 3681 1568 3702 vac.
1586 3670 1630 3713 (ἢ
1645 3682 1693 3703 vv.
1713 3669 1781 3712 '131
1807 3667 1892 3709 loeo]
1915 3667 1989 3702 looo
2011 3676 2031 3700 a
2053 3674 2119 3708 qno
2141 3663 2236 3696 etiam
2264 3662 2314 3696 R‘
