2618 4010
80 200 82 202 Ι
130 149 190 185 nn
217 150 395 186 imerus

131 254 411 298 νομοθετημένα
427 249 516 296 παρ’
539 247 643 295 ἡμῶν
664 251 723 283 καὶ
743 247 831 296 πρός
851 261 891 297 γε
910 249 1010 297 παρὰ
1027 252 1088 294 τῆς
1097 251 1211 284 Λέον-

130 310 189 333 τος
212 298 276 332 τοῦ
301 298 362 341 τῆς
385 296 551 341 εὐσεβοῦς
583 293 714 339 λήξεως
746 292 941 336 διατάξεως
970 295 1119 349 ἀκέραια
1145 308 1216 342 φυ--

130 342 316 387 λάττομεν,
341 339 399 388 ἐφ’
426 340 476 376 οἷς
494 339 611 385 μόνην
635 337 656 383 ἦ
678 339 795 386 μήτηρ
819 342 889 382 ἕξει
912 339 980 384 τὴν
999 352 1127 388 χρησιν
1150 343 1210 374 καὶ

129 389 155 425 3
202 390 433 432 ἐπικαρπίαν.
471 383 566 421 Ἀλλ’
587 387 648 420 ἐπὶ
666 388 739 419 τοῖς
756 385 872 421 ἄλλοις
892 386 1076 434 πράγμασι
1093 386 1210 420 ταῦτα

130 434 404 479 νομοθετοῦμεν
428 434 487 466 καὶ
510 432 564 475 τῷ
589 431 667 473 ἑξῆς
699 430 949 478 παραδίδομεν
974 429 1111 477 χρόνῳ,
1143 427 1211 465 ὅσα

129 477 219 523 μετὰ
250 478 318 521 τὴν
341 491 457 524 προγα
487 481 587 511 ιαίαν
611 475 663 511 δω
688 475 751 510 εάν
783 479 884 512 ἐστιν
916 479 954 511 ἐκ
977 477 1114 523 πατρὸς
1144 473 1209 523 ἄφ-

130 521 279 568 ικόμενα
302 524 356 567 τῷ
381 536 448 558 παι
474 526 486 556 l
508 518 530 566 ἢ
555 522 594 562 ἐξ
617 520 661 555 ἆλ
684 534 737 556 ων
759 523 898 564 αἰτιῶν,
927 524 990 558 ἐπί
1010 535 1050 556 τε
1073 523 1152 557 τῶν
1172 523 1211 555 ἐκ

130 567 308 622 διαιῗζήκης
339 570 402 604 ἐπί
431 580 472 602 τε
502 568 581 601 τῶν
614 568 652 608 ἐξ
687 564 886 602 ἆδιαθέτου
920 567 1090 611 κλήσεων.
1144 568 1210 601 To&

130 627 222 648 κατα
246 615 324 648 τῶν
347 612 565 667 ἀχαρίστωνι
579 611 725 647 παίδων
758 610 862 661 λόγου
886 613 1126 668 πανταχόθεν
1151 615 1211 646 καὶ

1910 135 2019 180 Nov.
2051 133 2178 179 XXII
2207 137 2273 179 46.
2304 136 2356 178 47

1034 192 1445 203 ——-—.-—-.—--.-......‘

1281 259 1303 283 a
1326 247 1430 283 nobis
1462 248 1500 282 et
1529 254 1553 282 a
1575 245 1707 282 Leonis
1740 246 1841 282 divae
1871 247 2063 283 memoriae
2091 247 2359 291 constitutione,

1277 294 1419 337 integra
1443 301 1710 335 conservamus,
1735 290 1773 327 in
1797 291 1928 337 quibus
1952 293 2068 329 solum
2092 298 2206 330 mater
2228 293 2361 330 habeat

1280 349 1385 374 usum
1408 339 1446 374 et
1469 337 1741 374 usumfructum.

1278 383 1304 420 3
1361 383 1430 419 Sed
1464 383 1503 418 in
1536 382 1617 418 aliis
1650 382 1758 418 rebus
1794 383 1884 418 haec
1919 383 2100 419 sancimus
2135 386 2171 419 et
2193 384 2360 430 deinceps

1249 434 1267 465 5
1282 429 1456 465 tradimus
1487 428 1656 474 tempori,
1690 437 1934 472 quaecumque
1966 433 2049 474 post
2079 430 2273 474 nuptialem
2297 431 2360 465 do-

1281 475 1463 510 nationem
1497 478 1581 510 sunt
1611 483 1634 508 a
1664 475 1768 518 patre
1799 473 1979 508 venientia
2011 474 2084 510 filio
2117 480 2179 510 aut
2214 485 2258 510 ex
2281 475 2361 511 aliis

1283 520 1413 562 causis,
1437 522 1511 554 tam
1544 529 1589 554 ex
1619 520 1830 554 testamento
1863 528 1970 563 quam
2002 520 2047 554 ab
2076 519 2247 555 intestato
2278 531 2360 556 suc-

1282 564 1516 601 cessionibus.
1564 564 1719 599 Ratione
1743 567 1868 599 contra
1898 563 2057 608 ingratos
2087 564 2180 600 filios
2205 566 2362 611 undique

1282 613 1319 646 et
1342 620 1451 656 super
1475 610 1554 645 istis
1571 609 1680 646 rebus
1700 612 1852 651 servata,
1877 609 2020 654 quando
2041 609 2252 645 manifestae
2275 620 2360 646 cau-

131 661 191 694 ἐπὶ
223 656 363 693 τούτοις
393 660 466 692 τοῖς
494 670 679 705 πραγμασι
731 657 983 713 υλαττομένου,
1016 656 1106 692 όταν
1130 656 1210 700 ἀλη-
1227 659 1267 692 10
1281 665 1343 691 sae
1373 654 1637 700 ingratitudinis
1671 654 1982 698 demonstrantium
2020 655 2170 690 aliorum
2204 656 2361 691 omnium

131 704 211 738 θεῖς
242 704 356 738 αἰτίαι
380 705 442 746 τῆς
463 702 672 750 ἀχαριστίας
727 715 941 738 εικνυοιντο·
989 703 1067 737 τῶν
1089 701 1212 737 ἄλλων

130 746 318 791 ἁπάντων,
352 745 471 784 ὁπόσα
501 752 584 796 περὶ
616 746 780 791 διαδοχῆς
812 748 948 794 εἴρηται
979 750 1119 794 γονέων
1149 749 1209 782 ἐπὶ

130 797 202 829 τοῖς
233 797 362 830 παισὶν
393 791 415 837 ἢ
446 792 594 828 παίδων
625 796 685 828 ἐπὶ
715 795 789 828 τοῖς
809 794 994 841 γονεῦσιν,
1029 790 1210 839 ἀκεραίων

130 839 155 875 4
200 838 491 895 φυλαττομένων.
545 838 626 894 Τὴνκ
639 837 679 873 δὲ
702 835 918 884 ἀχαριστίαν
940 838 1106 872 ἐνταῦθα
1130 848 1209 871 σκο-

1282 710 1373 745 quae
1397 701 1441 736 de
1464 700 1754 736 successionibus
1779 699 1877 735 dicta
1902 703 1987 734 sunt
2010 702 2198 744 parentum
2221 701 2258 735 in
2279 700 2360 737 filiis

1280 749 1344 781 aut
1366 745 1521 781 filiorum
1546 746 1584 781 in
1607 745 1835 791 parentibus,
1859 745 2006 781 intactis
2030 746 2269 781 manentibus.

1278 835 1304 871 4
1360 835 1655 880 Ingratitudinem
1679 837 1798 872 autem
1831 835 1889 871 hic
1914 835 2183 872 consideramus
2208 846 2279 871 non
2302 847 2360 871 so-

130 886 268 940 qgoy'nw
288 897 328 919 ov
348 884 464 929 μόνον
482 883 570 931 πρὸς
587 898 655 929 την
671 887 807 938 μητέρα
825 882 919 938 κατὰ
937 881 980 918 τὸ
997 883 1210 929 ἔμπροσθεν
1227 885 1265 918 15
1279 881 1353 915 lum
1385 880 1431 915 ad
1463 884 1613 917 matrem
1644 881 1840 918 secundum
1871 881 2009 926 pridem
2041 891 2064 916 a
2088 882 2191 918 nobis
2216 880 2360 925 dictum,

130 944 213 975 ημιν
229 930 426 986 εἰρημένον,
447 925 539 964 ἀλλὰ
560 933 620 964 καὶ
640 940 729 975 προς
748 941 860 963 αυτον
880 927 946 962 τὸν
966 925 1124 973 ἀδελφὸν
1144 928 1210 962 τὸν

129 974 404 1019 τελευτησαντα.

1280 926 1343 961 sed
1362 926 1470 960 etiam
1488 926 1659 963 adversus
1678 926 1829 962 eundem
1841 926 1962 972 ipsum
1979 927 2125 962 fratrem
2139 926 2360 962 defunctum.

1078 1039 1234 1076 CAPUT
1265 1037 1411 1075 XLVII.

188 1109 311 1154 ἐπειδὴ
334 1113 498 1157 μέντοιγε
527 1111 633 1155 ἴσμεν
662 1108 795 1145 πολλὰς
825 1111 899 1143 τοῖς
930 1106 1094 1154 ἀδελφοῖς
1119 1107 1208 1155 πρὸς

130 1154 298 1200 ἀλλήλους
314 1160 503 1210 γινομένας
522 1154 747 1200 φιλονεικίας,
768 1157 905 1188 ἐκεῖνον
923 1151 1038 1198 μόνον
1059 1151 1106 1188 ὥς
1123 1151 1206 1196 ἀχά-

1334 1106 1384 1141 Et
1418 1107 1584 1151 quoniam
1619 1107 1750 1143 scimus
1787 1109 1919 1144 multas
1955 1108 2128 1143 fratribus
2165 1107 2362 1144 adinvicem

1275 1151 1393 1187 factas
1419 1152 1685 1196 contentiones,
1713 1153 1812 1188 illum
1837 1154 1951 1189 solum
1974 1156 2159 1198 tamquam
2182 1154 2361 1199 ingratum

131 1213 255 1255 qaqvov
279 1203 361 1247 περὶ
391 1214 458 1236 τον
485 1197 644 1253 ἀδελφὸν
671 1201 864 1256 γινόμενόν
893 1202 1055 1243 μετέχειν
1078 1197 1207 1233 τούτου
1220 1202 1262 1234 20
1277 1197 1374 1233 circa
1405 1197 1554 1233 fratrem
1587 1196 1750 1233 effectum
1783 1199 1993 1243 participari
2024 1199 2094 1234 hoc
2123 1199 2264 1234 lucrum
2288 1210 2361 1234 non

130 1260 193 1281 του
227 1244 368 1291 κέρδους
398 1244 439 1280 οὗ
464 1257 732 1294 συγχωρουμεν,
764 1256 800 1285 ος
823 1259 869 1279 αν
892 1244 915 1287 ἢ
938 1242 1107 1280 θάνατον
1131 1246 1206 1278 ἐπι-

130 1289 330 1336 βουλεύσειε
364 1291 417 1334 τῷ
449 1289 593 1336 ἀδελφῷ
626 1288 648 1334 ἢ
679 1289 939 1338 ἐγκληματικὴν
974 1287 1206 1337 ἀπενέγκοιτο

130 1335 214 1370 κατ)
252 1333 362 1369 αὐτοῦ
396 1336 539 1382 γραφὴν
573 1334 596 1379 ἢ
629 1337 691 1380 τῆς
725 1332 847 1370 οὐσίας
882 1333 982 1379 αὐτῷ
1018 1334 1207 1369 σπεύσειεν

131 1383 325 1461 ἐπαγοῇεῖν
345 1379 555 1435 κᾶφαίρεσιν.
603 1379 646 1415 τὸ
677 1381 745 1435 γᾴρ
777 1383 912 1415 ἐκείνου
947 1383 1051 1427 μέρος
1086 1380 1132 1414 εἴς
1166 1394 1206 1414 τε

129 1438 210 1469 τρυς

130 1471 232 1505 οὗτος
252 1468 271 1505 ὁ
292 1470 401 1515 νόμος
424 1474 483 1507 ἐπὶ
507 1476 585 1507 ταῖς
603 1474 682 1507 τῶν
702 1470 850 1507 παίδων
869 1469 1069 1514 διαδοχαῖς,
1095 1470 1148 1505 αἷς
1169 1470 1208 1505 αἱ

129 1520 275 1564 μητέρες
299 1514 526 1559 διαδέχονται
549 1517 629 1552 τοὺς
652 1516 800 1559 παῖδας,
831 1518 990 1564 κείσθω,
1019 1518 1087 1560 τὴν
1111 1513 1204 1562 παρ’

130 1559 232 1606 ἡμῶν
263 1565 459 1608 γενομένην
490 1560 741 1609 ὑποδιαίρεσιν
773 1559 1013 1609 εἰςηγούμενος
1047 1565 1126 1596 ταῖς
1160 1562 1208 1595 εἰς

131 1607 195 1642 τὸν
219 1608 296 1651 ἑξῆς
325 1607 455 1652 χρόνον
479 1606 633 1655 δευτέρῳ
659 1610 837 1642 συνοικεῖν
859 1606 1069 1651 μελλούσαις
1091 1604 1207 1652 ἀνδρί.

1276 1242 1515 1284 concedimus,
1549 1242 1610 1287 qui
1633 1246 1782 1278 mortem
1807 1244 1958 1279 voluerit
1980 1244 2087 1279 fratri
2110 1248 2172 1280 aut
2196 1245 2360 1280 crimina-

1276 1289 1346 1323 lem
1369 1288 1539 1324 inducere
1565 1292 1691 1323 contra
1709 1298 1791 1323 eum
1810 1289 2090 1333 inscriptionem,
2113 1294 2176 1324 aut
2192 1290 2360 1325 substan-

1276 1334 1348 1369 tiae
1385 1333 1418 1369 ei
1453 1333 1699 1378 properaverit
1734 1333 1867 1369 inferre
1898 1334 2084 1369 iacturam.
2141 1334 2231 1370 Eius
2269 1335 2361 1370 enim

1276 1380 1395 1424 portio
1430 1383 1505 1414 tam
1542 1378 1588 1414 ad
1623 1379 1780 1424 reliquos
1816 1379 1948 1414 fratres
1980 1382 2018 1414 et
2049 1383 2198 1414 matrem
2230 1381 2359 1416 veniat.

274 1437 374 1461 ιπους
398 1424 571 1473 ἀδελφοὺς
593 1429 654 1460 καὶ
677 1441 745 1470 την
767 1429 904 1472 μητέρα
923 1427 1097 1471 ἐρχέσθω.
1133 1429 1206 1459 Καὶ
1220 1428 1261 1460 25
1276 1425 1326 1459 Et
1356 1425 1447 1459 haec
1479 1425 1537 1459 lex
1567 1435 1675 1469 super
1706 1424 1860 1460 filiorum
1890 1425 2198 1467 successionibus,
2232 1425 2361 1470 quibus

1278 1481 1358 1505 cum
1389 1473 1503 1505 matre
1534 1469 1735 1505 succedunt
1768 1469 1850 1512 filii,
1887 1473 2048 1512 maneat,
2083 1470 2181 1505 illam
2214 1480 2306 1515 quae
2339 1481 2361 1505 a

1276 1515 1380 1551 nobis
1404 1515 1502 1550 facta
1534 1517 1590 1550 est
1620 1515 1897 1550 subdivisionem
1928 1515 2160 1551 introducens
2190 1516 2244 1551 his
2270 1526 2362 1561 quae

1277 1561 1400 1596 futuro
1437 1563 1598 1605 tempore
1633 1561 1791 1597 secundo
1828 1560 2056 1596 matrimonio
2091 1560 2238 1596 futurae
2277 1565 2363 1597 sunt

1277 1606 1373 1641 viris.
1397 1622 1400 1625 ⁴
1430 1606 1530 1650 Quae
1560 1606 1654 1641 enim
1690 1606 1762 1640 iam
1795 1606 1841 1641 ad
1875 1606 2068 1641 secundum
2099 1606 2362 1641 matrimonium

129 1656 206 1687 ταῖς
236 1653 303 1700 γὰρ
334 1651 403 1708 ᾔδη
436 1653 523 1700 πρὸς
555 1651 724 1699 δεύτερον
757 1651 950 1687 ἐλθούσαις
984 1655 1208 1686 συνοικέσιον
1223 1655 1264 1686 30
1278 1654 1528 1697 pervenerunt,
1552 1651 1817 1687 successionem
1838 1651 1911 1687 sive
1927 1661 1992 1697 per
2012 1653 2265 1687 testamentum
2288 1652 2362 1687 sive

129 1701 188 1731 καὶ
216 1700 277 1741 τῆς
307 1702 507 1744 ευεργεσίας
537 1699 601 1733 τοῦ
632 1698 947 1744 μνημονευθέντος
970 1699 1081 1742 νόμου
1105 1697 1211 1741 ἡμῶν

129 1743 316 1786 τυχούσαις
340 1743 473 1783 ἐξέστω
497 1743 543 1778 τὰ
566 1743 655 1790 πρὸς
679 1741 787 1779 αὐτᾶς
811 1745 850 1778 ἐκ
873 1745 934 1786 τῆς
959 1745 1037 1777 τῶν
1061 1741 1208 1778 παίδων

130 1787 291 1823 ἐλθόντα
310 1786 475 1832 διαδοχῆς
494 1790 565 1823 εἴτε
589 1792 627 1823 ἐκ
649 1787 842 1833 διαθηκῶν
860 1789 931 1822 εἴτε
952 1789 991 1829 ἐξ
1007 1786 1207 1823 ἀδιαθέτου

129 1836 223 1876 ἔχειν
243 1837 401 1879 βεβαίως
420 1833 511 1868 κατά
533 1848 575 1869 τε
593 1833 810 1870 δεσποτείαν
827 1837 887 1868 καὶ
906 1835 1033 1881 χρῆσιν
1051 1837 1111 1868 καὶ
1133 1836 1207 1868 ἐπι·

1278 1698 1324 1732 ab
1349 1698 1519 1732 intestato
1544 1697 1678 1732 habere
1700 1696 1801 1732 firme
1826 1700 1862 1732 et
1885 1697 2081 1732 secundum
2106 1697 2298 1732 dominium
2326 1703 2362 1731 et

1278 1742 1475 1778 secundum
1498 1752 1603 1778 usum
1623 1744 1660 1777 et
1684 1742 1881 1778 secundum
1904 1741 2185 1787 usumfructum,
2217 1746 2253 1778 et
2275 1742 2360 1777 alie-

1278 1798 1368 1823 nare
1399 1791 1436 1823 et
1459 1788 1586 1823 testari
1618 1790 1655 1824 et
1676 1787 1919 1823 transmittere
1944 1787 2142 1823 secundum
2170 1797 2275 1833 quem
2300 1798 2360 1823 vo-

1278 1834 1411 1869 luerint
1446 1832 1606 1875 modum,
1652 1833 1741 1869 nihil
1781 1834 1832 1868 eis
1872 1832 2163 1878 impedimentum
2203 1833 2362 1879 quolibet

130 1883 306 1927 καρπίαν,
336 1882 396 1913 καὶ
421 1881 578 1914 ἐκποιεῖν
608 1883 667 1914 καὶ
693 1878 903 1915 διατιθέναι
935 1882 995 1913 καὶ
1019 1881 1206 1923 παραπέμ-
1221 1882 1263 1915 35
1277 1882 1438 1925 tempore
1461 1889 1506 1915 ex
1526 1879 1709 1924 praesenti
1732 1878 1929 1915 constituta
1956 1880 2044 1924 lege.

131 1937 215 1960 πειν
234 1922 327 1958 καθ’
349 1921 392 1959 δν
409 1924 572 1959 ἐθέλοιεν
590 1924 746 1972 τρόπον·
772 1923 876 1960 οὐδὲν
895 1922 1020 1959 αὐταῖς
1037 1923 1210 1969 ἐμποδὼν

131 1967 223 2004 κατά
248 1983 331 2004 τινα
353 1969 485 2016 χρόνον
508 1971 572 2004 τοῦ
598 1970 778 2016 παρόντος
805 1970 999 2015 ἱσταμένου
1022 1969 1145 2014 νόμου.

177 2075 249 2106 cap.
263 2062 334 2095 XL
345 2063 415 2096 VII
433 2058 577 2105 Ἐπειδὴ
599 2062 704 2106 ἴσμεν
726 2081 770 2087 —-
794 2061 960 2108 ἐρχέσθω
980 2063 1043 2105 (25)
1067 2063 1163 2096 babet
1186 2062 1235 2096 B’
1256 2075 1290 2107 p.
1307 2063 1369 2097 127
1384 2062 1488 2096 Zach.

127 2152 215 2198 piae
244 2151 438 2187 memoriae
468 2151 758 2187 constitutionem
789 2151 930 2186 sancita
961 2154 1051 2186 sunt
1078 2151 1223 2197 inteqra
1250 2162 1454 2187 servamus:
1492 2150 1687 2186 secundum
1723 2162 1818 2196 quae
1851 2151 1968 2186 solum
1999 2163 2102 2187 usum
2137 2155 2172 2186 et
2203 2152 2362 2193 fructum

129 2197 155 2233 3
218 2201 334 2233 mater
357 2195 508 2232 babebit.
602 2196 657 2232 De
686 2197 814 2232 ceteris
836 2207 922 2231 vero
956 2196 1061 2232 bonis
1091 2196 1180 2242 baec
1211 2197 1393 2231 sancimus
1419 2200 1455 2231 et
1482 2196 1687 2242 insequenti
1717 2196 1871 2242 tempori
1900 2196 2087 2239 tradimus,
2118 2207 2291 2243 quaecum
2318 2208 2363 2232 uc

129 2245 214 2289 post
238 2241 520 2288 antenuptialem
544 2241 776 2276 donationem
808 2252 831 2276 a
852 2245 964 2287 patre
993 2240 1042 2275 ad
1070 2241 1186 2285 sitium
1210 2244 1457 2294 pervenerunt
1486 2240 1542 2276 vel
1561 2251 1611 2276 eoe
1634 2240 1718 2276 aliis
1745 2242 1884 2282 causis,
1920 2246 1992 2276 tam
2017 2242 2054 2276 in
2077 2242 2296 2277 successioni
2319 2254 2363 2277 us

131 2299 182 2324 ex
219 2290 431 2323 testamento
499 2296 583 2321 uam
621 2286 665 2320 ab
697 2286 876 2321 intestato.
948 2285 1109 2321 Ceterum
1143 2290 1240 2320 ratio
1276 2285 1451 2321 adversus
1490 2285 1659 2331 inqratos
1699 2285 1831 2321 liberos
1861 2286 2023 2332 undique
2056 2286 2095 2321 in
2129 2286 2186 2322 bis
2219 2297 2363 2333 quoque

132 2333 236 2368 bonis
257 2335 433 2373 servetur,
456 2341 480 2365 u
504 2331 517 2364 i
537 2341 644 2365 verae
667 2340 799 2366 causae
823 2329 1098 2409 inqratitudinis
1118 2330 1392 2375 probabuntur:
1422 2340 1467 2365 ac
1489 2330 1632 2376 reliqua
1655 2330 1777 2365 omnia
1801 2341 2047 2376 quaecumque
2070 2331 2114 2366 de
2136 2332 2363 2367 successione

132 2378 156 2413 4
211 2379 403 2422 parentum
428 2376 465 2410 in
484 2375 579 2410 bona
600 2374 795 2410 liberorum
819 2386 859 2410 ve
894 2374 1087 2410 liberorum
1106 2375 1145 2408 in
1166 2374 1262 2410 bona
1278 2378 1478 2421 parentum
1501 2374 1600 2410 dicta
1622 2378 1719 2417 sunt,
1742 2375 1888 2421 inteqra
1911 2380 2108 2411 serventur.
2201 2375 2362 2423 Inqrati-

135 2421 293 2458 tudinem
317 2423 436 2456 autem
459 2419 528 2455 hoc
552 2420 632 2455 loco
656 2430 730 2454 non
753 2419 866 2455 solum
898 2419 1071 2455 adversus
1093 2423 1245 2455 matrem
1275 2419 1471 2455 secundum
1500 2419 1541 2454 id
1566 2419 1667 2465 quod
1696 2423 1804 2455 antea
1834 2431 1857 2456 a
1881 2420 1985 2456 nobis
2008 2420 2142 2457 dictum
2168 2426 2220 2457 est
2244 2422 2361 2456 consi-

133 2467 312 2507 deramus,
335 2465 400 2501 sed
419 2465 526 2500 etiam
550 2465 723 2501 adversus
745 2465 863 2512 ipsum
885 2464 1042 2511 fratrem
1065 2463 1287 2510 defunctum.

261 2510 409 2547 XLVII.
456 2509 530 2545 Sed
545 2511 716 2556 quoniam
736 2510 868 2545 scimus
887 2510 980 2545 inter
997 2510 1138 2554 fratres
1154 2509 1286 2545 multas
1304 2509 1455 2546 invicem
1475 2509 1635 2546 existere
1659 2511 1917 2553 contentiones,
1942 2521 2022 2546 eum
2041 2510 2158 2546 solum
2179 2514 2362 2557 tamquam

132 2559 315 2604 inqratum
338 2555 511 2603 adversus
531 2558 688 2602 fratrem
720 2554 828 2595 huius
857 2555 953 2590 lucri
972 2554 1198 2607 participem
1223 2555 1307 2600 fieri
1337 2566 1412 2590 non
1429 2555 1615 2602 patimur,
1648 2555 1814 2607 quisquis
1839 2555 1895 2591 vel
1916 2566 2037 2591 necem
2066 2556 2185 2601 fratri
2215 2556 2363 2592 molitus

132 2604 181 2638 sit
204 2602 260 2638 vel
282 2601 503 2636 criminalem
533 2601 572 2635 in
595 2611 675 2636 eum
706 2600 874 2636 detulerit
905 2602 1083 2636 actionem
1114 2599 1171 2635 vel
1199 2599 1375 2635 bonorum
1399 2600 1647 2646 privationem
1671 2601 1706 2636 ei
1726 2600 1868 2646 inferre
1890 2600 2079 2637 studuerit.
2140 2599 2247 2636 Illius
2269 2602 2362 2637 enim

128 2657 222 2694 pars
245 2649 280 2682 et
303 2646 353 2681 ad
374 2646 533 2692 reliquos
545 2646 692 2726 [ratres
717 2650 753 2681 et
774 2645 824 2681 ad
845 2650 996 2681 matrem
1018 2645 1215 2692 perveniat.
1275 2646 1394 2691 Atque
1417 2645 1507 2681 haec
1531 2645 1594 2681 lex
1617 2645 1661 2681 de
1684 2645 1879 2681 liberorum
1902 2645 2206 2689 successionibus,
2231 2646 2363 2693 quibus

133 2697 267 2728 matres
289 2691 486 2726 succedunt
517 2690 544 2726 li
567 2691 656 2733 eris,
688 2691 765 2726 lata
787 2695 883 2734 esto,
915 2701 1010 2737 quae
1037 2690 1313 2725 subdivisionem
1337 2702 1360 2726 a
1384 2690 1488 2726 nobis
1517 2690 1660 2736 factam
1691 2690 1902 2726 introducat
1931 2691 1978 2726 iis
2008 2701 2102 2737 quae
2128 2692 2166 2726 in
2192 2691 2363 2737 futurum

134 2742 273 2784 tempus
295 2735 452 2772 secundo
484 2736 563 2772 viro
590 2739 772 2783 nupturae
802 2740 895 2772 sunt.
956 2735 1051 2771 Nam
1074 2735 1121 2770 iis
1145 2747 1238 2782 quae
1261 2736 1333 2770 iam
1357 2734 1552 2771 secundum
1575 2736 1783 2782 coniuqium
1813 2736 1974 2772 inierunt
2004 2739 2040 2772 et
2070 2736 2240 2782 beneficio
2274 2737 2364 2783 leqis

133 2787 281 2818 nostrae
305 2792 414 2828 quam
437 2782 712 2817 memoravimus
727 2781 873 2828 potitae
895 2785 992 2823 sunt,
1025 2781 1132 2816 liceat
1152 2791 1195 2815 ea
1219 2792 1313 2826 quae
1337 2781 1386 2816 ad
1408 2781 1509 2827 ipsas
1539 2791 1590 2816 ex
1613 2780 1806 2816 liberorum
1829 2781 2057 2818 successione
2084 2782 2159 2818 sive
2182 2793 2233 2818 eae
2257 2786 2364 2818 testa-

133 2828 261 2864 mentis
280 2829 354 2863 sive
373 2827 417 2863 ab
436 2828 607 2863 intestato
625 2832 798 2863 venerunt
813 2827 968 2872 firmiter
984 2825 1124 2873 1ιαῖ)ω·εἼ
1135 2830 1207 2861 tam
1228 2825 1328 2872 quod
1339 2826 1604 2872 proprietatem
1624 2837 1732 2872 quam
1752 2826 1852 2872 quod
1865 2837 1970 2862 usum
1990 2829 2025 2861 et
2042 2826 2206 2873 fructum
2222 2827 2363 2869 attinet,

133 2878 169 2910 et
191 2873 353 2953 alilenare
375 2875 412 2907 et
433 2871 627 2919 disponere
647 2876 683 2908 et
711 2872 955 2908 transmittere
978 2882 1050 2918 quo
1073 2871 1185 2907 velint
1213 2871 1320 2906 modo
1330 2883 1345 2912 ,·
1380 2882 1468 2907 neve
1498 2870 1566 2905 ulli
1596 2871 1648 2906 eis
1675 2870 1928 2918 impedimento
1959 2872 2034 2908 ullo
2067 2875 2228 2919 tempore
2250 2883 2363 2919 prae-

132 2930 216 2955 sens
253 2927 303 2954 σω
324 2917 381 2952 sit.

200 3012 213 3044 1
254 3009 428 3049 Λέοντος]
466 3009 544 3042 cod.
567 3011 604 3062 53
630 3016 665 3049 9,
691 3016 707 3042 6
735 3009 747 3051 11
778 3011 796 3042 3
831 3005 948 3052 μόνην
979 3008 1039 3042 Β18
1049 3010 1079 3049 ς]
1118 3006 1211 3051 μόνη

137 3054 263 3088 MLBf
290 3053 303 3098 11
329 3051 397 3095 τὴν
446 3053 551 3098 ρῆσιν
581 3066 602 3095 η
633 3049 727 3097 μήτη
782 3052 852 3092 ἕξει
882 3053 932 3086 Β*
961 3052 974 3097 11
1004 3055 1044 3086 10
1075 3049 1213 3096 ἀληθὴς

137 3099 235 3132 αἰτία
248 3099 297 3131 12²
311 3098 324 3142 11
348 3101 382 3131 11
435 3095 633 3131 εικνύοιντο
648 3099 704 3139 Μ]
753 3101 935 3131 είκνυνται
952 3095 1212 3135 (ἐνδείκνυνται

138 3145 246 3187 Blpr„
271 3140 452 3176 δείκνυται
472 3142 533 3183 L2)
558 3143 674 3185 LB(‹,-)
697 3142 709 3186 11
743 3146 783 3177 16
808 3144 879 3183 καὶ]
904 3140 995 3176 κατὰ
1019 3143 1066 3176 Bt
1090 3142 1102 3187 11
1127 3140 1214 3188 πρὸς

137 3187 203 3223 τὸν
225 3186 297 3222 τελ.
321 3185 478 3232 ἀδελφόν
509 3188 558 3221 Β*
590 3187 603 3231 11
634 3190 674 3222 18
708 3187 813 3231 ἰ’σμεν
839 3201 896 3221 om.
923 3189 953 3221 L
983 3187 995 3231 11
1030 3189 1067 3221 19
1102 3187 1214 3231 μόνον

138 3235 297 3274 MLBsg]
320 3234 387 3276 μὲν
412 3232 470 3265 Bfl
494 3231 506 3275 11
525 3228 573 3266 αἷς
596 3245 654 3266 om.
671 3234 718 3266 B⁸
742 3233 754 3277 11
783 3235 825 3266 20
850 3234 932 3276 περὶ
956 3232 1023 3266 τὸν
1044 3229 1212 3278 ἀδελφὸν]

138 3280 214 3313 τῶν
237 3273 409 3323 ἀδελφῶν
437 3277 482 3310 B³
502 3277 513 3321 11
538 3279 580 3311 22
605 3275 870 3323 ἐγκληματικοῖς
895 3278 941 3310 L¹
957 3277 969 3322 11
989 3278 1215 3324 ἐπενέγκοιτο

139 3326 188 3358 Β*
219 3324 231 3368 11
260 3326 302 3358 23
335 3320 444 3356 αὐτοῦ
475 3319 662 3355 σπεύσειεν
687 3324 734 3355 Β3
773 3320 960 3357 σπεύσειεν
991 3320 1090 3366 αὐτῷ
1119 3323 1168 3356 Bt
1203 3321 1215 3367 11

138 3372 181 3404 24
205 3371 257 3411 τε]
280 3382 320 3415 γε
347 3368 391 3402 Bt
415 3367 427 3411 11
455 3369 496 3401 25
522 3364 704 3412 ἀδελφοὺς]
728 3370 787 3400 καὶ
811 3364 1080 3412 ἀδελφόπαιδας
1102 3365 1214 3409 (ἀδελ-

138 3411 301 3459 φόπαιδα
314 3413 373 3455 131)
393 3414 470 3446 add.
482 3413 552 3446 LB
570 3411 583 3457 11
599 3415 640 3446 26
665 3408 704 3445 ἃς
718 3414 760 3446 Μ
774 3413 786 3456 11
805 3414 846 3446 29
868 3409 1021 3458 δευτέρῳ
1038 3415 1215 3446 συνοικεῖν

138 3455 347 3503 μελλούσαις
358 3455 475 3504 ἀνδρὶ]
492 3468 576 3499 quae
584 3476 629 3489 -,-
637 3458 782 3490 secundo
793 3459 1006 3490 matrimonio
1019 3459 1054 3499 (i.
1064 3471 1089 3492 e.
1099 3469 1215 3491 συνοι-

138 3508 248 3547 κεσίῳ
257 3504 287 3546 Ῡ)
312 3506 446 3537 futurae
470 3505 548 3535 sunt
570 3503 651 3535 viris
676 3514 695 3538 ς
722 3502 734 3547 11
764 3505 807 3537 30
838 3499 905 3545 ἤδη
928 3503 1028 3543 ΕΒς]
1062 3499 1106 3545 δὴ
1130 3504 1177 3536 Μ
1204 3502 1218 3549 11

141 3551 179 3583 31
214 3552 275 3583 καὶ
295 3550 356 3592 τῆς
379 3568 424 3573 -
449 3549 490 3583 33
516 3545 677 3581 ἐλθόντα
706 3561 765 3582 om.
789 3560 809 3585 ς
838 3547 852 3593 11
879 3550 920 3582 32
950 3545 1008 3589 τὰ]
1037 3548 1100 3581 τὰς
1125 3549 1173 3581 L¹
1205 3551 1217 3593 11

142 3596 181 3628 37
203 3595 266 3628 τοῦ
291 3591 482 3642 παρόντος]
507 3604 546 3627 ex
570 3594 737 3636 praesenti
761 3605 781 3630 ς

198 3687 212 3718 1
238 3685 509 3719 constitutionem
529 3686 579 3718 R¹
606 3685 618 3728 11
649 3687 668 3718 2
694 3684 792 3717 habet
813 3685 845 3718 V
867 3684 879 3728 11
911 3687 930 3718 3
957 3695 1051 3717 usum
1076 3686 1108 3717 et
1132 3684 1215 3726 ΒΤ]

144 3742 202 3763 om.
220 3730 344 3775 Vvulq.
363 3730 376 3775 11
392 3733 412 3764 5
431 3729 584 3775 tempori]
606 3730 671 3773 ipsi
693 3729 744 3764 V²
759 3729 771 3774 11
791 3732 809 3764 ’7
821 3742 868 3774 sq.
890 3731 956 3762 tam
977 3742 1016 3760 u
1039 3731 1158 3763 testato
1178 3740 1217 3763 ex

1281 3008 1476 3039 testamento
1488 3006 1749 3048 successionibus
1761 3007 1805 3040 R¹
1819 3009 1886 3040 tam
1897 3008 1939 3041 ab
1952 3009 2109 3041 intestato
2123 3019 2222 3050 quam
2237 3019 2275 3041 ex
2289 3011 2362 3041 test.

1282 3062 1369 3085 succ.
1394 3051 1444 3084 R2
1462 3051 1475 3094 11
1490 3052 1731 3085 successoribus
1750 3052 1806 3096 Vn
1831 3054 1851 3087 8
1877 3053 2064 3086 rationibus
2086 3054 2136 3086 13¹
2155 3053 2168 3098 11
2183 3054 2262 3086 filiis
2278 3054 2327 3086 R¹
2350 3053 2364 3097 11

1285 3099 1325 3131 10
1342 3097 1587 3129 demonstratur
1598 3096 1646 3129 R¹
1662 3096 1675 3141 11
1693 3097 1825 3139 aliaque
1839 3098 1950 3131 omnia
1964 3100 2061 3140 (aque
2074 3099 2185 3131 omnia
2197 3100 2302 3142 suppl.
2314 3099 2364 3132 V²

1282 3141 2069 3232 fuistin}112'1'2313123‘5221152515’22235322
2080 3142 2135 3233 ἒῇ
2150 3143 2364 3228 ’ἑέἰέἲὲἒξῗῗ

1283 3232 1334 3265 fr*
1357 3232 1409 3266 V¹
1433 3232 1572 3264 eundem
1584 3232 1720 3264 fratrem
1737 3232 1788 3266 R¹
1806 3231 1819 3277 11
1836 3234 1877 3267 18
1900 3233 1958 3275 Et]
1983 3234 2044 3277 leq.
2058 3233 2146 3266 Sed?
2162 3233 2174 3277 11
2192 3233 2362 3275 quoniam]

1283 3288 1367 3319 quae
1385 3277 1434 3310 Βι
1450 3277 1463 3320 11
1492 3278 1532 3311 19
1556 3277 1817 3320 contemptiones
1841 3278 1873 3311 R
1888 3277 1901 3322 11
1919 3280 1962 3313 20
1986 3279 2050 3311 hoo
2075 3291 2132 3312 om.
2146 3278 2180 3310 R
2200 3279 2212 3322 11
2238 3280 2278 3312 21
2305 3290 2363 3312 uo-

1283 3322 1386 3355 luerit
1403 3323 1452 3355 ed.
1465 3323 1529 3366 pr.]
1553 3321 1665 3354 uoluit
1689 3323 1767 3356 libri
1783 3321 1796 3367 11
1810 3323 1979 3356 criminali
1999 3324 2043 3357 V¹
2058 3322 2071 3367 11
2090 3324 2132 3357 23
2154 3323 2184 3355 ei
2203 3323 2362 3368 R¹vuly.]

1283 3368 1354 3400 eius
1377 3367 1491 3410 R²Vu
1515 3367 1706 3410 properavit
1728 3369 1813 3411 vuly.
1833 3368 1846 3412 11
1862 3368 1944 3410 eius]
1969 3368 2000 3401 ei
2022 3368 2073 3402 R*
2089 3368 2101 3412 ΙΙ
2127 3369 2170 3402 24
2194 3369 2238 3410 et]
2263 3379 2363 3411 quam

1285 3412 1328 3445 ad
1351 3413 1440 3456 vuly.
1459 3411 1472 3454 11
1496 3413 1538 3445 25
1564 3413 1624 3456 leq.
1650 3412 1847 3454 quibuscum
1871 3417 1992 3446 matres
2012 3413 2193 3446 succedunt
2215 3413 2320 3447 filiis?
2350 3415 2364 3456 11

1285 3459 1326 3491 27
1348 3457 1578 3490 subdiuisione
1601 3457 1651 3490 R²
1669 3458 1740 3500 1128
1764 3458 1879 3491 futura
1895 3459 1943 3491 Β)
1963 3458 1975 3502 11
1997 3459 2040 3492 29
2064 3458 2158 3500 viris]
2184 3458 2224 3492 de
2246 3459 2363 3492 matris

1284 3502 1488 3535 successione
1513 3503 1590 3535 add.
1612 3501 1726 3543 RVT,
1759 3505 1891 3537 rubrica
1914 3503 1999 3537 male
2021 3505 2055 3537 in
2079 3510 2195 3537 textum
2219 3504 2316 3538 illata
2349 3505 2362 3550 11

1286 3550 1328 3582 30
1364 3548 1597 3590 pervenerunt]
1634 3549 1667 3581 et
1697 3548 1857 3581 beneficio
1888 3551 2086 3581 memoratae
2117 3550 2248 3582 nostrae
2279 3548 2364 3591 legis

1284 3594 1410 3635 potitae
1430 3593 1519 3632 sunt,
1543 3592 1595 3625 his
1619 3592 1719 3626 liceat
1743 3595 1821 3627 add.
1841 3594 1981 3635 Gentius,
2000 3595 2086 3639 vulq.
2105 3593 2118 3638 11
2139 3604 2198 3637 per
2222 3607 2280 3628 om.
2302 3595 2337 3629 V
2352 3593 2366 3640 11

1286 3640 1325 3672 31
1350 3641 1382 3670 et
1394 3637 1576 3670 secundum
1588 3637 1773 3671 dominium
1788 3651 1847 3672 om.
1862 3639 1893 3672 R
1912 3638 1924 3681 11
1940 3639 2111 3672 dominum
2131 3639 2187 3684 711
2205 3640 2247 3674 32
2268 3650 2366 3672 usum

1286 3685 1319 3716 et
1341 3682 1522 3716 secundum
1547 3695 1606 3716 om.
1629 3681 1687 3728 Vss
1703 3683 1843 3716 alienari
1864 3683 1912 3727 V!
1938 3684 1980 3718 33
2005 3684 2157 3718 testatori
2177 3686 2366 3728 (testatorio

1281 3730 1351 3773 pr.)
1374 3729 1407 3761 R
1425 3727 1438 3772 11
1453 3727 1601 3761 uoluerit
1624 3728 1730 3763 RVT
1743 3728 1757 3774 11
1772 3731 1815 3763 34
1840 3729 1886 3762 eis
1936 3730 1980 3771 T]
2001 3730 2033 3763 ei
2044 3731 2088 3777 sit
2108 3730 2143 3764 V
2158 3730 2202 3763 sit
2214 3730 2262 3764 eis
2278 3731 2366 3775 vulq.
