2580 4022
237 154 316 198 Ed.
339 155 414 197 VII
452 167 511 208 pr.
539 157 572 196 1.
594 155 619 193 2
1295 146 1381 206 764
1984 163 2133 194 FORMA
2162 163 2450 196 PRAGMATmA

238 263 391 308 ἡμετέρᾳ
422 262 587 304 πολιτείᾳ
618 263 787 295 ἐναντίον
815 274 852 295 τι
884 263 1113 304 συμβαίνειν·
1146 259 1178 293 εἰ
1203 257 1243 293 δὲ
1271 256 1294 302 ἢ
1325 257 1367 293 τὸ
1390 259 1466 292 τῶν
1490 257 1745 303 ἀνθρωπίνων
1764 261 1990 307 πραγμάτων
2013 259 2275 306 εὐμετάβλητον
2299 258 2319 304 ἢ
2341 261 2362 307 ἡ
2387 264 2450 297 τοῦ

237 309 342 342 θείου
369 304 540 350 νεύματος
569 309 705 348 κίνησις
733 308 807 339 τοῖς
837 303 1088 350 ἀνθρωπίνοις
1118 303 1308 346 ἐνσκήπτει
1338 306 1466 343 κακοῖς,
1496 301 1519 346 ἦ
1552 305 1754 358 ἐπαγομένη
1779 305 1930 340 ἄνωθεν
1951 307 2043 351 μετὰ
2068 306 2348 353 φιλανθρωπίας
2371 320 2452 342 παι-

239 351 316 385 δεία
345 352 408 393 τῆς
434 350 621 395 βασιλικῆς
653 353 823 395 προνοίας
852 363 893 383 τε
923 351 982 382 καὶ
1015 347 1297 402 φιλανθρωπίας
1327 347 1504 383 ὑπόθεσις
1534 352 1683 394 γίνεται.
1730 347 1819 395 ὅπερ
1851 354 1909 383 καὶ
1934 352 1974 385 ἐν
1997 353 2051 394 τῷ
2074 351 2230 397 παρόντι
2253 355 2453 395 συμβέβηκε

237 396 356 440 χρόνῳ
389 395 429 427 οὗ
461 393 633 438 δεόμενον
664 393 888 440 διηγήματος.
935 391 956 436 ἦ
986 406 1055 440 γαρ
1087 394 1134 426 εἰς
1164 392 1305 427 πάντας
1333 392 1415 427 τοὺς
1445 393 1578 427 τόπους
1610 391 1808 428 διελθοῦσα
1831 396 1895 428 τοῦ
1918 394 2086 430 θανάτου
2104 401 2312 442 περίστασις
2335 394 2452 430 οὐδενὶ

239 438 436 482 ἀναγκαῖον
459 439 552 472 εἶναι
576 443 672 474 ποιεῖ
694 441 807 472 ἐκεῖνο
831 435 982 478 ἀκούειν,
1006 433 1097 482 ὅπερ
1121 439 1268 472 ἕκαστος
1291 434 1491 481 ὑπέμεινεν.
1539 436 1685 472 πολλῶν
1708 442 1831 473 τοίνυν
1854 438 1913 473 οἶα
1943 440 1981 480 ἐξ
2004 438 2215 485 ἅπροόπτου
2237 444 2452 487 γενομένων,

238 482 331 528 ἶίπερ
359 482 533 518 δυςκόλως
564 483 612 518 ἄν
641 483 747 518 ἄλλος
775 483 930 528 ἐπήγαγε
952 481 1088 527 χρόνος.
1120 483 1156 516 οἱ
1178 484 1217 515 ἐν
1240 483 1294 526 τῷ
1318 483 1395 516 τῶν
1420 478 1704 527 ἀργυροπρατῶν
1735 488 1926 527 σωματείῳ
1951 483 2225 531 καταλεγόμενοι
2249 485 2453 530 προςῆλθον

236 528 334 572 ἡμῖν,
364 529 560 572 φάσκοντες
590 527 689 563 τινὰς
721 526 955 572 κληρονόμους
984 530 1043 560 καὶ
1075 525 1258 569 διαδόχους
1285 528 1399 560 τινῶν
1428 523 1598 573 ἀγράφως
1627 527 1726 573 παρὰ
1755 529 1834 562 τῶν
1863 526 2148 574 όργυροπρατῶν
2178 535 2323 575 χρυσίον
2346 529 2370 573 ἢ
2394 532 2453 563 καὶ

237 574 393 628 ἄργυρον
423 571 447 615 ἢ
477 576 537 606 καὶ
568 575 672 616 ἕτερα
704 571 780 614 εἴδη
812 574 1064 616 κομισαμένων
1090 572 1138 605 εἰς
1165 569 1427 618 ἀγνωμοσύνην
1456 569 1559 617 ὁρᾶν,
1590 571 1648 605 οἷα
1678 572 1770 616 μήτε
1798 573 1876 606 τῶν
1908 573 2100 617 λαβόντων
2128 575 2333 620 περιόντων
2364 574 2454 619 μήτε

238 619 363 651 αυτιῦν
386 619 464 651 τῶν
488 616 724 663 κληρονόμων
747 615 770 660 ἢ
794 614 977 658 διαδόχων
1000 614 1213 660 δυναμένων
1237 618 1275 656 ἐξ
1297 614 1489 662 ἐγγράφων
1510 615 1730 663 ἐλέγχεσθαι.

1243 727 1400 764 CAPUT
1418 727 1448 764 1.

377 797 489 831 Τοῦτο
524 800 647 830 τοίνυν
679 795 908 840 θεραπεῦσαι
929 794 1189 838 σπουδάζοντες
1213 795 1448 840 θεσπίζομεν,
1480 795 1562 830 τοῦς
1583 796 1676 830 κατὰ
1696 797 1826 830 τούτου
1849 794 2111 840 εὖθυνομένους
2130 797 2195 832 τὸν
2218 798 2355 841 τρόπον
2379 795 2450 844 πρό

234 855 275 889 γε
306 839 459 877 πάντων
485 842 576 886 πρὸς
605 839 648 884 τρ
680 838 801 886 ὀρθὸν
832 839 991 875 συνειδὸς
1021 839 1298 885 ἀποβλέποντας
1329 837 1594 875 ἀνενδοιάστως
1617 838 1805 887 ὁμολογεῖν
1828 841 1876 876 τὰ
1899 841 2062 877 δοθέντα
2086 842 2185 886 παρὰ
2209 843 2286 876 τῶν
2309 841 2453 888 ἄργυρο-

243 888 396 931 πρατιῦν
427 888 592 930 ἐκείνοις,
616 885 671 919 ὡν
702 883 805 919 αὐτοὶ
836 884 1007 928 ὑπῆλθον
1039 885 1085 919 τὰ
1114 883 1247 928 δίκαια,
1275 882 1386 919 ταύτὰ
1413 883 1453 919 δὲ
1472 886 1577 919 τοίτο
1601 889 1664 919 καί
1685 897 1785 920 τινας
1808 887 2000 931 περιόντας
2024 890 2106 931 περὶ
2126 887 2205 920 τοὺς
2229 888 2266 920 ἐκ
2288 888 2351 920 τοῦ
2375 884 2452 920 κατ’

236 929 364 966 αὐτοὺς
387 930 611 975 συστήματος
633 928 815 974 πράττειν.
863 927 954 975 ὅπερ
978 933 1038 964 καὶ
1062 930 1162 974 παρὰ
1186 931 1264 964 τῶν
1289 929 1419 964 ἱκετῶν
1443 927 1700 974 εύθυνομένων
1723 931 1822 975 παρὰ
1847 933 1923 966 τῶν
1947 929 2072 965 αὐτῶν
2096 930 2270 965 διαδι’κων
2284 931 2455 977 γίνεσθαι

236 975 520 1021 προςτάττομεν.
558 973 693 1009 εἰδότος
723 975 889 1017 ἑκατέρου
919 978 1058 1028 μέρους,
1090 973 1139 1009 ὥς
1170 975 1201 1008 εἰ
1232 973 1417 1020 ἐλεγχθείη
1446 973 1468 1018 ἢ
1498 973 1558 1008 διὰ
1589 976 1652 1017 τῆς
1681 977 1759 1009 τῶν
1786 974 2094 1021 ὑπουργησάντων
2147 977 2240 1019 ωνῆς
2262 974 2285 1018 ἢ
2309 974 2368 1009 διὰ
2394 976 2455 1017 τῆς

235 1023 312 1054 τῶν
335 1017 543 1067 ἡμερησίων
566 1022 812 1065 καταγραφῶν
834 1017 926 1064 μεθ’
949 1018 1056 1064 ὅρκου
1078 1022 1267 1064 γινομένης
1288 1021 1498 1066 προαγωγῆς
1521 1018 1544 1062 ἢ
1569 1016 1613 1053 δι’
1639 1018 1744 1063 ἄλλης
1767 1022 1865 1054 τινὸς
1890 1021 2012 1064 ἱκανῆς
2033 1021 2106 1056 ἀπο
2131 1022 2260 1063 είξεως,
2281 1022 2320 1054 ἐν
2337 1018 2453 1062 διπλῷ

235 1065 271 1099 οἱ
292 1063 585 1112 ἀγνωμονοῦντες
607 1063 895 1107 καταθήσουσιν,
919 1061 1013 1111 ἅπερ
1038 1063 1165 1099 δολίως
1187 1067 1247 1097 καὶ
1271 1063 1362 1099 κατὰ
1385 1062 1647 1111 ἀγνωμοσύνην
1670 1063 1844 1110 ἠρνοῦντο
1864 1064 1887 1109 ἢ
1910 1067 2108 1112 κρύψαντες
2131 1063 2154 1109 ἢ
2171 1067 2310 1113 γνῶναι
2331 1065 2374 1100 τὸ
2390 1064 2454 1098 τοῦ

235 1110 443 1156 πράγματος
464 1108 596 1153 ἀληθὲς
618 1106 868 1153 ἀμελήσαντες.

1238 1175 1393 1212 CAPUT
1416 1175 1462 1212 Π.

372 1243 551 1289 Δεύτερον
583 1240 668 1287 ἡμῖν
699 1242 799 1288 παρὰ
831 1245 909 1278 τῶν
933 1245 971 1277 ἐκ
993 1244 1059 1276 τοῦ
1084 1240 1194 1277 αὐτοῦ
1219 1245 1297 1277 τῶν
1321 1241 1609 1290 ἆργυροπρατῶν
1632 1246 1834 1287 σωματείου
1858 1241 2041 1288 ἇνηνέχθη
2065 1243 2272 1289 κεφάλαιον,
2297 1242 2384 1279 ὥςτε
2406 1244 2455 1289 μὴ

237 1288 511 1336 ἀναγκάζεσθαι
542 1285 669 1322 αὐτοὺς
698 1291 777 1323 ταῖς
808 1291 1091 1334 προφερομέναις
1122 1286 1206 1334 παρ’
1234 1285 1358 1322 αὐτῶν
1385 1290 1463 1322 τῶν
1486 1287 1744 1322 συναλλακτιῦν
1769 1286 1969 1334 ὁμολογίαις
1993 1288 2016 1332 ἢ
2039 1293 2240 1325 πιττακίοις
2262 1287 2284 1333 ἢ
2308 1290 2455 1335 λογοθε-

236 1339 324 1369 σίοις
355 1336 398 1380 τῇ
429 1336 578 1367 ἐκείνων
605 1336 865 1379 καταγραφεῖσι
893 1338 992 1378 χειρί,
1027 1333 1103 1366 εἶτα
1138 1331 1473 1378 ἆμφιβαλλομένοις,
1505 1331 1566 1366 διὰ
1598 1334 1658 1375 τῆς
1682 1335 1758 1367 τῶν
1782 1332 1964 1379 ἀγοραίων
1988 1333 2217 1378 συμβολαίων
2241 1338 2455 1380 συγκρίσεως

235 1379 303 1422 τὴν
335 1383 461 1413 πίστιν
493 1378 721 1419 ἐπιτιθέναι,
750 1377 809 1412 διὰ
838 1378 881 1412 τὸ
913 1379 956 1412 τὸ
981 1374 1059 1412 κατ’
1086 1375 1215 1412 αὐτοὺς
1239 1377 1403 1421 σύστημα
1427 1376 1570 1412 πολλοῖς
1592 1381 1668 1420 μέν,
1699 1377 1857 1421 μάλιστα
1883 1377 1923 1412 δὲ
1945 1382 2016 1413 τοῖς
2040 1377 2220 1426 εύγενέσιν
2242 1375 2455 1424 άνθρώποις

236 1423 432 1468 πιστεύειν,
463 1423 513 1467 μὴ
544 1419 767 1466 ἀνεχομένοις
795 1424 842 1457 τὰ
866 1423 1007 1457 ἑαυτῶν
1031 1421 1314 1465 δημοσιεύεσθαι
1339 1421 1619 1468 συναλλάγματα
1642 1421 1665 1464 ἢ
1689 1423 1756 1464 τὴν
1779 1426 1856 1457 τῶν
1881 1424 2023 1457 οἰκείων
2046 1425 2262 1469 περιουσιῶν
2283 1425 2454 1469 φανεροί·-

236 1470 329 1504 σθαι
361 1469 598 1510 κατάστασιν,
631 1471 690 1501 καὶ
721 1467 959 1511 βουλομένοις,
993 1465 1040 1501 ὥς
1063 1465 1165 1510 εἰκός,
1195 1470 1268 1501 τοῖς
1292 1468 1437 1508 ἔξωθεν
1459 1470 1625 1511 μείζονας
1648 1466 1670 1510 ἢ
1694 1466 1887 1502 ἐλάττονας
1910 1469 2121 1512 φαίνεσθαι,
2146 1467 2237 1502 ἀλλὰ
2260 1470 2389 1514 χρῆναι
2410 1468 2456 1502 τὰ

235 1513 413 1560 γενόμενα
445 1514 491 1547 εἰς
524 1511 652 1546 αὐτοὺς
683 1510 864 1557 ἰδιόχειρα,
896 1512 998 1547 καθὰ
1026 1513 1173 1557 εἴρηται,
1201 1513 1396 1558 γράμματα
1418 1512 1486 1555 τὴν
1507 1512 1591 1555 ἴσην
1615 1514 1692 1545 ’τῶν
1716 1510 1895 1559 ἀγοραίων
1919 1513 2150 1558 συμβολαίων
2175 1512 2327 1558 δύναμιν
2350 1517 2453 1555 ἔχειν.

236 1561 256 1594 l
304 1561 377 1591 Καὶ
410 1560 449 1592 ἐν
479 1556 599 1600 τούτῳ
627 1561 753 1591 τοίνυν
785 1554 883 1600 ἡμεῖς
906 1555 991 1592 ὁδόν
1014 1571 1098 1590 τινα
1121 1560 1234 1601 μέσην
1257 1555 1477 1601 βαδίζοντες,
1503 1556 1594 1603 ᾑπερ
1617 1561 1675 1590 καὶ
1697 1557 1778 1591 τοῖς
1802 1556 2070 1604 ἀργυροπράτας
2092 1558 2185 1592 κατὰ
2205 1560 2279 1592 τῶν
2299 1559 2360 1592 ἐπὶ
2382 1560 2454 1592 τοῖς

235 1601 409 1638 τοιούτοις
437 1602 641 1648 κεφαλαίοις
672 1600 849 1636 διαδίκων
871 1605 931 1636 καὶ
955 1597 1063 1635 αὖθις
1087 1603 1239 1635 ἐκείνους
1263 1602 1338 1635 κατ’
1366 1599 1490 1636 αὐτῶν
1512 1600 1724 1646 βουλόμεθα
1747 1602 1967 1648 χρήσασθαι,
1992 1603 2225 1647 θεσπίζομεν,
2250 1603 2280 1637 εἰ
2303 1603 2455 1637 τοιαῦτα

236 1652 478 1693 προφέρουσιν
502 1644 674 1691 ἰδιόχειρα
693 1648 771 1680 τῶν
795 1646 1099 1687 συναλλαξάντων
1121 1648 1324 1692 γράμματα,
1346 1644 1439 1691 ἅπερ
1462 1647 1485 1689 ἢ
1509 1644 1626 1688 αὐτός,
1649 1645 1788 1680 οὗτινος
1811 1647 1902 1681 εἶναι
1927 1647 2073 1694 λέγεται,
2099 1648 2124 1691 ἢ
2144 1647 2180 1681 οἱ
2202 1643 2312 1682 αὐτοῦ
2333 1646 2454 1692 κληρο-

235 1695 340 1735 νόμοι
372 1706 411 1726 τε
442 1695 502 1725 καὶ
535 1690 696 1734 διάδοχοι
727 1689 769 1725 οὗ
801 1689 978 1726 δύνανται
1007 1689 1099 1736 μεθ’
1127 1689 1234 1735 ὅρκου
1265 1689 1400 1726 δόσεως
1427 1688 1719 1734 ἀπαρνήσασθαι
1751 1691 1810 1725 οἷα
1833 1689 1918 1737 παρ’
1945 1694 2079 1726 ἐκείνου
2101 1692 2317 1739 γεγράφθαι,
2341 1693 2454 1736 οὗπερ

237 1736 354 1779 ὄνομα
386 1740 543 1781 φέρουσι,
573 1736 644 1779 τὴν
675 1733 896 1782 ἇναργυρίαν
921 1736 971 1780 μὴ
993 1735 1292 1782 προβαλλόμενοι,
1315 1733 1402 1770 ἀλλὰ
1427 1739 1486 1769 καὶ
1508 1734 1681 1779 δυνηθείη
1702 1737 1792 1781 πρὸς
1816 1738 1953 1771 τούτοις
1976 1735 1995 1771 ὁ
2021 1734 2290 1783 ἆργυροπράτης
2313 1738 2351 1777 ἐξ
2374 1735 2453 1783 ἆγο-

237 1786 339 1824 ραιόυ
362 1785 605 1826 γραμματείου
629 1780 671 1814 τὸ
699 1782 877 1826 ἔγγραφον
901 1779 1176 1821 πιστώσασθαι,
1200 1779 1222 1822 ἢ
1245 1778 1354 1814 αὐτὸς
1382 1782 1448 1822 μὲν
1471 1779 1598 1814 τούτου
1622 1780 1950 1826 κατολιγωρὴσειεν,
1975 1781 1995 1814 ὁ
2021 1780 2060 1815 δὲ
2077 1779 2324 1825 ‹immanes-pi]
2350 1779 2453 1824 δυνη-

237 1826 322 1868 θείη
347 1827 386 1859 ἐκ
409 1827 471 1868 τῆς
495 1823 603 1858 ἄλλου
630 1821 800 1870 ἀγοραίου
824 1829 1038 1870 συγκρίσεως
1061 1823 1199 1869 ἐλέγξαι
1222 1824 1265 1858 τὸ
1289 1822 1430 1869 ψεῦδος,
1454 1826 1652 1866 τηνικαῦτα
1668 1827 1705 1858 ἐκ
1720 1827 1797 1859 τῶν
1813 1824 2100 1871 ὡμολογημένων
2115 1830 2174 1859 καὶ
2191 1823 2454 1870 ἀναμφιβόλων

236 1874 297 1903 καὶ
326 1871 370 1916 τῇ
401 1871 479 1903 τῶν
508 1868 705 1915 μαρτύρων
735 1868 875 1915 ὑπογρα
906 1871 927 1915 ᾗ
955 1873 1118 1912 βεβαίων
1142 1867 1343 1914 ἰδιοχείρων
1365 1868 1598 1914 συμβολαίων
1622 1869 1709 1913 πρὸς
1731 1869 1778 1903 τὰ
1802 1872 1901 1914 παρὰ
1924 1872 2001 1903 τῶν
2025 1868 2310 1916 άργυροπρατιῦν
2333 1867 2356 1913 ἢ
2376 1867 2452 1904 κατ’

238 1912 362 1948 αὐτῶν
386 1912 641 1960 προφερόμενα
663 1914 742 1948 τῶν
764 1913 875 1948 συναλ
900 1914 1069 1955 αξοίντων
1092 1911 1263 1959 ἰδιόχειρα
1285 1913 1482 1961 γράμματα
1504 1913 1572 1957 τὴν
1596 1914 1782 1959 σύγκρισιν
1806 1915 1977 1959 γίνεσθαι
2000 1918 2059 1949 καὶ
2083 1915 2175 1949 εἶναι
2199 1913 2290 1950 αὐτὰ
2311 1918 2455 1960 βέβαια,

236 2085 382 2117 nostrae
406 2078 550 2115 adversi
570 2079 728 2120 eveniat;
752 2089 873 2113 verum
896 2077 929 2112 si
952 2081 1017 2113 aut
1038 2088 1159 2112 rerum
1182 2076 1421 2112 humanarum
1446 2077 1624 2113 instabilis
1646 2081 1780 2113 natura
1803 2081 1868 2113 aut
1891 2078 2032 2114 divinae
2056 2079 2249 2116 voluntatis
2264 2082 2452 2116 commotio

236 2126 402 2161 humanis
431 2123 538 2158 malis
566 2124 690 2166 instat,
721 2123 873 2168 beniqne
903 2122 1040 2167 inflicta
1064 2122 1214 2158 caelitus
1234 2122 1426 2165 castigatio
1450 2122 1707 2167 imperatoriae
1723 2122 1978 2169 providentiae
2000 2126 2035 2158 et
2058 2124 2286 2170 beniqnitatis
2310 2127 2452 2161 occasio

232 2172 285 2216 fit.
333 2169 438 2213 Quod
468 2168 575 2203 etiam
605 2167 674 2202 lioc
706 2171 865 2213 tempore
888 2167 1030 2208 accidit,
1063 2178 1178 2212 neque
1201 2167 1276 2202 indi
1302 2171 1338 2202 et
1360 2167 1599 2213 expositione.
1648 2167 1778 2202 Mortis
1801 2168 1893 2204 enim
1914 2168 2116 2213 periculum
2133 2180 2205 2215 per
2228 2170 2348 2205 omnia
2372 2171 2453 2206 loca

234 2218 481 2262 propaqatum
512 2213 646 2248 nemini
674 2213 915 2248 necessarium
945 2212 1066 2247 reddit
1094 2211 1186 2247 illud
1216 2223 1263 2246 au
1291 2211 1359 2253 ire,
1392 2211 1492 2257 quod
1523 2212 1768 2257 unusquisque
1791 2223 1928 2258 passus
1957 2217 2020 2248 est.
2069 2213 2200 2259 Itaque
2230 2225 2310 2250 cum
2339 2215 2453 2250 multa

236 2261 344 2306 quasi
371 2270 420 2294 ex
450 2257 645 2303 improviso
675 2257 885 2299 inciderint,
916 2268 1010 2302 quae
1032 2267 1107 2291 non
1136 2256 1251 2302 facile
1282 2261 1421 2303 tempus
1451 2256 1553 2291 aliud
1581 2257 1802 2299 indimissa,
1833 2258 1896 2303 qui
1924 2258 1962 2292 in
1985 2257 2139 2303 colleqio
2164 2259 2454 2304 arqentariorum

235 2307 466 2340 recenseretur
488 2313 556 2337 nos
578 2302 758 2344 adierunt,
782 2302 939 2337 dicentes
962 2301 1109 2337 heredes
1132 2300 1327 2336 nonnullos
1351 2312 1394 2336 ac
1416 2311 1640 2337 successores
1664 2302 1904 2347 quorundam,
1928 2303 1992 2347 qui
2012 2303 2089 2338 sine
2103 2303 2250 2355 scriptis
2265 2303 2309 2338 ab
2326 2315 2453 2349 arqen-

237 2350 341 2385 tariis
365 2358 493 2382 aurum
517 2350 582 2382 aut
602 2347 710 2382 etiam
735 2350 926 2392 arqentum
950 2350 1016 2381 aut
1038 2347 1144 2382 etiam
1168 2346 1262 2381 alias
1284 2346 1422 2391 species
1445 2347 1677 2391 accepissent,
1709 2346 1758 2381 ad
1780 2347 2062 2382 malevolentiam
2087 2352 2187 2390 verti,
2220 2348 2320 2394 quod
2339 2359 2454 2394 neque

236 2394 299 2440 qui
322 2393 527 2438 acceperint
549 2396 779 2437 superessent
800 2401 915 2436 neque
939 2391 1010 2437 ipsi
1032 2390 1180 2426 heredes
1203 2390 1259 2426 vel
1278 2401 1502 2426 successores
1525 2401 1574 2426 ex
1596 2391 1744 2437 scriptis
1767 2392 1928 2427 convinci
1948 2396 2108 2437 possent.

370 2437 398 2472 Ι.
432 2436 530 2471 Huic
553 2437 666 2481 iqitur
687 2437 743 2471 rei
766 2436 899 2471 mederi
922 2435 1104 2470 studentes
1126 2436 1316 2476 sancimus,
1341 2440 1380 2469 ut
1397 2436 1461 2480 qui
1473 2435 1543 2470 lioc
1557 2435 1664 2470 modo
1681 2437 1719 2470 in
1734 2436 1902 2471 iudicium
1917 2437 2038 2471 vocati
2052 2440 2147 2479 sunt,
2171 2441 2255 2472 ante
2271 2438 2391 2472 omnia
2404 2437 2454 2473 ad

235 2486 369 2519 rectam
401 2481 655 2516 conscientiam
687 2484 891 2526 spectantes
921 2480 1165 2515 indubitanter
1195 2480 1447 2522 confiteantur,
1479 2491 1573 2525 quae
1596 2481 1640 2515 ab
1673 2482 1892 2526 arqentariis
1922 2481 1995 2516 iltis
2018 2481 2090 2517 sint
2113 2482 2212 2523 data,
2237 2482 2273 2517 in
2298 2493 2452 2527 quorum

236 2530 318 2563 iura
349 2529 607 2566 successerunt,
637 2525 801 2571 idemque
831 2526 938 2561 etiam
969 2525 1181 2571 superstites
1210 2524 1358 2570 quidam
1379 2524 1423 2560 de
1445 2526 1497 2559 eis
1521 2525 1586 2570 qui
1607 2535 1656 2560 ex
1680 2526 1841 2571 ipsorum
1864 2530 1950 2560 sunt
1972 2525 2123 2572 colleqio
2146 2527 2300 2571 faciant.
2349 2525 2455 2568 Quod

235 2575 342 2608 etiam
374 2582 397 2606 a
427 2570 660 2616 supplicibus,
691 2580 771 2605 cum
801 2570 847 2605 ab
886 2569 1106 2605 adversariis
1145 2569 1222 2604 suis
1259 2569 1296 2603 in
1334 2569 1391 2604 ius
1428 2574 1614 2611 vocantur,
1643 2570 1732 2614 fieri
1759 2569 1926 2605 iubemus.
1975 2569 2116 2606 Sciente
2147 2575 2301 2616 utraque
2333 2575 2452 2617 parte,

235 2619 267 2652 si
297 2620 361 2651 aut
390 2616 637 2650 ministrorum
671 2614 874 2650 testimonio
906 2619 970 2649 aut
993 2614 1193 2649 diariorum
1216 2613 1423 2660 prolatione
1443 2623 1523 2649 cum
1546 2614 1780 2649 iureiurando
1803 2614 1908 2660 facta
1932 2620 1995 2650 aut
2018 2615 2143 2661 aliqua
2166 2615 2452 2661 idoneaproba-

237 2664 332 2697 tione
356 2660 600 2701 convincatur,
624 2659 808 2704 improbos
828 2659 975 2705 duplum
1001 2659 1087 2700 eius,
1108 2658 1207 2704 quod
1226 2658 1483 2703 fraudulenter
1506 2663 1542 2694 et
1564 2658 1724 2704 improbe
1745 2660 1966 2705 neqaverint,
1991 2660 2177 2695 soluturos
2198 2671 2285 2702 esse,
2310 2660 2384 2695 sive
2398 2660 2453 2696 rei

235 2707 420 2742 veritatem
445 2704 705 2740 occultaverint
726 2704 799 2739 sive
823 2714 1040 2749 coqnoscere
1063 2703 1302 2749 neqleccerint.

369 2750 417 2784 II.
464 2749 624 2784 Alterum
648 2749 699 2783 ad
720 2759 786 2783 nos
809 2748 853 2782 ab
877 2748 999 2783 eodem
1022 2747 1313 2793 arqentariorum
1331 2758 1482 2791 corpore
1499 2747 1652 2782 relatum
1675 2751 1730 2784 est
1753 2751 1873 2793 caput,
1901 2759 1946 2782 ne
1969 2749 2230 2794 compellantur
2246 2749 2407 2793 prolatis
2429 2760 2452 2783 a

234 2807 273 2831 se
307 2799 553 2829 contractuum
590 2793 877 2838 confessionibus
911 2797 974 2828 aut
1007 2793 1137 2828 tabulis
1167 2796 1229 2826 aut
1260 2792 1463 2826 ratiociniis
1493 2792 1637 2827 illorum
1669 2803 1778 2827 manu
1811 2793 2043 2839 conscriptis,
2079 2793 2206 2828 deinde
2238 2795 2274 2827 in
2307 2793 2452 2827 dubium

235 2840 383 2880 vocatis,
409 2849 482 2884 per
506 2837 736 2883 publicorum
766 2838 1080 2873 instrumentorum
1112 2837 1337 2872 collationem
1363 2837 1472 2880 fidem
1501 2837 1696 2883 imponere,
1726 2841 1923 2883 propterea
1955 2836 2052 2883 quod
2074 2838 2236 2883 ipsorum
2261 2837 2451 2883 colleqium

235 2884 357 2919 multis
387 2890 423 2918 et
447 2883 647 2928 praecipue
676 2882 852 2918 nobilibus
882 2881 1085 2917 hominibus
1107 2881 1244 2924 credat,
1277 2882 1342 2926 qui
1368 2887 1577 2916 contractus
1606 2892 1693 2916 suos
1710 2882 1895 2928 publicari
1918 2888 1983 2917 aut
2004 2892 2124 2916 rerum
2147 2892 2295 2916 suarum
2318 2886 2451 2917 statum

234 2929 467 2973 manifestum
495 2927 575 2972 lieri
607 2938 680 2961 non
709 2928 902 2972 patiantur
931 2927 1142 2972 malintque,
1170 2930 1210 2961 ut
1233 2929 1508 2961 consentaneum
1532 2929 1595 2968 est,
1626 2927 1812 2962 extraneis
1835 2926 1990 2961 maiores
2013 2937 2121 2972 quam
2145 2926 2302 2961 minores
2326 2926 2450 2967 videri,

234 2973 298 3009 sed
337 2976 376 3007 ut
414 2970 679 3049 cltirolqraplia,
728 2977 770 3006 ut
806 2971 940 3006 dictum
979 2975 1050 3013 est,
1088 2971 1157 3006 sibi
1198 2970 1334 3006 tradita
1373 2970 1522 3005 eandem
1558 2982 1666 3016 quam
1699 2971 1844 3017 publica
1881 2972 2116 3006 instrumenta
2152 2970 2220 3006 vim
2255 2971 2449 3006 obtineant.

233 3021 255 3053 1
303 3016 424 3052 Etiam
448 3017 485 3050 in
521 3026 576 3050 toc
599 3016 712 3061 iqitur
735 3016 886 3051 mediam
910 3027 977 3051 nos
1000 3016 1182 3061 quandam
1206 3016 1299 3051 viam
1319 3015 1484 3060 inqressi,
1510 3026 1583 3060 qua
1598 3020 1633 3050 et
1648 3016 1880 3060 arqentarios
1897 3015 2069 3051 adversus
2083 3026 2156 3056 eos,
2181 3017 2244 3060 qui
2261 3015 2304 3050 de
2319 3015 2450 3050 talibus

234 3063 340 3098 rebus
363 3062 458 3096 litem
483 3061 682 3102 movebunt,
706 3065 740 3095 et
762 3071 890 3095 rursus
913 3060 997 3096 illos
1020 3060 1192 3096 adversus
1215 3059 1281 3095 llos
1303 3061 1359 3094 uti
1380 3060 1553 3101 volumus,
1577 3061 1769 3100 sancimus,
1792 3061 1827 3094 si
1848 3060 1938 3095 tales
1961 3058 2214 3105 autoqrapleae
2237 3059 2448 3094 contraben-

236 3107 329 3142 tium
353 3106 493 3141 litterae
542 3106 767 3150 roferantur,
791 3115 883 3151 quas
906 3110 970 3140 aut
992 3106 1082 3151 ipse,
1107 3105 1208 3140 cuius
1231 3114 1307 3140 esse
1330 3104 1510 3144 dicuntur,
1530 3109 1594 3140 aut
1613 3105 1728 3150 ipsius
1752 3104 1899 3139 heredes
1921 3114 2186 3140 successoresve
2209 3115 2282 3139 non
2290 3109 2451 3150 possunt

233 3151 467 3186 iureiurando
524 3155 584 3184 ato
615 3160 750 3195 neqare
781 3149 825 3185 ab
855 3150 931 3191 illo,
961 3151 1063 3185 cuius
1083 3160 1176 3196 prae
1199 3160 1238 3185 se
1261 3159 1388 3184 nomen
1410 3150 1549 3193 ferunt,
1571 3150 1729 3196 scriptas
1752 3160 1838 3191 esse,
1863 3159 1936 3184 non
1960 3154 2169 3184 numeratae
2189 3149 2363 3194 pecuniae
2387 3159 2448 3183 ex·

234 3196 433 3242 ceptionem
462 3205 535 3229 non
568 3206 614 3240 op
645 3198 803 3236 onerates,
834 3195 900 3229 sed
928 3195 1076 3240 insuper
1106 3195 1213 3230 etiam
1239 3195 1470 3239 arqentarius
1494 3193 1643 3239 publico
1668 3194 1903 3228 instrumento
1927 3193 2064 3239 scripta
2088 3193 2303 3237 confirmare
2319 3194 2448 3239 possit,

235 3244 299 3274 aut
322 3241 398 3285 ipse
422 3239 563 3284 quidem
587 3241 601 3274 i
647 3239 821 3284 neqliqat,
846 3239 1077 3274 adversarius
1099 3250 1184 3274 vero
1208 3249 1258 3274 ex
1281 3238 1431 3273 alterius
1446 3238 1589 3283 publici
1614 3238 1744 3284 scripti
1757 3238 2031 3284 comparatione
2043 3238 2213 3283 fraudem
2228 3237 2450 3282 redarquere

234 3289 399 3328 nequeat,
433 3290 517 3318 tunc
545 3295 594 3319 ex
623 3285 730 3319 certis
760 3288 796 3318 et
826 3284 1036 3319 indubitatis
1057 3287 1094 3319 et
1117 3285 1255 3319 testium
1278 3283 1541 3328 subscriptione
1563 3283 1785 3328 confirmatis
1808 3281 2048 3328 azitoqrapltis
2072 3282 2293 3317 documentis
2323 3281 2373 3316 ad
2394 3293 2449 3324 ea,

235 3339 328 3372 quae
351 3328 395 3363 ab
421 3329 641 3373 arqentariis
662 3332 726 3364 aut
749 3333 878 3364 contra
902 3339 962 3364 eos
982 3329 1228 3374 proferuntur
1251 3326 1536 3363 contrahentium
1560 3326 1818 3374 cMmqraptca,
1843 3328 2066 3373 comparatio
2088 3327 2156 3372 fiat
2178 3330 2213 3362 et
2235 3326 2345 3371 firma
2362 3325 2451 3361 llaec

281 3495 300 3526 3
322 3501 440 3536 pestem
466 3496 544 3527 ‘mni
567 3495 631 3528 541
656 3495 822 3538 quniftffll
839 3494 852 3537 ΙΙ
869 3496 889 3528 8
912 3491 1137 3538 μηδὲ-μηδὲ
1149 3496 1200 3536 Μ
1224 3507 1307 3528 ⁶⁰²⁹?-
1375 3495 1473 3536 vulo„
1497 3494 1546 3537 μὴ
1566 3496 1648 3529 coni.
1674 3496 1860 3529 Zachariae
1882 3508 2063 3539 perperam,
2085 3496 2167 3529 idem
2192 3494 2347 3528 excidisse
2370 3504 2447 3525 non-

236 3537 336 3570 Kroll
357 3537 370 3581 ΙΙ
400 3540 420 3571 9
453 3536 630 3582 ἀγράφων
655 3551 722 3571 cum
747 3540 931 3582 Scrimqero
955 3541 1039 3583 vuly.
1067 3539 1080 3584 ΙΙ
1113 3541 1152 3573 13
1177 3538 1308 3573 ἱκετῶν
1375 3540 1465 3573 nulla
1491 3541 1561 3573 sine
1589 3553 1689 3574 causa
1719 3542 1831 3574 statuit
1861 3541 1874 3585 ss
1906 3542 1949 3574 30
1977 3538 2140 3585 ἄγραφον
2170 3550 2238 3571 cum
2263 3537 2446 3580 Scrimqero

237 3582 434 3622 Zachariae]
465 3583 616 3615 οἰκετῶν
640 3584 683 3616 Μ
710 3583 721 3626 ΙΙ
750 3585 793 3617 14
821 3583 944 3627 φωνῆς
966 3597 1024 3617 om.
1050 3585 1098 3617 M
1106 3597 1171 3626 pr„
1198 3586 1304 3618 adscr.
1374 3583 1778 3630 υιι19.ΙΙκατολιγωρίσει
1802 3587 1852 3628 M,
1876 3598 1958 3619 corr.
1983 3586 2080 3618 Kroll
2096 3584 2108 3627 ΙΙ
2132 3585 2174 3617 32
2197 3583 2360 3624 βεβαίων
2385 3594 2443 3614 om.

238 3625 299 3674 11ζῖ
322 3633 356 3674 ut
379 3628 442 3658 vid.
475 3628 486 3668 ΙΙ
517 3629 556 3660 19
582 3630 886 3671 προσφερομέναις
912 3629 960 3670 Μ,
982 3641 1064 3661 corr.
1089 3630 1190 3662 Kroll
1214 3628 1227 3673 ΙΙ
1262 3630 1305 3662 24
1374 3629 1418 3662 Μ
1435 3642 1500 3672 pr„
1524 3643 1686 3672 suprascr.
1708 3631 1751 3663 Μ
1754 3630 1768 3649 ²
1783 3638 1817 3663 ut
1830 3632 1909 3671 vid]
1927 3629 2198 3672 βεβαιουμένων
2213 3626 2294 3658 coni.
2313 3625 2444 3658 Zacha-

236 3678 364 3700 αυτους
381 3670 577 3711 Zachariae]
604 3668 692 3703 αὐτὰ
710 3673 751 3704 Μ
767 3677 777 3714 {1
795 3674 836 3706 29
862 3675 932 3713 καὶ]
950 3668 1019 3706 κᾶν
1036 3686 1102 3706 cum
1119 3674 1303 3717 Scrimyero
1334 3695 1339 3715 ,
1372 3675 1443 3707 riae
1460 3673 1472 3717 ΙΙ
1490 3675 1531 3707 33
1557 3672 1741 3719 σύγκρισιν
1765 3687 1822 3710 om.
1848 3676 1879 3711 in
1905 3676 1965 3707 lac.
1990 3673 2113 3719 Mpr.‚
2138 3671 2215 3704 add.
2234 3669 2297 3705 M²
2320 3677 2353 3703 ut
2374 3671 2440 3703 vid.

2482 802 2520 834 10

2482 1026 2521 1057 15

2479 1340 2520 1372 20

2478 1787 2520 1819 30
