2586 3990
1197 147 1217 168 L.

123 161 170 191 m
201 159 340 191 numo
371 159 487 191 L1T1s
515 159 606 191 NON
634 161 756 191 Fiam
1194 145 1276 193 029
1950 148 2057 191 Nov.
2076 147 2215 191 CXIII
2242 161 2302 203 pr.
2330 150 2343 189 1

1275 260 1423 303 festam,
1449 263 1488 295 ut
1507 270 1627 296 omnes
1653 269 1695 294 ea
1716 269 1806 304 quae
1830 270 1893 303 pro
1915 269 2037 294 eorum
2059 260 2210 295 utilitate
2232 259 2350 295 sanxi-

1273 316 1350 340 mus
1376 317 1397 340 a
1421 317 1459 341 se
1483 305 1715 341 custodienda
1742 310 1969 347 cognoscant.

174 350 262 394 <dat
282 361 332 385 1v.
358 350 405 386 id.
425 350 521 393 Sept.
542 350 610 385 GP.
633 350 718 394 imp.
741 351 799 386 dn.
822 350 1009 386 Iustiniani
1033 361 1091 395 pp.
1111 351 1202 394 Aug.
1330 351 1412 386 Dat.
1430 362 1484 386 111.
1508 351 1553 385 id.
1575 350 1667 395 Sept.
1691 350 1759 384 ΟΡ.
1784 350 1866 394 imp.
1893 351 1950 384 dn.
1968 350 2157 385 Iustiniani
2182 361 2240 394 pp.
2258 349 2350 393 Aug.

119 404 212 431 anno
236 395 314 431 XV.
339 394 472 430 Basilio
496 406 549 430 vo.
575 396 691 439 cons.)
1185 399 1229 438 [a.
1245 399 1321 438 541]
1381 407 1475 431 anno
1499 396 1577 432 XV.
1605 395 1735 430 Basilio
1761 406 1791 430 v.
1808 405 1837 429 c.
1866 405 1962 430 cons.

1649 564 1776 599 CXIII.
1825 564 1935 599 Auth.
1947 564 2019 599 CX.
2047 564 2132 598 Coll.
2146 564 2230 599 VIII
2244 565 2295 599 tit.
2310 567 2345 599 11

1584 631 1623 676 Rc
1653 631 1705 666 IN
1729 631 1886 666 MEDIO
1912 631 2036 665 LITIS

1301 677 1401 711 NON
1427 676 1561 711 FIERI
1586 676 1767 711 SAORAS
1793 677 1989 711 FORMAS
2014 676 2110 710 AUT
2133 676 2313 711 SACRAS

1302 721 1565 763 IUSSIONES‚
1600 721 1692 755 SED
1726 721 1987 757 SECUNDUM
2019 721 2311 756 GENERALES

1482 767 1641 802 LEGES
1668 766 1828 802 DIRIMI
1852 767 2071 804 NEGOTIA
2103 768 2141 813 [ξι

628 557 694 599 ῆι*
1237 568 1256 599 5

115 634 152 667 Η
187 631 423 670 ΔΙΑΤΑΞΙΣ
461 633 596 666 ΩΣΤΕ
632 635 695 667 ΕΝ
731 634 892 667 ΜΕΣΩῙ
928 633 1081 667 ΔῙΚΗΣ
1118 635 1200 667 ΜΗ

115 679 346 712 ΓΙΝΕΣΘΑΙ
380 679 566 712 θΕΙΟΥΣ
605 680 817 712 ΤΥΠΟΥΣ
852 680 889 712 H
925 680 1074 712 θΕΙΑΣ
1111 680 1197 713 ΚΕ-

113 724 348 765 ΛΕΥΣΕΙΣ,
398 724 530 758 ΑΛΛΑ
569 724 718 758 ΚΑΤΑ
764 724 904 758 ΤΟΥΣ
942 724 1198 757 ΓΕΝΙΚΟΥΣ

113 770 331 803 ΝΟΜΟΥΣ
349 770 646 803 ΤΕΜΝΕΣΘΑΙ
665 771 768 803 ΤΑΣ
785 769 1079 803 ΥΠΟΘΕΣΕΙΣ.
1105 770 1197 802 ΚΑΙ

114 815 249 848 ΩΣΤΕ
275 815 382 848 ΤΗΝ
404 815 679 848 ΠΑΡΟΥΣΑΝ
704 813 941 851 ΔΙΑΤΑΞΙΝ
966 815 1065 847 ΠΡΟ
1092 815 1197 847 ΤΗΣ
1215 816 1252 846 10

114 860 218 894 ΤΩΝ
253 861 531 894 ΠΡΟΣΩΠΩΝ
565 860 892 894 ΒΕΒΑΙΩΣΕΩΣ
927 860 1196 893 ΕΝΤΑΤΤΕ-

293 907 413 939 ΣΘΑΙ
444 906 566 939 ΤΟΙΣ
589 905 1013 939 ΠΡΑΤΤΟΜΕΝΟΙΣ.

134 957 193 1005 (Ὁ
216 957 325 994 αὐτὸς
348 958 515 1004 βασιλεὺς
541 957 709 1002 Θεοδότῳ
739 958 884 1003 ἐπάρχῳ
909 959 1174 1005 πραιτωρίων.)

1552 959 1648 994 Idem
1672 960 1762 1003 Aug.
1789 959 1975 996 Theodoto
2000 971 2061 1004 pp.

156 1028 463 1074 (Προοίμιον.)
510 1025 640 1061 Πάντα
661 1026 752 1060 κατὰ
768 1026 849 1059 τοὺς
864 1024 1051 1070 ἡμετέρους
1069 1026 1198 1070 νόμους
1333 1026 1491 1071 <Praef
1498 1027 1624 1071 atio.)
1683 1027 1809 1062 Omnia
1845 1027 2038 1062 secundum
2075 1029 2216 1061 nostras
2252 1025 2346 1069 leges

112 1073 345 1116 πράττεσθαι
369 1071 580 1116 βουλόμενοι
612 1075 671 1106 καὶ
694 1071 763 1113 τὴν
786 1071 930 1105 τούτων
954 1070 1110 1115 δύναμιν
1134 1086 1195 1118 ‹pv-
1213 1074 1252 1106 15
1267 1071 1324 1114 agi
1339 1072 1497 1106 volentes
1523 1076 1558 1106 et
1573 1073 1700 1107 harum
1718 1074 1881 1108 virtutem
1906 1073 2038 1108 servari
2062 1071 2245 1108 studentes
2264 1081 2345 1114 per-

112 1117 316 1152 λάττεσθαι
333 1115 596 1159 σπουδάζοντες
612 1114 822 1160 συνείδομεν
838 1117 905 1150 τὸν
925 1118 1094 1162 παρόντα
1111 1116 1194 1164 γρά-
1266 1116 1446 1160 speximus
1488 1120 1712 1161 praesentem
1752 1119 1907 1154 scribere
1946 1119 2057 1161 legem
2099 1118 2144 1152 ad
2186 1117 2345 1160 ipsarum

112 1175 180 1208 ψαι
201 1163 316 1206 ’νόμον
329 1164 376 1196 εἰς
392 1164 460 1205 τὴν
473 1160 596 1196 αὐτῶν
609 1163 685 1196 τῶν
698 1161 824 1205 νόμων
837 1162 997 1207 τήρησιν.
1035 1164 1196 1208 ἔγνωμεν
1264 1162 1379 1204 legum
1397 1163 1690 1198 observationem.
1727 1164 1942 1207 Agnovimus
1961 1164 2061 1206 enim,
2085 1162 2251 1207 quoniam
2269 1161 2344 1206 qui-

111 1209 180 1254 γὰρ
204 1205 252 1242 ὥς
275 1220 369 1242 τινες
391 1210 468 1242 τῶν
484 1206 668 1242 δικαστῶν
683 1206 895 1251 βουλόμενοι
911 1207 993 1241 τοὺς
1007 1208 1071 1241 τὰς
1095 1206 1194 1241 δίκας
1264 1207 1343 1242 dam
1376 1207 1533 1242 iudicum
1565 1209 1725 1244 volentes
1756 1209 1805 1244 eis
1838 1211 1897 1252 qui
1930 1219 2057 1244 causas
2083 1208 2206 1243 dicunt
2237 1208 2343 1250 tergi-

113 1252 281 1296 λέγοντας
293 1252 443 1298 διαστρέ
469 1267 522 1286 ειν
538 1256 598 1286 καὶ
611 1252 845 1296 ἐπικρύπτειν
857 1252 920 1285 τοὶς
935 1253 1075 1287 ἑαυτῶν
1089 1266 1196 1288 σπου·
1265 1252 1401 1287 versari
1424 1255 1460 1287 et
1476 1253 1592 1287 celare
1617 1264 1700 1288 suas
1722 1254 1931 1289 festinantes
1957 1255 2147 1288 dilationes
2171 1254 2346 1287 excusant

113 1297 281 1340 δάζοντες
312 1296 430 1343 ἀναβο
454 1299 492 1332 ὰς
521 1300 810 1343 προφασίζονται
835 1296 1002 1332 πολλάκις
1025 1298 1195 1344 λέγοντες,
1211 1300 1252 1332 20
1267 1308 1304 1332 se
1321 1297 1526 1342 frequenter
1544 1298 1713 1339 dicentes,
1735 1300 1818 1342 quia
1839 1310 1963 1334 sacrae
1984 1300 2118 1334 formae
2139 1302 2202 1332 aut
2221 1307 2346 1332 sacrae

112 1340 170 1377 ὅτι
195 1345 291 1378 θεῖοι
322 1344 430 1378 τύποι
462 1341 483 1387 ἢ
515 1343 616 1377 θεῖαι
640 1342 815 1376 κελεύσεις
837 1340 860 1385 ἢ
884 1344 1098 1378 καταθέσεις
1119 1345 1197 1378 τῶν
1264 1343 1440 1378 iussiones
1481 1347 1543 1378 aut
1581 1344 1821 1387 depositiones
1858 1345 2106 1389 spectabilium
2141 1345 2346 1378 nostrorum

112 1389 366 1433 περιβλέπτων
407 1387 511 1432 ἡμῶν
552 1387 838 1436 ῥεφερενδαρίων
874 1390 1041 1434 ἐμφανεῖς
1077 1387 1197 1423 αὐτοῖς
1264 1388 1587 1423 referendariorum
1618 1389 1820 1425 insinuatae
1852 1390 1903 1424 eis
1935 1394 2035 1431 sunt,
2063 1394 2243 1432 tamquam
2274 1388 2343 1422 dis-

111 1438 284 1480 γίνονται,
310 1432 358 1468 ιὸς
382 1432 425 1477 δὴ
452 1432 691 1469 διατυποῦσαι
716 1431 816 1469 ὅπως
833 1431 905 1467 δεόι
922 1434 986 1468 τὰς
1003 1431 1197 1469 ὑποθέσεις
1265 1436 1437 1479 ponentes
1470 1434 1765 1478 quemadmodum
1796 1439 1962 1480 oporteat
1986 1435 2126 1479 negotia
2151 1433 2345 1469 examinari

113 1477 239 1513 αὐτοὺς
263 1478 443 1521 ἐξετάζειν
468 1477 489 1522 ἢ
513 1483 658 1525 κρίνειν.
1265 1481 1329 1514 aut
1352 1479 1513 1514 iudicari.

1122 1570 1281 1605 CAPUT
1305 1571 1332 1605 I.

156 1629 228 1658 Καὶ
248 1624 308 1659 διὰ
328 1626 434 1659 τοῦτο
459 1626 693 1670 θεσπίζομεν,
718 1622 806 1660 ὥςτε
823 1624 920 1668 δίκης
941 1627 1194 1669 ἐξεταζομένης
1208 1629 1249 1661 25
1332 1626 1380 1660 Et
1410 1627 1602 1670 propterea
1633 1626 1828 1669 sancimus,
1866 1631 1906 1661 ut
1938 1627 2019 1662 dum
2051 1627 2094 1662 lis
2124 1626 2345 1662 examinatur

110 1670 180 1704 εἴτε
201 1672 259 1704 ἐπὶ
275 1674 508 1715 χρηματικαῖς
523 1669 545 1714 ἢ
563 1670 833 1716 έγκληματικαῖς
849 1670 870 1713 ἢ
886 1672 1021 1716 ἑτέραις
1036 1672 1193 1706 οἱαιςοῦν
1263 1671 1337 1706 sive
1361 1671 1398 1705 in
1422 1671 1640 1715 pecuniariiS
1665 1673 1719 1707 vel
1744 1673 1983 1707 criminalibus
2006 1675 2069 1707 aut
2094 1673 2171 1707 aliis
2197 1672 2343 1716 quibus-

110 1718 373 1761 άναφυομέναις
406 1716 536 1750 αἰτίαις
567 1716 666 1761 παρὰ
704 1715 886 1750 δικασταῖς
920 1718 990 1751 εἴτε
1025 1718 1193 1751 ἐνταῦθα
1262 1717 1349 1752 libet
1374 1717 1636 1759 emergentibus
1663 1718 1781 1752 causis
1806 1718 1902 1762 apud
1926 1718 2062 1753 iudices
2095 1719 2166 1752 sive
2191 1718 2248 1751 hic
2274 1717 2344 1751 sive

109 1761 179 1794 εἴτε
203 1763 242 1794 ἐν
266 1763 461 1806 ἐπαρχίαις,
486 1760 575 1804 μήτε
600 1762 853 1807 πραγματικὸν
873 1763 990 1796 τύπον
1006 1762 1096 1806 μήτε
1119 1763 1191 1796 ἑτέ·
1261 1763 1297 1796 in
1315 1762 1519 1806 provinciis,
1546 1773 1660 1806 neque
1677 1764 1933 1808 pragmaticum
1961 1766 2083 1808 typum
2108 1773 2222 1807 neque
2239 1762 2344 1797 aliam

109 1819 177 1850 ραν
209 1803 433 1852 ἀντιγραφὴν
463 1806 553 1850 μήτε
588 1807 696 1840 θείαν
725 1806 831 1851 ἡμῶν
857 1820 941 1841 τινα
964 1811 1145 1854 ἔγγραφον
1169 1807 1191 1851 ἢ
1261 1808 1531 1852 rescriptionem
1567 1818 1680 1852 neque
1712 1819 1850 1843 sacram
1883 1813 2040 1843 nostram
2072 1808 2267 1852 quamlibet
2302 1818 2345 1842 ex

109 1851 273 1897 ἄγραφον
298 1851 455 1885 κε’λεοσιν
487 1850 507 1894 ἢ
530 1850 733 1886 κατάθεσιν
759 1854 798 1886 ἐν
821 1853 935 1900 ταύτῃ
960 1855 1004 1898 τῇ
1030 1851 1191 1897 βασιλίδι
1206 1853 1395 1897 30scripto
1428 1854 1491 1887 aut
1515 1863 1585 1887 non
1611 1854 1743 1899 scripto
1768 1854 1961 1889 iussionem
1993 1857 2056 1889 aut
2088 1854 2344 1899 depositionem

109 1896 214 1931 πόλει
246 1897 344 1942 παρὰ
375 1898 452 1931 τῶν
483 1897 737 1942 περιβλέπτων
769 1895 871 1940 ἡμῶν
907 1897 1196 1944 ῥεφερενδαρίων
1265 1899 1301 1933 in
1326 1899 1396 1933 hac
1419 1898 1516 1942 regia
1537 1899 1678 1934 civitate
1705 1900 1952 1944 spectabilium
1971 1905 2173 1934 nostrorum
2189 1898 2344 1934 referen-

109 1941 132 1985 ἢ
157 1943 278 1988 ἑτέρου
302 1940 417 1985 τινός,
450 1940 700 1978 διατυποῦσαν
733 1942 852 1977 αὐτοῖς
882 1941 980 1978 ὅπως
1022 1944 1095 1978 δέοι
1125 1945 1194 1987 τὴν
1265 1944 1445 1979 dariorum
1468 1949 1531 1978 aut
1547 1944 1694 1980 alterius
1719 1945 1870 1980 alicuius
1897 1946 2141 1990 disponentem
2158 1954 2230 1986 eos,
2256 1954 2344 1988 quo-

166 2022 249 2055 Nov.
265 2022 391 2055 CXIII
401 2022 564 2063 (Anthent.
580 2023 699 2056 CX=
718 2024 795 2056 Coll.
814 2015 906 2056 VIII
918 2025 963 2056 tit.
978 2026 1032 2057 11:
1050 2025 1162 2068 yloss.)
1185 2025 1309 2057 Graece
1326 2032 1413 2057 eoetat
1431 2026 1462 2057 in
1478 2024 1560 2063 ML,
1579 2036 1605 2055 c.
1619 2025 1631 2055 1
1651 2024 1896 2067 (Θεσπίζομεν,
1910 2019 2003 2057 ὥστε
2021 2021 2155 2065 δίκης..
2169 2049 2175 2055 .
2188 2025 2209 2064 .)
2225 2025 2290 2056 -3
2312 2025 2344 2057 in

111 2067 146 2099 B
164 2069 194 2106 2,
212 2075 240 2106 6,
256 2074 373 2099 23-26.
387 2085 433 2091 ——
457 2068 548 2117 Ep'it.
568 2069 687 2100 Theoti.
708 2070 782 2108 113,
807 2070 928 2101 Atlum.
949 2071 981 2109 4,
1001 2077 1042 2102 16.
1090 2070 1212 2103 Iulian.
1239 2077 1336 2102 const.
1367 2070 1458 2102 CVI.
2192 2115 2195 2116 .

166 2108 579 2199 σᾌΙ3ῗεσπίζὲἔιίεέριῑῧῧῖτῗ
597 2110 694 2155 δίκης
708 2132 746 2136 -
765 2115 840 2154 530,
852 2122 866 2146 5
881 2110 1138 2147 διατυπώσεως
1154 2116 1306 2157 repetitur
1324 2116 1356 2147 in
1374 2115 1410 2146 B
1423 2117 1453 2154 7,
1467 2122 1547 2155 1,1’1;
1569 2115 1678 2147 eadem
1696 2127 1734 2147 ex
1751 2115 1787 2148 B
1802 2116 1832 2155 2,
1845 2121 1915 2155 6,23
1936 2115 1967 2147 in
1983 2115 2030 2146 ΒΧ
2044 2116 2149 2157 B4p.
2166 2116 2224 2147 131
2239 2115 2342 2147 Zach.

110 2157 192 2236 (Ofe-
207 2170 514 2245 lpr'.⁰ssstzmarium
540 2182 577 2234 etc
600 2203 676 2235 Atta.
702 2204 857 2245 repetitur
882 2204 913 2236 in
934 2205 1107 2246 paratitlis
1132 2204 1207 2236 Ath.
1222 2205 1241 2236 5
1265 2207 1325 2241 §8-

1155 2290 1292 2326 CXIII.

113 2356 441 2394 CONSTITUTIO
466 2356 542 2391 NE
561 2355 624 2392 IN
645 2355 810 2392 MEDIA
834 2356 957 2392 LITE
979 2356 1174 2394 SACRAE
1191 2356 1507 2394 SANCTIONES
1536 2357 1635 2392 VEL
1659 2357 1854 2393 SACRAE
1879 2358 2151 2394 IUSSIONES
2175 2358 2341 2402 FIANT,

110 2403 208 2439 SED
231 2402 508 2439 SECUNDUM
541 2401 846 2437 GENERALES
875 2402 1042 2437 LEGES
1074 2402 1264 2438 CAUSAE
1295 2402 1631 2438 DECIDANTUR.
1683 2403 1750 2437 ET
1774 2402 1837 2438 UT
1858 2403 2124 2439 PRAESENS
2150 2403 2340 2440 CONSTI-

396 2446 544 2484 TUTIO
567 2447 705 2483 ANTE
726 2446 1074 2483 PERSONARUM
1098 2446 1562 2484 CONFIRMATIONEM
1581 2447 1726 2484 ACTIS
1748 2446 2049 2484 INSERATUR.

733 2502 851 2549 <Idem
874 2506 1060 2550 Auqastus
1086 2504 1268 2539 Theodoto
1290 2505 1481 2551 praefecto
1504 2505 1722 2549 praetorio.)

246 2572 542 2618 (Praefatio.)
591 2572 675 2607 Cum
710 2572 831 2606 omnia
861 2572 1054 2607 secundum
1085 2572 1180 2617 leyes
1209 2576 1355 2608 nostras
1387 2572 1450 2618 aqi
1479 2571 1627 2607 velimus
1655 2582 1849 2617 earumque
1872 2573 1926 2608 vis
1956 2576 1996 2607 ut
2018 2573 2245 2609 custodiatur
2266 2579 2340 2610 stu-

110 2619 267 2660 deamus,
283 2617 542 2664 placuitnobis
553 2622 781 2663 praesentem
799 2617 910 2662 leqem
927 2617 1084 2652 scribere
1100 2617 1150 2652 ad
1165 2619 1327 2669 ipsarum
1346 2617 1463 2663 lequm
1481 2616 1773 2652 observationem.
1815 2617 2059 2663 Comperimus
2075 2619 2168 2653 enim
2185 2619 2341 2655 iudicum

111 2664 314 2706 nonnullos,
347 2664 410 2709 qui
430 2674 492 2698 eos
514 2663 576 2708 qui
600 2673 730 2697 causas
753 2661 878 2697 dz'cunt
900 2662 1093 2697 extrahere
1117 2662 1225 2697 velint
1248 2668 1357 2707 atque
1381 2662 1571 2697 dilationes
1590 2673 1676 2697 suas
1697 2662 1879 2698 occultare
1901 2662 2080 2705 studeant,
2105 2674 2213 2710 saepe
2229 2676 2340 2711 prae-

112 2714 215 2745 textu
245 2709 299 2743 uti
326 2708 426 2754 quod
448 2707 573 2743 dicant
601 2718 728 2742 sacras
751 2707 956 2742 sanctiones
979 2708 1034 2743 vel
1056 2718 1183 2742 sacras
1205 2708 1381 2743 iussiones
1403 2707 1459 2741 vel
1480 2707 1722 2753 depositiones
1745 2707 1992 2753 spectabilium
2016 2713 2222 2744 nostrorum
2245 2711 2340 2755 refe-

110 2754 361 2790 rendariorum
384 2752 454 2788 sibi
479 2753 684 2788 insinuatas
700 2763 786 2794 esse,
813 2757 993 2797 tamquam
1019 2763 1112 2798 quae
1129 2753 1363 2798 praecipiant
1387 2752 1568 2797 quomodo
1593 2762 1724 2787 causas
1746 2754 1960 2788 examinare
1982 2753 2039 2788 vel
2061 2753 2222 2790 iudicare
2243 2756 2342 2801 ipsos

111 2811 131 2835 0
162 2803 290 2835 orteat.

128 2812 157 2846 p
245 2846 297 2879 Ac
312 2847 516 2895 propterea
537 2843 729 2883 sancimus,
754 2846 794 2876 ut
817 2841 900 2876 dum
922 2841 966 2876 lis
989 2841 1221 2876 examinatur
1244 2841 1317 2876 sive
1337 2841 1374 2875 in
1384 2842 1612 2886 pecuniariis
1634 2843 1708 2877 sive
1724 2842 1971 2878 criminalibus
1993 2843 2066 2879 sive
2089 2844 2172 2879 aliis
2196 2845 2340 2891 quibus-

111 2890 195 2925 libet
217 2900 338 2924 cauSis
362 2888 622 2934 emerqentibus
645 2887 746 2933 apud
767 2886 904 2922 iudices
932 2886 1006 2921 sive
1029 2885 1086 2920 hic
1110 2887 1182 2921 sive
1211 2886 1249 2920 in
1269 2886 1488 2932 provinciis,
1519 2897 1634 2932 neque
1663 2889 1893 2932 praqmatica
1923 2889 2064 2924 sanctio
2095 2900 2138 2925 ne
2167 2901 2210 2925 ue
2240 2891 2342 2926 aliud

110 2935 324 2979 rescriptum
354 2944 468 2978 neque
499 2933 620 2968 divina
645 2937 770 2966 nostra
794 2932 905 2966 iussio
938 2931 1013 2978 ulla
1036 2932 1174 2977 scripta
1198 2935 1263 2966 aut
1286 2942 1359 2965 non
1382 2931 1521 2977 scripta
1545 2932 1600 2967 vel
1622 2932 1797 2978 depositio
1824 2934 1861 2968 in
1885 2932 1954 2968 fiac
1977 2935 2080 2979 reqia
2103 2946 2148 2969 ur
2172 2946 2190 2969 e
2213 2947 2237 2970 a
2260 2947 2340 2982 spe-

111 2979 299 3014 ctabilibus
329 2978 590 3024 referendariis
619 2978 754 3011 nostris
786 2977 840 3011 vel
864 2977 936 3011 alio
961 2976 1051 3015 ullo,
1085 2987 1178 3021 quae
1205 2976 1410 3022 praecipiat
1439 2977 1483 3010 iis
1508 2977 1687 3022 quomodo
1712 2982 1840 3023 coepta
1876 2989 1987 3013 causa
2017 2979 2263 3015 examinanda
2287 2981 2342 3016 vel

167 3060 186 3091 3
211 3068 258 3089 Π.
283 3058 327 3090 id.
353 3058 441 3099 Sept.
467 3054 510 3098 (δ’
538 3054 648 3089 εἰδῶν
673 3058 938 3100 Σεπτεμβρίαιν
951 3057 1053 3097 Ath.)]
1078 3067 1129 3087 111.
1149 3056 1193 3088 id.

111 3104 199 3145 Sept.
217 3114 235 3138 ς
266 3113 299 3134 v.
321 3102 367 3134 id.
389 3104 471 3144 sept.
496 3103 582 3134 Iul-²⁰
611 3103 682 3143 (om.
704 3102 767 3134 Iul.
794 3103 886 3134 codd.
912 3102 996 3142 rell.)
1028 3103 1114 3143 μηνὶ
1139 3111 1193 3133 σε-

1322 3058 1335 3088 1
1361 3067 1429 3087 eam
1447 3056 1499 3088 Ra
1518 3056 1530 3099 ΙΙ
1548 3057 1566 3089 2
1585 3057 1800 3089 eustodiendo
1820 3057 1866 3090 [3¹
1883 3057 1895 3101 ss
1912 3061 2090 3100 cognoseat
2110 3060 2141 3092 T
2153 3059 2165 3102 ΙΙ
2184 3062 2203 3093 3
2217 3063 2337 3093 subscr.

1259 3108 1409 3144 praestat
1430 3100 1485 3144 Vl]
1501 3101 1596 3143 impr.
1615 3102 1690 3134 don.
1712 3102 1789 3134 iust.
1811 3102 1866 3145 1711
1892 3105 1912 3136 4
1932 3105 2006 3136 uiro
2031 3104 2197 3136 clarisimo
2222 3116 2338 3137 oonsu-

112 3150 300 3191 πτεμβρίῳ
317 3148 436 3180 Theod.
456 3147 467 3190 ΙΙ
487 3147 551 3179 ΟΡ.
566 3165 609 3170 -—
622 3157 671 3179 vc.
686 3157 773 3179 cons.
788 3149 817 3187 ς]
842 3157 892 3189 op.
915 3147 994 3188 imp.
1021 3146 1074 3178 dn.
1098 3146 1193 3178 iusti-

111 3194 211 3225 niano
225 3192 284 3224 LV
306 3203 348 3224 uc
368 3193 410 3224 isi
431 3194 502 3233 (sic)
515 3192 602 3224 ΙιιΙ.ω
629 3189 812 3234 βασιλείας
823 3188 1075 3224 Ἷουστινιανοῖι
1091 3190 1134 3223 τὸ
1153 3189 1192 3223 ιε’

1262 3146 1325 3177 lem
1348 3146 1402 3188 Vll
1422 3148 1439 3178 7
1458 3148 1568 3178 autem
1581 3147 1631 3179 Ra
1648 3147 1659 3191 ΙΙ
1679 3148 1697 3180 8
1713 3147 1769 3179 sed
1789 3160 1846 3180 om.
1860 3149 1892 3180 R
1911 3147 1923 3191 Η
1940 3149 2121 3181 secundum
2138 3150 2225 3191 quod
2240 3160 2338 3190 gene-

1261 3191 1346 3223 rales
1370 3190 1459 3233 leges
1484 3192 1516 3224 Τ
1550 3192 1589 3223 de
1621 3193 1764 3224 secunda
1793 3193 1942 3233 generali
1973 3193 2045 3235 lege
2078 3195 2111 3226 V
2132 3195 2143 3237 ΙΙ
2174 3197 2194 3228 9
2227 3194 2339 3227 dirimi

111 3235 283 3271 ὑπατείας
295 3234 484 3269 Βασιλείου
500 3238 574 3269 ΑίΙι.
601 3236 641 3269 ιε’
656 3237 726 3269 ἔτει
749 3236 809 3277 τῆς
832 3234 1016 3280 βασιλείας
1039 3232 1195 3278 ὑπατείᾳ
1262 3236 1395 3278 negotia
1423 3236 1467 3276 V]
1500 3236 1651 3269 dederint
1674 3237 1710 3269 in
1736 3237 1860 3278 (dederi
1886 3238 1930 3278 R)
1954 3239 2096 3279 negotiis
2121 3240 2195 3279 ΒΤ,
2231 3239 2338 3272 decidi

111 3281 302 3316 Βασιλείου
317 3283 436 3315 Theod.
461 3282 472 3318 ΙΙ
491 3284 510 3315 6
525 3284 610 3314 rubr.
633 3284 722 3325 Περὶ
738 3281 802 3313 τοῦ
818 3280 867 3324 μὴ
886 3281 1056 3323 γίνεσθαι
1073 3280 1195 3314 θείους
1261 3282 1431 3323 negotium
1462 3281 1511 3313 R2
1537 3283 1569 3314 in
1595 3295 1697 3324 πται-9.
1727 3281 1739 3325 ΙΙ

111 3328 244 3361 τύπους
267 3328 307 3360 ἐν
330 3329 429 3369 μέσῳ
455 3324 552 3369 δίκης
577 3328 696 3359 Theoti.
728 3325 739 3368 ΙΙ
767 3323 813 3359 ‘H
832 3324 993 3366 διάταξις
1018 3327 1103 3367 ML]
1136 3340 1193 3359 om.
1227 3331 1230 3381 ι

111 3374 197 3414 Am,
214 3374 297 3414 vulq.
318 3372 329 3415 ΙΙ
347 3375 363 3405 7
379 3371 500 3404 θείους
513 3385 570 3404 om.
582 3372 655 3404 Am.
678 3371 689 3415 ΙΙ
706 3369 928 3404 κελεύσεις-
941 3374 980 3405 12
994 3373 1194 3417 πραττομέ-

111 3421 196 3459 νοις]
222 3415 393 3450 κελεύσεις
417 3420 477 3449 καὶ
497 3416 543 3449 τὰ
560 3415 639 3457 ἑξῆς
656 3418 729 3449 ΑίΙι.
748 3417 760 3460 ΙΙ
780 3418 798 3450 8
815 3415 907 3450 κατὰ
930 3430 988 3450 om.
1004 3417 1050 3449 L¹
1067 3416 1080 3460 ΙΙ
1097 3418 1117 3450 9
1134 3419 1194 3449 καὶ

114 3477 170 3496 om.
185 3465 282 3496 index
296 3464 325 3495 L
342 3463 353 3504 ΙΙ
376 3464 415 3495 13
431 3465 526 3495 inser.
544 3475 582 3495 ez*
598 3473 617 3497 ς
634 3463 738 3504 suppl.
756 3463 959 3502 Haloander]
977 3475 1034 3495 om.
1050 3462 1131 3500 ML,
1157 3459 1194 3495 Ὁ

114 3504 221 3540 αὐτὸς
237 3505 403 3550 βασιλεὺς
422 3503 577 3549 Ἰωάννη
597 3505 743 3548 ἐπάρχῳ
769 3510 1005 3551 πραιτωρίων
1026 3508 1101 3540 Αίή.
1120 3507 1131 3550 ΙΙ
1153 3509 1192 3541 19

114 3549 396 3594 σπουδάζονταις
409 3554 479 3593 (sie)
496 3543 559 3585 Mff
583 3550 852 3593 σπουδάζοντας
866 3553 966 3585 MaL
984 3552 996 3595 ΙΙ
1016 3553 1057 3585 22
1071 3551 1192 3598 ῥαιφε-

115 3595 313 3642 ρενδαρίων
325 3600 367 3639 (εἰ
378 3600 425 3631 sic
438 3599 629 3638 constanter)
644 3598 689 3629 M
707 3594 975 3641 ῥαιφενδαρίων
991 3599 1048 3637 (id.
1070 3599 1124 3639 31,
1143 3611 1192 3631 ce-

116 3645 191 3676 teris
210 3645 285 3676 locis
303 3640 624 3688 ῥαιφερενδαρίων)
641 3643 670 3675 L
688 3643 700 3686 ss
719 3644 759 3675 23
774 3640 821 3675 ιὸς
837 3639 880 3684 δὴ
899 3655 956 3675 om.
972 3643 1003 3675 L
1021 3642 1032 3686 ΙΙ
1051 3645 1092 3677 29
1109 3642 1192 3676 τινὰ

115 3685 218 3730 ἡμῶν
245 3689 319 3743 [5⁸1]
343 3691 523 3734 ἔγγραφον
547 3686 706 3720 κέλευσιν
730 3685 751 3729 ἢ
775 3685 940 3732 ἄγραφον
965 3689 1014 3720 B⁸
1030 3701 1061 3721 v.
1077 3689 1094 3721 l.
1114 3688 1126 3732 ΙΙ
1150 3690 1191 3721 32

115 3729 245 3773 α’ὖτοῒς]
277 3733 404 3767 amois.-
428 3730 586 3776 (αὐτῶνῗ)
612 3734 738 3777 Bcpr.)
760 3734 790 3765 L
803 3734 851 3765 Bc
866 3736 990 3775 7,1,17,
1006 3745 1024 3768 ς

183 3788 233 3815 III.

1769 3285 1809 3316 13
1836 3283 1989 3315 theodote
2018 3284 2049 3315 T
2072 3284 2084 3326 ΙΙ
2120 3286 2159 3318 16
2185 3285 2338 3325 scribere]

1261 3328 1423 3368 suscipere
1450 3326 1481 3358 T
1490 3327 1501 3346 ¹
1526 3326 1538 3369 ΙΙ
1563 3327 1615 3367 ad]
1642 3330 1673 3359 et
1697 3327 1739 3359 ad
1765 3328 1797 3359 T
1817 3326 1828 3371 ΙΙ
1859 3329 1898 3360 18
1925 3329 1970 3360 eis
1992 3329 2041 3361 V²
2065 3330 2097 3361 in
2123 3343 2186 3362 ras.
2206 3329 2218 3372 Η
2237 3330 2337 3371 tergi-

1261 3372 1395 3412 versari]
1422 3371 1547 3403 uersari
1570 3372 1648 3415 R¹11
1677 3374 1716 3406 19
1743 3372 1842 3404 celari
1865 3373 1915 3404 V‘*
1940 3373 2082 3406 celerare
2105 3374 2138 3406 R
2155 3375 2167 3417 ΙΙ
2193 3376 2235 3408 20
2260 3375 2339 3416 quia

1261 3416 1348 3457 RV]
1375 3416 1463 3457 quod
1490 3418 1613 3460 Tvuly.
1633 3417 1644 3460 ΙΙ
1663 3418 1701 3450 21
1722 3417 1953 3458 dispositiones
1975 3419 2054 3451 VT¹
2074 3419 2085 3461 ΙΙ
2105 3421 2146 3453 25
2172 3420 2335 3453 examimi—

1261 3463 1357 3495 datur
1381 3462 1432 3494 Ra
1450 3461 1461 3505 ΙΙ
1487 3463 1527 3495 26
1552 3462 1588 3493 in
1613 3475 1671 3494 om.
1687 3462 1734 3494 R¹
1750 3464 1761 3505 ΙΙ
1789 3462 1994 3503 quibuslibet
2017 3463 2093 3495 aliis
2116 3465 2149 3496 R
2166 3465 2178 3507 Η
2205 3466 2245 3498 27
2270 3465 2338 3497 sive

1260 3507 1308 3548 in]
1334 3507 1401 3539 sive
1421 3520 1479 3539 om.
1498 3507 1529 3539 V
1542 3506 1554 3550 Η
1571 3508 1612 3540 28
1630 3509 1866 3549 pragmaticam
1880 3508 1928 3540 R¹
1947 3509 1958 3548 Η
1975 3511 2017 3542 29
2037 3509 2270 3551 *scriptionem
2287 3510 2338 3542 R¹

1259 3552 1552 3594 praescriptionem
1572 3553 1656 3594 vulg).
1677 3554 1688 3593 ΙΙ
1705 3554 1851 3584 nostram
1872 3566 1929 3585 om.
1950 3554 1981 3586 V
1995 3553 2006 3597 ss
2024 3555 2062 3587 31
2082 3555 2337 3596 expectabilium

1270 3597 1324 3641 Vl]
1342 3598 1383 3631 32
1408 3597 1550 3629 alicuius
1576 3598 1661 3637 RV]
1686 3597 1865 3630 cuiuslibet
1891 3599 1923 3630 T
1936 3600 2020 3642 vulq.

2020 3789 2061 3822 67
