2618 4010
271 142 376 198 Nov.
399 140 580 184 LXXIX
597 154 660 196 pr.
694 144 714 183 1
1335 135 1422 184 388
1957 154 2077 186 spuo
2106 137 2218 193 Quos
2246 153 2480 187 oron'rnu·

768 318 830 364 (Τό
1739 326 1901 365 Lxxlx.
1948 329 2212 368 Antunxxx.
2234 331 2382 368 eouv1
2393 330 2448 367 tit.
2459 334 2477 366 τ

269 392 465 445 ΠΑΡΑ
510 386 655 447 ΤΙΣΪ
694 393 851 447 ΧΡΗ
891 393 1342 449 ΔΙΚΑΖΕΣΘΑΙ
1506 395 1558 444 R
1590 394 1775 445 APUD
1811 396 1987 456 QUOS
2021 399 2383 451 OPORTEAT

268 459 682 514 ΜΟΝΑΧΟΥΣ
721 461 857 516 ΚΑΙ
900 461 1341 517 ΑΣΚΗΤΡΙΑΣ.
1409 461 1684 513 CAUSAM
1714 461 1966 514 DIOERE
1991 466 2358 520 MONACHOS
2388 469 2480 517 ET

266 602 302 638 ‘0
326 602 431 640 αὐτὸς
453 603 618 650 βασιλεὺς
642 607 753 649 Μηνᾷ
780 607 834 650 τῷ
857 603 1048 652 ἁγιωτάτῳ
1072 603 1342 651 ἀρχιεπισκόπῳ
1378 611 1399 643 5
1477 606 1575 642 Idem
1598 607 1690 651 Aug.
1716 607 1844 644 Menae
1867 609 2069 647 beatissimo
2092 612 2360 658 archiepiscopo
2385 615 2421 648 et
2471 589 2475 592 ²

529 653 589 685 καὶ
613 650 845 696 οἰκουμενικῷ
870 649 1082 699 πατριάρχῃ.
1738 653 1895 698 generali
1918 655 2151 700 patriarchae.

317 716 614 764 (Προοίμιον.)
660 720 814 766 Πρᾶγμα
837 715 1022 762 μαθόντες
1046 720 1106 754 ἐπὶ
1129 716 1260 763 ταύτης
1282 720 1343 763 τῆς
1454 719 1736 800 ffraefatiw
1775 721 1864 757 Rem
1880 727 2132 767 cognoscentes
2155 734 2228 761 non
2246 728 2381 760 rectam
2402 724 2480 759 fieri

266 759 451 805 βασιλίδος
469 761 605 798 πόλεως
626 762 690 798 οὐκ
710 761 828 811 ὀρθὸν
846 764 1019 810 γίνεσθαι
1036 761 1212 809 ᾠήθημεν
1230 766 1341 809 κοινῷ
1411 765 1448 801 in
1491 775 1534 801 ac
1557 765 1652 810 regia
1678 766 1818 803 civitate
1837 768 2013 803 communi
2032 768 2045 803 l
2129 769 2388 806 aestimavimus
2410 770 2479 805 hoc

267 805 366 852 νόμῳ
399 809 505 842 τοῦτο
530 808 775 856 θεραπεῦσαι,
810 806 997 862 ἀρχέμεναι
1026 811 1093 854 μὲν
1116 807 1188 844 ἀπὸ
1212 807 1342 852 ταύτης
1377 840 1382 845 .
1409 810 1560 853 mederi,
1593 811 1803 848 incohantes
1835 813 1974 859 quidem
2002 813 2049 848 ab
2170 813 2374 851 felicissima
2395 815 2478 850 civi-

265 854 326 896 τῆς
360 851 568 898 εὐδαίμονος
603 853 757 896 πόλεως,
793 855 840 888 εἰς
870 865 1019 888 απασαν
1056 852 1096 888 δὲ
1130 853 1241 889 αὐτὸν
1275 854 1342 898 τὴν
1358 859 1396 891 10
1410 859 1496 900 tate,
1527 856 1564 891 in
1588 856 1708 892 omnia
1731 867 1813 893 vero
1838 868 1915 893 eam
1939 867 2031 904 quae
2055 858 2217 895 subiecta
2242 863 2326 895 sunt
2348 859 2478 896 disten-

265 895 422 942 ὑπήκοον
454 900 677 934 ἐκτείνοντες.
724 901 818 934 τινες
847 898 916 946 γὰρ
949 898 1016 942 τὴν
1051 901 1112 943 τῆς
1142 897 1342 946 ὁρθοδὸξου
1412 901 1547 937 dentes.
1595 901 1745 946 Quidam
1782 903 1875 938 enim
1910 904 2067 940 volentes
2103 914 2326 950 corrumpere
2358 905 2478 940 ortho-

266 946 422 978 πίστεως
453 943 655 989 σεμνότητα
684 943 897 989 βουλόμενοι
928 941 1170 991 διαφθείρειν,
1202 946 1238 980 εἴ
1257 959 1342 981 ’τινα
1411 947 1524 983 doxae
1554 946 1635 982 fidei
1664 947 1901 991 honestatem,
1937 949 1968 985 si
1998 949 2142 994 quidam
2172 950 2270 984 litem
2292 949 2480 985 habuerint

266 986 369 1032 δίκην
399 991 513 1032 ἔχοιεν
542 987 658 1033 δῆθεν
687 986 710 1033 ἢ
740 989 828 1037 πρὸς
858 990 1033 1034 μοναχούς
1064 987 1085 1034 ἢ
1117 990 1206 1036 πρὸς
1236 988 1342 1035 ἀσκη-
1411 993 1512 1037 quasi
1547 1002 1628 1027 cum
1663 993 1847 1029 monachis
1881 998 1944 1030 aut
1981 994 2162 1036 ascetriis,
2199 993 2317 1030 civiles
2345 994 2480 1031 iudices

265 1037 374 1080 τρίας,
395 1038 558 1081 προςίασι
582 1038 655 1070 τοῖς
678 1033 873 1070 πολιτικοῖς
896 1033 1075 1082 ἄρχουσιν,
1100 1036 1136 1070 οἱ
1159 1033 1198 1070 δὲ
1215 1037 1342 1081 έκπέμ-
1410 1038 1502 1073 inter
1529 1038 1646 1082 ellant,
1677 1039 1716 1073 at
1739 1038 1789 1074 illi
1811 1039 1954 1075 mittunt
1978 1044 2185 1075 executores
2214 1042 2480 1084 praesumentes

265 1090 373 1119 πουσι
404 1078 607 1127 πράκτορας
641 1078 830 1121 ἀξιοῦντας
860 1077 967 1114 ἔνδον
996 1093 1036 1115 τε
1058 1082 1233 1128 γενέσθαι
1263 1083 1342 1116 τῶν
1358 1086 1397 1118 15
1411 1093 1496 1119 acce
1522 1092 1582 1118 ere
1605 1083 1701 1118 intra
1730 1084 1810 1120 loca
1831 1089 1957 1120 sancta
1987 1089 2023 1120 et
2045 1085 2239 1120 monachos
2261 1084 2401 1120 trahere
2425 1088 2479 1119 at-

266 1123 523 1180 {cqa‘iv’vonaw
555 1128 615 1159 καὶ
637 1124 813 1170 μοναχούς
837 1123 991 1166 ἐξέλκειν
1022 1129 1082 1159 καὶ
1109 1131 1342 1172 μοναστρίαις
1412 1138 1480 1173 que
1503 1128 1718 1164 monastrias
1747 1129 1802 1165 vel
1831 1131 2003 1166 ascetrias
2033 1130 2242 1183 inquietare,
2274 1128 2398 1166 forsan
2422 1138 2481 1164 eas

266 1182 343 1222 ητοι
372 1173 578 1224 ασκητρίαις
610 1170 767 1213 ἐνοχλεῖν
801 1170 886 1204 ἴσως
918 1173 976 1205 καὶ
1006 1169 1175 1206 ἀθεάτοις
1201 1171 1340 1206 οὔσαις·
1409 1183 1501 1218 quae
1526 1184 1596 1209 non
1620 1173 1800 1210 videntur:
1826 1179 1862 1210 et
1884 1175 1967 1211 hinc
1991 1176 2155 1211 iniuriam
2179 1179 2214 1211 et
2237 1175 2482 1211 confusionem

265 1215 466 1250 καντεῦθεν
506 1218 614 1263 υβριν
648 1229 688 1250 τε
723 1219 783 1250 καὶ
817 1215 987 1263 σύγχυσιν
1025 1212 1066 1251 οὗ
1100 1216 1230 1264 μικρὰν
1269 1220 1343 1252 τοῖς
1410 1229 1484 1256 non
1506 1229 1653 1265 parvam
1676 1219 1917 1257 adorabilibus
1942 1221 2019 1257 fieri
2042 1221 2142 1257 locis.

265 1263 514 1308 προςκυνητοῒς
540 1262 714 1308 γίνεσθαι
743 1260 878 1298 τόποις.

1271 1398 1426 1434 CAPUT
1454 1398 1482 1435 Ι.

311 1472 380 1507 Διὰ
402 1474 509 1508 τοῦτο
540 1478 665 1510 τοίνυν
693 1475 929 1521 θεσπίζομεν,
962 1476 998 1510 εἴ
1015 1488 1069 1512 τις
1098 1476 1245 1512 olavo&
1269 1480 1342 1520 ἔχοι
1356 1480 1398 1512 20
1463 1477 1659 1523 Propterea
1689 1479 1795 1523 igitur
1826 1479 2020 1521 sancimus,
2052 1478 2084 1515 si
2114 1480 2193 1525 quis
2226 1489 2482 1524 quamcumque

266 1517 367 1562 δίκην
391 1518 479 1566 πρός
501 1531 603 1555 τινας
625 1522 703 1555 τῶν
726 1518 1002 1567 εὐλαβεστάτων
1026 1519 1195 1565 ἀσκητῶν
1218 1520 1240 1566 ἢ
1264 1523 1342 1557 τῶν
1410 1522 1575 1558 habuerit
1597 1533 1742 1560 causam
1767 1534 1847 1559 cum
1867 1524 2044 1570 aliquibus
2063 1525 2328 1561 venerabilibus
2351 1526 2481 1561 sancti·

267 1564 473 1611 ἱερωμένων
507 1565 709 1614 παρθένων
744 1565 766 1610 ἢ
799 1569 983 1615 γυναικῶν
1018 1569 1058 1602 ἐν
1091 1572 1343 1614 μοναστηρίοις
1410 1568 1624 1605 monialibus
1662 1573 1726 1605 aut
1760 1570 1907 1606 sacratis
1942 1570 2136 1614 virginibus
2177 1573 2240 1606 aut
2276 1570 2482 1606 mulieribus

266 1607 357 1645 ὅλως
379 1607 510 1654 οὐσῶν,
541 1611 595 1655 τῷ
620 1611 897 1666 θεοφιλεστάτη)
931 1611 1069 1648 πόλεως
1093 1611 1243 1656 ἑκάστης
1266 1615 1341 1648 ἐπι·
1412 1614 1555 1650 omnino
1577 1614 1615 1650 in
1638 1615 1863 1651 monasteriis
1888 1615 2163 1651 consistentibus
2207 1615 2273 1651 deo
2297 1615 2483 1651 amabilem

266 1652 393 1698 σκόπῳ
431 1658 629 1708 προςιέναι,
663 1670 728 1691 τον
760 1655 800 1691 δὲ
829 1661 986 1701 πέμπειν
1020 1661 1079 1693 καὶ
1109 1657 1201 1703 μετὰ
1231 1658 1344 1702 πάσης
1412 1658 1565 1695 civitatis
1581 1660 1678 1696 illius
1696 1660 1902 1706 episcopum
1913 1660 2126 1706 interpellet,
2145 1643 2205 1696 il'le
2223 1671 2306 1697 vero
2319 1661 2437 1696 mittat
2448 1664 2483 1696 et

267 1699 483 1745 σεμνότητος
516 1713 556 1735 τε
585 1705 646 1736 καὶ
677 1700 938 1747 εὐσχημοσύνης
971 1702 1018 1738 τὰ
1052 1706 1135 1750 περὶ
1170 1704 1232 1747 τῆς
1265 1705 1342 1738 τῶν
1357 1706 1398 1739 25
1412 1714 1493 1739 cum
1514 1705 1608 1740 omni
1628 1705 1817 1741 honestate
1841 1716 1931 1750 quae
1956 1709 2040 1742 sunt
2063 1706 2107 1742 de
2124 1716 2356 1752 personarum
2376 1716 2482 1752 prae-

266 1745 471 1793 προςώπων
494 1750 690 1794 παρουσίας
714 1745 937 1791 διατάττειν,
972 1749 1043 1783 εἴτε
1067 1747 1142 1783 δέοι
1174 1746 1235 1783 διὰ
1264 1750 1343 1783 τῶν
1412 1749 1529 1785 sentia
1560 1750 1746 1795 disponat,
1779 1751 1853 1787 sive
1877 1753 2017 1805 oportet
2045 1761 2109 1796 per
2132 1752 2282 1787 abbates
2316 1752 2389 1788 sive
2417 1762 2484 1797 per

266 1787 474 1839 ἡγουμένων
504 1791 575 1826 εἴτε
598 1790 659 1827 διὰ
682 1794 760 1828 τῶν
782 1791 1069 1873 ἀποκρισιαρδίων
1099 1793 1171 1829 εἴτι
1192 1790 1244 1828 δι’
1272 1794 1343 1828 ἑτε-
1412 1795 1635 1840 responsales
1667 1796 1741 1832 sive
1769 1806 1835 1842 per
1858 1796 1947 1832 ahos
1980 1796 2158 1842 quoslibet
2181 1797 2251 1832 hoc
2274 1796 2370 1841 fieri3
2407 1798 2483 1843 ipse

266 1849 343 1882 ρων
370 1837 486 1871 τινῶν
515 1839 804 1885 παραγίνεσθαι·
840 1838 953 1874 αὐτὸν
1008 1841 1025 1873 ὲ
1046 1838 1137 1884 μετὰ
1166 1840 1227 1882 τῆς
1250 1838 1342 1884 ἱερα-
1411 1850 1493 1876 vero
1518 1851 1599 1876 cum
1623 1841 1717 1877 omni
1740 1842 1967 1877 veneratione
1991 1841 2202 1878 sacerdotali
2230 1852 2375 1878 causam
2399 1851 2482 1878 exa-

265 1882 364 1931 τικῆς
395 1881 611 1927 σεμνότητος
641 1882 683 1918 τὸ
713 1885 862 1932 πρᾶγμα
893 1883 1072 1928 ἐξετάζειν
1105 1887 1165 1919 καὶ
1196 1887 1341 1931 κρίνειν,
1411 1885 1520 1921 minet
1543 1890 1578 1921 et
1601 1886 1743 1931 iudicet,
1768 1890 1804 1922 et
1828 1887 1946 1922 civiles
1970 1897 2042 1923 non
2066 1887 2138 1922 sint
2157 1887 2298 1932 penitus
2319 1887 2371 1922 eis
2390 1887 2481 1922 iudi-

266 1930 327 1961 καὶ
356 1926 557 1963 πολιτικοὺς
589 1927 639 1973 μὴ
671 1929 764 1984 εἶναι
795 1929 983 1965 παντελῶς
1020 1928 1138 1965 αὐτοῖς
1174 1927 1343 1964 δικαστὰς
1356 1933 1397 1965 30
1412 1940 1470 1966 ces
1496 1941 1609 1976 neque
1626 1931 1847 1967 confundant
1866 1942 1989 1968 eorum
2008 1932 2241 1974 honestatem,
2266 1942 2346 1968 cum
2363 1932 2480 1968 idonei

266 1969 358 2017 μηδᾶ
391 1972 643 2016 καταισχύνειν
681 1988 748 2029 την
785 1972 910 2010 αὐτῶν
945 1973 1163 2021 σεμνότητα,
1205 1974 1342 2009 ἱκανῶν
1411 1976 1484 2011 sint
1514 1976 1580 2012 deo
1611 1977 1780 2013 amabiles
1811 1978 2027 2022 singularum
2060 1977 2239 2013 civitatum
2263 1978 2424 2023 episcopi
2447 1982 2482 2013 et

267 2017 390 2053 ὄντων
405 2019 484 2053 τῶν
500 2017 799 2065 &medanam
818 2019 965 2064 ἑκάστης
981 2019 1117 2056 πόλεως
1133 2018 1344 2056 ἐπισκόπων

312 2110 398 2144 Νου.
411 2110 584 2145 LXXIX
594 2112 756 2154 (Authent.
771 2113 917 2144 LXXX
926 2129 970 2141 =
984 2112 1065 2145 Call.
1081 2111 1131 2145 VI
1139 2112 1185 2144 tit.
1196 2114 1230 2145 7:
1255 2112 1365 2155 qloss.)
1387 2111 1512 2146 Graece
1525 2120 1612 2146 extat
1623 2114 1657 2146 in
1671 2113 1715 2145 M
1721 2114 1792 2154 (om.
1808 2113 1838 2146 L
1848 2121 1979 2156 praeter
1992 2115 2152 2147 rubricam
2166 2115 2208 2156 cf:
2224 2114 2269 2146 ad
2281 2112 2424 2154 390'‚1⁶).
2438 2131 2482 2138 —-

267 2156 356 2235 ch'pgi
383 2156 588 2234 {hfffflff'
623 2157 743 2196 Alban.
772 2159 806 2199 1,
831 2165 863 2191 15
897 2158 984 2218 (inde
1015 2156 1096 2190 Call.
1126 2163 1223 2189 const.
1258 2157 1333 2189 eccl.
1366 2156 1429 2190 III
1451 2159 1486 2199 1,
1511 2160 1565 2200 15),
1597 2158 1738 2202 ¹Nomoc.
1759 2157 1861 2192 XIV
1879 2160 1924 2192 tie.
1949 2160 1981 2200 9,
2007 2166 2020 2192 1
2046 2171 2082 2202 p.
2108 2159 2173 2191 536
2200 2157 2304 2219 Pffra.
2358 2159 2479 2192 Iulian.

1290 2333 1463 2370 LXXIX.

469 2401 651 2453 APUD
690 2400 864 2463 QUOS
898 2401 1173 2453 CAUSAM
1206 2402 1298 2453 DI
1297 2402 1481 2454 CERE'
1519 2402 1878 2454 OPORTEAT
1908 2403 1973 2454 M
1973 2403 2287 2455 ONACHOS

1008 2469 1101 2521 ΕΤ
1128 2470 1755 2522 SANOTJMONIALES.

605 2546 705 2584 Idem
728 2549 914 2595 Auqustus
931 2547 1062 2585 Menae
1084 2551 1311 2586 sanctissimo
1336 2550 1610 2597 archiepiscopo
1636 2555 1670 2586 et
1689 2550 1923 2597 patriarchae
1946 2551 2151 2587 universali.

405 2614 668 2662 Praefatio.
715 2616 805 2653 Rem
828 2627 900 2652 non
922 2617 1053 2652 iustam
1078 2607 1253 2664 comperti
1283 2618 1322 2653 in
1351 2617 1420 2654 hac
1450 2618 1555 2665 reqia
1586 2617 1673 2654 urbe
1696 2618 1867 2654 committi
1897 2618 2181 2654 existimavimus
2208 2619 2387 2654 communi
2408 2619 2487 2666 leqe

271 2673 350 2699 eam
372 2660 575 2698 sanandam
598 2672 686 2704 esse,
717 2666 759 2698 ut
781 2662 922 2698 initium
946 2662 1088 2715 quidem
1109 2674 1152 2699 ca
1179 2674 1320 2699 eremus
1349 2664 1394 2700 ab
1418 2663 1487 2699 liae
1511 2662 1615 2710 felici
1637 2662 1735 2706 urbe,
1766 2662 1816 2699 ad
1838 2673 1941 2699 omne
1964 2667 2082 2699 autem
2114 2665 2300 2710 imperium
2323 2669 2485 2700 nostrum

271 2718 350 2743 eam
373 2706 657 2743 extenderemus.
706 2706 885 2744 Nonnulli
907 2718 1002 2743 enim
1026 2708 1131 2744 ormo
1159 2719 1256 2744 oscae
1275 2708 1364 2754 fidei
1382 2709 1599 2761 pravitatem
1621 2708 1781 2744 minuere
1803 2708 1970 2752 volentes,
1993 2709 2026 2744 si
2044 2720 2151 2755 quam
2173 2709 2276 2755 forte
2294 2708 2389 2745 litem
2411 2709 2486 2745 sice

272 2763 352 2789 cum
373 2751 560 2788 monachis
589 2753 663 2788 sive
685 2763 766 2789 cum
787 2752 1121 2790 sanctimonialibus
1144 2753 1286 2797 habent,
1319 2754 1440 2791 civiles
1461 2753 1598 2790 iudices
1621 2753 1765 2796 adeunt,
1789 2754 1827 2790 lu·
1850 2758 1968 2790 autem
1990 2759 2203 2791 executores
2226 2754 2390 2796 mittunt,
2422 2755 2486 2801 qui

271 2808 380 2834 sacra
411 2797 493 2833 loca
523 2798 663 2834 intrare
692 2801 727 2834 et
756 2797 955 2834 monachos
984 2798 1179 2835 extrahere
1209 2803 1243 2835 et
1265 2798 1597 2836 sanctimonialibus
1627 2799 1700 2836 sive
1731 2800 1895 2835 ascetriis
1926 2799 2123 2835 molestiam
2146 2798 2317 2835 exhibere
2339 2799 2486 2844 audent,

273 2854 365 2891 quas
379 2843 482 2889 forte
501 2853 547 2879 ne
561 2843 680 2879 videre
703 2843 846 2895 quidem
869 2844 995 2880 liceat:
1026 2849 1135 2890 atque
1157 2844 1242 2881 inde
1263 2855 1337 2880 non
1360 2845 1497 2892 eae-iqua
1519 2844 1655 2880 iniuria
1677 2848 1713 2880 et
1729 2844 1960 2891 perturbatio
1983 2844 2183 2880 adorandis
2206 2844 2294 2880 locis
2314 2845 2486 2890 infertur.

406 2887 435 2924 1.
484 2886 687 2935 Propterea
709 2889 823 2936 tqitur
844 2890 1037 2932 sancimus,
1060 2890 1095 2925 si
1113 2890 1195 2936 quis
1218 2890 1513 2936 qualemcumque
1525 2889 1622 2926 litem
1645 2889 1775 2926 habeat
1798 2901 1877 2926 cum
1900 2889 2111 2942 quibusdam
2134 2901 2184 2926 ex
2206 2889 2487 2935 reliqiosissimis

273 2932 458 2970 monachis
480 2933 536 2970 vel
558 2944 608 2969 ex
631 2934 848 2970 consecratis
871 2935 926 2970 vir
952 2934 1071 2970 inibus
1094 2935 1341 2971 mulieribusve
1371 2946 1465 2982 quae
1488 2935 1632 2971 omnino
1662 2935 1951 2971 inmonasteru's
1973 2940 2076 2977 sunt,
2108 2941 2148 2970 ut
2171 2935 2237 2970 deo
2263 2935 2486 2970 carissimum

274 2979 429 3016 civitatis
451 2979 554 3015 cuius
576 2983 630 3015 est
652 2979 858 3026 episcopum
882 2991 904 3015 a
930 2984 1006 3023 eat,
1037 2980 1069 3016 is
1093 2985 1211 3017 autem
1234 2982 1351 3016 mittat
1375 2985 1410 3016 et
1434 2991 1513 3015 cum
1538 2981 1634 3015 omni
1656 2981 1837 3032 pravitate
1866 2984 1976 3027 atque
2002 2980 2188 3016 honestate
2211 2991 2304 3026 quae
2335 2980 2384 3016 ad
2399 2991 2486 3027 per-

273 3034 444 3061 sonarum
460 3025 709 3072 praesentiam
726 3025 913 3072 pertinent
935 3029 1092 3068 statuat,
1122 3026 1196 3063 sive
1244 3026 1405 3062 raesules
1434 3026 1507 3061 sive
1536 3026 1799 3072 apocrisiarios
1828 3026 1902 3062 sive
1957 3035 2025 3061 uos
2055 3025 2149 3061 alios
2179 3025 2323 3061 illorum
2346 3026 2488 3062 nomine

275 3080 353 3107 com
380 3080 485 3105 arere
509 3074 652 3116 oportet
658 3082 671 3111 ;
706 3071 784 3117 ipse
807 3081 891 3106 vero
916 3081 996 3106 cum
1026 3070 1246 3107 sacerdotai
1267 3072 1448 3118 pravitate
1479 3081 1625 3106 causam
1656 3072 1842 3108 examinet
1862 3075 1897 3107 et
1919 3037 2107 3113 ‹giudicen
2139 3082 2224 3107 neve
2246 3071 2320 3106 sint
2342 3071 2487 3107 omnino

275 3116 343 3152 civi
357 3125 395 3150 es
417 3115 463 3151 iis
485 3115 622 3150 iudices
652 3126 721 3150 neu
744 3117 959 3162 pravitatem
983 3127 1107 3152 eorum
1131 3116 1330 3166 iqnominia
1353 3116 1532 3162 afficiant,
1565 3127 1644 3152 cum
1668 3116 1734 3153 deo
1760 3117 1936 3152 carissimi
1959 3117 2130 3163 cuiusque
2154 3116 2307 3151 civitatis
2328 3116 2488 3163 episcopi

323 3231 442 3263 trubr.
469 3229 557 3273 Περὶ
580 3229 753 3272 μοναχῶν
776 3227 1022 3273 δικαζομένων
1045 3232 1165 3265 Theod.
1197 3231 1209 3272 ΙΙ
1242 3232 1261 3265 2
1285 3228 1349 3277 χρὴ
1381 3234 1383 3257 Ι
1418 3242 1522 3263 meme
1537 3232 1569 3265 T
1583 3231 1595 3275 ΙΙ
1618 3232 1638 3265 6
1662 3230 1810 3273 generali
1834 3243 1893 3264 om.
1907 3231 1939 3263 R
1962 3229 1974 3274 ΙΙ
2005 3233 2024 3265 9
2049 3230 2090 3263 ab
2111 3231 2171 3263 hao
2192 3229 2243 3264 T²
2255 3230 2352 3273 vala]
2375 3239 2396 3262 a
2417 3228 2493 3262 RV

277 3274 361 3315 ML]
385 3270 440 3307 δεῖ
450 3274 525 3307 Atti.
546 3273 558 3318 ΙΙ
575 3276 595 3307 3
614 3276 673 3307 καὶ
695 3275 778 3316 ML]
803 3269 916 3317 ἢΑιΙι.
943 3275 955 3320 ΙΙ
982 3278 1022 3311 10
1041 3273 1152 3310 αὐτὸν
1166 3277 1211 3310 M
1215 3277 1237 3318 ¹]
1263 3275 1350 3310 αὐτὸ
1419 3277 1479 3308 hac
1509 3277 1555 3310 T¹
1571 3276 1583 3321 ΙΙ
1602 3276 1791 3309 felicissima
1811 3276 1871 3309 hac
1896 3277 2032 3308 ciuitate
2057 3275 2106 3309 3²
2137 3276 2327 3309 felicissima
2350 3274 2485 3307 ciuitate

278 3320 319 3352 Μ
326 3319 407 3363 ²(cf.
422 3319 499 3360 389,
513 3322 560 3362 2⁴)
580 3319 592 3362 ΙΙ
613 3320 651 3353 12
674 3322 769 3360 τινα]
795 3321 927 3361 quidam
943 3323 977 3361 (i.
992 3335 1017 3355 e.
1031 3324 1136 3364 τινες)
1151 3334 1168 3358 ς
1185 3329 1197 3367 ΙΙ
1230 3324 1267 3356 17
1290 3323 1349 3355 καὶ
1418 3321 1479 3353 hac
1502 3321 1531 3354 V
1550 3322 1562 3364 Η
1595 3323 1634 3355 10
1659 3321 1769 3355 omnia
1792 3331 1872 3354 uero
1896 3321 1957 3362 12²]
1982 3321 2072 3354 omni
2096 3332 2176 3354 uero
2199 3319 2366 3354 R¹V¹T¹
2394 3318 2484 3351 omni

278 3376 369 3402 ome
383 3365 395 3407 ΙΙ
418 3366 456 3398 18
476 3360 689 3406 κάντεῦθεν]
715 3360 810 3398 ὥστε
830 3365 1005 3399 ἐντεῦθεν
1029 3368 1119 3401 malit
1132 3368 1317 3401 Zachariae
1338 3367 1350 3409 ΙΙ
1418 3376 1496 3398 uero
1520 3366 1592 3399 loco
1614 3366 1664 3400 17³
1698 3367 1809 3400 omnia
1832 3378 1911 3400 uero
1935 3366 2007 3399 loca
2030 3366 2080 3400 T³
2091 3368 2176 3411 vulq.
2236 3374 2307 3398 eam
2323 3363 2393 3397 RT
2400 3362 2422 3404 ¹]
2448 3373 2485 3395 ea

279 3411 318 3443 21
329 3405 499 3452 ἀσκητῶν
509 3410 551 3442 M
555 3410 687 3444 Nomoc.
698 3410 758 3443 XI
764 3410 860 3451 Vtit.]
873 3408 987 3454 ἆσκητ
1010 3412 1078 3446 ιῶν
1088 3413 1350 3448 ετςΖαεΙιαι-ίσε
1426 3411 1508 3444 VI'2
1526 3411 1538 3454 ΙΙ
1558 3414 1594 3446 11
1621 3414 1840 3455 corrumpere]
1866 3422 1979 3445 eorum
1998 3422 2150 3455 rumpere
2210 3410 2257 3444 T·
2277 3407 2485 3459 ”hortodoxe

278 3467 341 3487 non
363 3462 444 3488 recte
467 3457 523 3498 (cs.
539 3456 615 3497 390,
629 3457 657 3497 2)
682 3455 694 3499 ΙΙ
721 3456 762 3489 23
783 3453 941 3498 ἑκάστης]
966 3456 993 3490 il
1007 3458 1059 3490 ius
1081 3470 1100 3494 ς
1126 3459 1138 3500 u
1163 3459 1205 3492 25
1227 3469 1267 3490 τε
1290 3458 1350 3490 καὶ
1427 3456 1483 3498 Vll
1510 3458 1550 3489 12
1571 3457 1600 3490 si
1624 3457 1756 3499 quidem
1778 3457 1829 3491 V³
1841 3458 1924 3502 vuly.
1950 3457 1990 3498 (si
2011 3457 2174 3499 quandam
2186 3454 2292 3495 Beck)
2313 3453 2327 3497 Ι
2357 3454 2395 3486 13
2420 3463 2483 3504 ⁰:⁸¹·

278 3517 322 3523 —
345 3500 388 3532 29
412 3497 625 3543 σεμνότητος
657 3502 704 3534 bis
727 3513 788 3534 ser.
812 3501 857 3534 M
878 3500 891 3545 ΙΙ
928 3514 968 3535 τε
999 3505 1060 3535 καὶ
1093 3498 1351 3546 εὐσχημοσύνης
1417 3501 1526 3534 steriis
1543 3501 1664 3536 RVT²
1686 3503 1794 3535 asistis
1809 3503 1840 3536 T
1848 3503 1859 3523 ¹
1886 3503 1899 3546 ΙΙ
1932 3504 1972 3538 16
1994 3501 2189 3535 monastrias
2210 3497 2273 3539 T’l
2306 3500 2484 3530 monemus

280 3546 396 3587 omsn
422 3545 464 3578 28
488 3544 771 3591 παραγίνεσθαι]
797 3546 858 3579 hoc
882 3546 954 3579 fleri
978 3559 998 3584 ς
1020 3547 1033 3592 [Ι
1064 3546 1154 3591 μετὰ
1178 3548 1250 3590 τῆς]
1275 3557 1350 3580 oum
1426 3546 1472 3580 V·
1497 3548 1695 3580 monasteria
1712 3547 1803 3582 RV²
1815 3548 1860 3582 T·
1908 3547 2093 3581 ascisterias
2113 3545 2146 3579 V
2162 3543 2307 3577 nutrias
2320 3542 2413 3587 RTn
2432 3544 2483 3575 in-

279 3588 369 3620 omni
391 3590 426 3628 (1'.
447 3601 472 3621 ε.
496 3589 583 3631 μετὰ
609 3589 734 3632 πάσης)
760 3603 778 3627 ς
873 3598 876 3601 ·
1418 3591 1563 3634 quietate
1585 3592 1633 3625 1⁷¹
1665 3593 1852 3635 inequitare
1927 3592 2077 3635 inquieta
2097 3596 2114 3625 e
2139 3589 2190 3623 T¹
2218 3586 2232 3633 fl
2262 3590 2300 3622 17
2325 3587 2484 3622 iubentur

281 3652 1351 3663 -—-·——-—--——--——-———
1417 3636 1509 3670 RV¹
1528 3635 1540 3680 ΙΙ
1559 3638 1597 3671 18
1623 3637 1704 3671 locis
1726 3638 1797 3671 fleri
1820 3637 1854 3671 R
1868 3636 1881 3681 ΙΙ
1900 3638 1943 3671 24
1965 3636 2058 3669 illius
2076 3633 2155 3669 VT’
2167 3633 2267 3676 woly-l
2293 3646 2351 3667 om.
2369 3633 2453 3668 ΒΤ*
2469 3633 2482 3677 ΙΙ

338 3679 354 3712 ¹
382 3676 420 3722 ἢ(
442 3677 557 3710 LXXI
575 3680 648 3720 (εἶθ)
670 3680 698 3712 V
723 3681 736 3722 Ι
767 3682 787 3715 2
811 3684 941 3724 oportet
962 3682 1025 3716 VT
1049 3682 1062 3724 ΙΙ
1087 3684 1109 3717 4
1132 3683 1294 3716 assisti-ias
1320 3683 1349 3715 R
1418 3681 1619 3724 interpellet]
1639 3681 1791 3726 tei-pellet
1812 3684 1844 3716 in
1863 3695 1928 3716 ras.
1951 3679 2065 3725 17125
2080 3681 2166 3719 cum]
2185 3689 2258 3711 eum
2282 3679 2330 3712 Ψ*
2349 3678 2362 3723 ΙΙ
2379 3680 2417 3713 27
2433 3690 2483 3712 re·

279 3723 427 3756 mintrio·
454 3723 502 3755 T¹
537 3724 701 3756 misterius
728 3725 777 3757 T*
811 3726 1015 3760 ποίει-ἱστίου
1044 3728 1076 3761 V
1099 3727 1112 3772 1
1139 3730 1160 3763 5
1183 3737 1302 3761 menne
1324 3727 1354 3761 V
1420 3726 1553 3760 ocu-ales
1565 3727 1612 3760 R·
1628 3727 1643 3772 fl
1661 3729 1704 3761 29
1717 3727 1764 3761 eis
1775 3726 1953 3770 penita-R
1973 3723 1989 3769 Ι
2014 3725 2055 3759 31
2071 3726 2150 3757 nunt
2174 3723 2203 3757 V
