2618 4010
286 137 393 182 Nov.
429 135 573 181 xxtv
603 141 641 181 2.
674 135 700 181 3
1368 131 1448 183 192
1653 208 1658 213 .
2188 150 2248 184 1111
2275 151 2510 185 pnsum

286 247 474 295 χρώμενον
496 251 571 283 τοῖς
593 246 896 295 παραδεδομένας
918 245 1030 292 αὐτῷ,
1065 247 1145 291 θεῷ
1172 260 1213 281 τε
1236 245 1368 295 ὑπηρε-
1439 251 1509 284 tem
1534 248 1590 284 his
1623 258 1716 293 quae
1737 249 1947 287 tradidimus
1971 251 2022 295 ei,
2053 253 2091 287 et
2113 251 2179 288 deo
2201 250 2445 288 ministrantes
2475 255 2513 287 et

288 292 455 338 τούμενοι
485 297 544 327 καὶ
567 297 642 328 τοῖς
664 293 787 339 νόμοις
817 291 1014 350 ἀμύνοντες
1038 305 1068 328 π
1090 291 1287 334 οςηκόντωσ
1309 289 1369 327 αὖ·
1437 293 1573 338 legibus
1597 293 1769 329 auxilium
1799 294 1956 332 ferentes
1987 299 2228 341 competenter
2257 306 2337 331 eum
2360 296 2512 342 castiga-

287 338 354 373 τόν
372 337 566 393 μετελευσῦ
613 338 679 381 θα,
703 339 738 374 εἴ
752 351 793 387 γε
816 351 979 385 ευροιμεν
999 334 1022 380 ἦ
1041 351 1061 371 κ
1098 341 1244 372 ’πτοντα
1260 337 1370 381 τυχὸν
1437 338 1565 380 bimus,
1591 338 1622 373 si
1645 338 1864 376 inveniamus
1887 339 2066 377 furantem
2089 341 2211 378 forsan
2235 341 2288 376 vel
2311 341 2428 386 gratia
2449 343 2514 376 aut

288 381 311 427 ἢ
340 395 482 429 χαριτος
509 380 532 427 ἦ
559 352 758 426 &endecas
789 381 855 428 ἢττ
878 387 988 428 μένον
1019 378 1041 425 ἣ
1067 381 1151 435 τοὺς
1185 378 1370 429 ἡμετέρους
1438 382 1631 418 inimicitiis
1654 383 1786 435 victum
1814 387 1878 419 aut
1899 388 2042 422 nostras
2074 386 2383 422 transcendentem
2404 386 2511 431 leges.

289 440 389 474 παρα
417 432 570 463 αίνοντα
602 427 743 473 νόμους.
794 432 861 473 βου
892 426 1005 472 ’μενοι
1034 439 1102 474 γαρ
1136 425 1179 461 τὸ
1210 423 1369 470 ὑπήκοον
1394 431 1414 463 5
1438 428 1612 463 Volumus
1645 437 1738 479 emm
1768 427 1949 466 subiectos
1979 430 2114 476 erigere
2148 434 2185 466 et
2219 440 2311 475 quae
2340 431 2512 465 hactenus

289 470 378 518 ἀνορ
413 474 507 508 ὦσαι
536 476 596 507 καὶ
625 472 672 508 τὰ
699 476 802 521 μέχρι
832 474 899 507 νῦν
923 472 1151 518 θεραπεῦσαι
1175 471 1267 506 κακὰ
1289 485 1369 526 χρη-
1439 475 1526 508 sunt
1535 471 1670 507 mederi
1684 472 1797 516 malis,
1814 474 1985 518 pecunias
1997 477 2117 510 autem
2130 475 2354 520 despeximus
2367 485 2513 520 magnas

288 516 418 596 μὲἱτων
435 514 773 597 ἱτεδὑπερείδομειὲ
806 516 973 572 μεγάλων
1013 519 1074 550 καὶ
1108 515 1198 563 πρὸς
1231 530 1371 560 ταυτην
1439 519 1476 552 et
1498 517 1544 552 ad
1567 517 1662 552 hanc
1686 517 1864 563 respicere
1887 517 2151 564 dispositionem
2174 520 2384 557 studuimus.

290 576 301 596 ι
327 575 380 596 ειν
403 575 473 606 την
524 575 732 599 ιατυπωσιν
774 574 990 606 σπευσαμεν.

1282 673 1440 710 CAPUT
1462 673 1528 710 111.

343 744 408 777 Δεῖ
428 740 469 778 δὲ
492 741 604 778 αὐτὸν
625 741 675 797 μὴ
697 742 811 788 μόνον
833 742 911 776 τῶν
934 741 1148 786 ἔμπροσθεν
1172 739 1256 785 ἡμῖν
1280 741 1369 786 εἰρη-
1492 740 1666 776 Convenit
1688 744 1809 776 autem
1832 751 1912 777 eum
1944 752 2016 778 11011
2040 743 2155 779 solum
2185 743 2242 780 bis
2265 755 2357 790 quae
2381 744 2513 779 dudum

290 791 414 832 με’νων
442 791 623 836 προνοεῖν,
653 786 742 822 αλλὰ
773 790 832 820 καὶ
865 784 971 829 αὐτῆς
999 784 1178 829 κήδεσθαι
1208 786 1270 828 τῆς
1293 787 1369 820 τῶν
1387 788 1462 821 108
1485 786 1588 822 nobis
1613 788 1698 821 sunt
1721 786 1816 821 dicta
1840 788 2054 832 prospicere,
2083 788 2146 824 sed
2167 790 2273 824 etiam
2305 800 2426 825 curam
2449 789 2513 824 118-

291 830 437 868 abiam
459 830 644 879 ἀφθονίας
666 835 725 866 καὶ
749 833 814 866 τοῦ
837 828 951 875 μηδὲν
979 834 1053 865 τοῖς
1076 829 1240 865 πολίταις
1264 829 1370 864 ἐκλεί·
1439 832 1525 867 bere
1549 830 1732 866 civitatum
1756 831 1995 868 abundantiae
2019 836 2054 868 et
2077 835 2119 868 ut
2135 833 2223 869 nihil
2247 834 2383 870 civibus
2401 833 2512 878 desit;

292 890 387 920 πειν,
420 879 631 914 ἐπισκοπεῖν
665 875 706 911 δὲ
735 880 795 911 καὶ
829 875 874 910 τὰ
905 876 984 910 τῶν
1017 872 1162 911 πόλεων
1192 877 1279 922 ἔργα
1310 878 1370 909 καὶ
1440 876 1673 921 contemplari
1697 887 1840 921 quoque
1873 887 1982 922 opera
2005 877 2187 913 civitatum
2216 882 2254 915 et
2274 890 2346 915 non
2369 879 2514 924 permit-

290 921 340 967 μὴ
363 925 560 970 συγχωρεῖν
588 920 679 966 μηδὲ
707 920 799 956 κατὰ
830 922 937 955 τοῦτο
969 919 1077 955 αὐτὰς
1108 920 1248 954 ἑαυτῶν
1273 916 1371 954 έλάτ-
1439 923 1515 956 tere
1539 931 1654 965 neque
1678 922 1874 956 secundum
1899 923 1967 957 hoc
1993 932 2054 958 eas
2078 922 2135 958 sui
2156 923 2310 960 minores
2333 924 2420 966 fleri,
2451 923 2514 959 sed

291 978 374 1002 τους
395 967 580 1014 γίνεσθαι,
603 965 693 1001 ἀλλὰ
716 969 776 1000 καὶ
800 965 880 1000 τοὺς
903 966 982 1000 τῶν
1004 962 1150 999 ὑδάτων
1167 962 1289 1000 ὁλκοὺς
1311 967 1371 1000 καὶ
1440 965 1547 1000 etiam
1571 965 1817 1010 aquaeductus
1842 968 1878 1002 et
1897 970 2025 1012 pontes
2049 969 2086 1003 et
2103 978 2223 1003 muros
2247 970 2285 1004 et
2306 968 2435 1005 itinera
2457 979 2512 1004 re-

291 1009 446 1060 γεφύρας
476 1014 536 1046 καὶ
567 1015 666 1055 τείχη
698 1014 758 1046 καὶ
789 1008 892 1045 ὁδοὺς
923 1008 1094 1045 σπεύδειν
1125 1011 1369 1056 ἐπανορθοῦν,
1387 1013 1425 1045 15
1439 1021 1569 1055 parare
1598 1011 1752 1054 studere,
1784 1015 1821 1046 et
1852 1023 1924 1047 non
1954 1012 2158 1057 permittere.
2189 1012 2262 1048 illic
2293 1013 2514 1050 venientibus

291 1060 352 1090 καὶ
374 1056 424 1101 μὴ
448 1060 644 1110 συγχωρεῖν
667 1059 739 1091 τοῖς
763 1058 874 1090 ἐκεῖσε
897 1056 1052 1102 φοιτῶσι
1070 1055 1270 1102 πράκτορσι
1289 1053 1371 1090 τούς
1439 1055 1668 1091 exactoribus
1689 1058 1831 1092 nostros
1858 1057 2050 1093 collatores
2073 1058 2110 1092 in
2130 1057 2249 1110 aliquo
2269 1068 2514 1103 praegravare,

302 1098 479 1147 ‘uers'povs
507 1099 684 1144 υπηκόους
715 1099 807 1135 κατά
835 1114 871 1135 τι
903 1099 1087 1147 βαρύνειν,
1117 1097 1209 1144 μηδὲ
1237 1099 1371 1135 ταύτας
1439 1110 1553 1146 neque
1577 1110 1621 1136 88
1644 1110 1736 1154 quae
1766 1111 1810 1136 ex
1835 1103 2091 1138 consuetudine
2114 1102 2269 1147 maligna
2292 1102 2384 1138 fiunt
2410 1113 2513 1148 prae-

290 1114 338 1189 3⁷>
360 1145 423 1181 τὰς
446 1147 485 1187 ἐξ
504 1146 613 1181 ἔθους
636 1147 795 1191 πονηροῦ
819 1149 1009 1193 γινομένας
1032 1143 1235 1191 προςτάξεις
1256 1159 1369 1191 παρα·
1441 1149 1545 1190 cepta
1575 1155 1768 1190 suscipere,
1802 1157 1895 1191 quae
1925 1147 1969 1182 de
2001 1158 2182 1183 murorum
2213 1146 2450 1184 fabricatione
2479 1151 2517 1184 et

293 1189 501 1235 λαμβάνειν,
525 1187 609 1225 ὅσαι
632 1194 715 1237 περὶ
739 1194 956 1234 τειχοποιίαε
978 1204 1019 1225 τε
1042 1193 1103 1225 καὶ
1126 1186 1371 1236 ὁὸοστρωσίαε
1439 1190 1624 1226 itineribus
1661 1192 1860 1227 sternendis
1896 1194 1934 1227 et
1969 1193 2049 1228 aliis
2084 1192 2185 1228 denis
2220 1192 2363 1228 milibus
2397 1193 2516 1228 causis

292 1239 351 1270 καὶ
381 1234 489 1270 ἄλλας
518 1239 645 1282 μυρίας
681 1237 797 1270 αἰτίας
830 1235 1000 1282 προΐασιν
1036 1237 1075 1269 ἐκ
1109 1236 1188 1270 τῶν
1219 1233 1370 1282 θρόνων
1384 1238 1426 1270 20
1439 1236 1638 1280 procedunt
1661 1245 1684 1271 a
1707 1236 1851 1272 sedibus
1874 1239 1959 1272 tuae
1985 1237 2216 1273 celsitudinis.
2263 1237 2400 1272 Horum
2424 1237 2517 1273 enim

290 1281 353 1324 τῆς
375 1282 437 1325 σῆς
459 1277 638 1327 ὑπεροχῆς.
683 1278 829 1316 τούτων
858 1280 926 1327 γὰρ
957 1278 1136 1316 ἁπάντων
1159 1282 1279 1315 ἕνεκεν
1309 1282 1369 1315 καὶ
1440 1281 1597 1316 omnium
1629 1291 1737 1316 causa
1769 1285 1805 1316 et
1834 1281 1865 1316 si
1894 1282 1979 1326 quid
2010 1283 2081 1318 tale
2110 1282 2209 1317 aliud
2239 1286 2293 1318 est
2321 1282 2412 1318 nulli
2434 1291 2515 1328 per-

291 1326 327 1359 εἴ
351 1339 389 1360 τι
417 1327 584 1361 τοιοῦτον
613 1328 737 1372 ἕτερον
769 1322 888 1360 οὐδενὶ
918 1323 1140 1372 συγχωρήσει
1170 1325 1251 1360 τοὺς
1281 1322 1369 1368 ὑπη-
1439 1326 1558 1361 mittat
1576 1325 1755 1361 subiectos
1774 1328 1917 1362 nostros
1936 1327 2088 1370 laedere,
2109 1337 2225 1380 neque
2246 1327 2418 1372 procedat
2435 1337 2514 1362 sen-

290 1368 393 1405 κόους
406 1370 487 1405 τοὺς
507 1368 693 1416 ἡμετέρους
710 1368 857 1413 ἀδικεῖν,
882 1368 966 1405 οὐδὲ
985 1369 1236 1417 προελεύσεται
1254 1371 1371 1416 ψῆφος
1438 1370 1551 1405 tentia
1573 1381 1595 1405 a
1619 1370 1763 1406 sedibus
1787 1371 1857 1406 tuis
1881 1372 1953 1407 tale
1976 1372 2110 1418 aliquid
2133 1373 2272 1408 dicens:
2295 1372 2368 1407 iam
2387 1372 2516 1408 etenim

292 1417 331 1450 ἐκ
360 1417 440 1450 τῶν
471 1415 624 1463 θρόνων
655 1417 733 1450 τῶν
762 1417 841 1450 σῶν
871 1415 1014 1450 τοιοῦτό
1043 1429 1080 1450 τι
1107 1414 1274 1462 λέγουσα·
1310 1417 1370 1449 καὶ
1439 1415 1508 1450 1108
1531 1415 1787 1495 prohibuimus.
1833 1416 1903 1451 Sed
1926 1417 2003 1462 ipse
2034 1417 2176 1462 quidem
2209 1417 2364 1453 omnium
2394 1427 2516 1453 curam

290 1460 358 1508 γὰρ
381 1459 449 1504 ἤδη
479 1462 588 1496 τοῦτο
619 1460 877 1505 κεκωλύκαμεν.
925 1458 1006 1495 ἀλλ’
1035 1459 1140 1495 αὐτὸς
1167 1462 1235 1504 μὲν
1258 1458 1369 1495 ἆπάν-
1383 1462 1425 1495 25
1439 1460 1532 1496 habe
1558 1461 1603 1504 it;
1641 1460 1672 1495 si
1704 1471 1808 1505 quem
1838 1471 1921 1497 vero
1952 1472 2017 1498 nos
2042 1462 2237 1498 secundum
2261 1463 2517 1508 pragmaticam

292 1518 370 1540 των
392 1505 662 1551 ἐπιμελήσεται·
686 1507 717 1540 εἰ
736 1504 779 1540 δέ
799 1519 882 1540 τινα
903 1502 999 1550 ἡμεῖς
1022 1504 1114 1540 κατὰ
1137 1506 1243 1540 θεῖον
1267 1502 1370 1549 ἡμῶν
1439 1506 1590 1540 formam
1610 1505 1851 1550 direxerimus,
1876 1516 1980 1551 quem
2000 1507 2125 1543 merito
2146 1507 2252 1542 etiam
2275 1507 2322 1542 ad
2337 1511 2437 1543 tuum
2455 1507 2515 1542 de-

292 1550 544 1598 πραγματικὸν
578 1549 696 1586 τύπον
730 1549 945 1595 στείλαιμεν,
983 1547 1027 1585 ὃν
1060 1551 1146 1585 ἴσως
1179 1550 1269 1594 πρὸς
1303 1548 1370 1593 τὴν
1440 1550 1652 1586 stinabimus
1677 1551 1828 1593 culmen,
1853 1551 1913 1586 ille
1936 1551 2153 1587 examinabit
2176 1551 2270 1596 quod
2288 1562 2312 1587 a
2331 1552 2434 1588 nobis
2455 1552 2516 1588 de-

292 1595 361 1639 σὴν
393 1599 679 1642 καταπίμψομεν
716 1593 845 1641 ἀρχήν,
883 1597 1013 1630 ἐκεῖνος
1047 1593 1293 1641 προςεξετάσει
1328 1593 1371 1629 τὸ
1441 1596 1608 1638 cernitur,
1634 1595 1738 1630 alteri
1762 1606 1844 1632 vero
1863 1597 1950 1632 nulli
1973 1597 2116 1642 penitus
2139 1597 2283 1632 licentia
2303 1597 2370 1632 erit
2389 1607 2518 1633 vexare

291 1638 382 1688 παρ’
408 1638 514 1685 ἡμῶν
537 1638 797 1688 ἐγκρινόμενυν.
842 1642 953 1688 ἑτέρῳ
979 1639 1018 1675 δὲ
1040 1637 1161 1675 οὐδενὶ
1185 1639 1372 1675 παντελῶς
1440 1641 1641 1676 subiectos:
1668 1643 1847 1685 quatenus
1871 1642 2073 1686 provincias
2099 1642 2280 1678 videamus
2299 1652 2428 1678 rursus
2451 1642 2515 1678 bo-

291 1683 396 1720 ἇδεια
416 1685 607 1733 γενήσεται
631 1684 815 1728 λεηλατεῖν
843 1687 886 1720 τὸ
906 1683 1079 1729 ὑπήκοον·
1116 1682 1218 1721 ὅπως
1240 1684 1286 1720 ἂν
1309 1685 1371 1720 τὰς
1386 1688 1427 1721 30
1439 1685 1593 1721 minibus
1643 1685 1752 1730 lenas,
1788 1696 1915 1721 rursus
1938 1687 2092 1732 propriis
2117 1687 2252 1723 civibus
2275 1686 2457 1731 florentes,
2481 1691 2518 1722 et

291 1732 465 1777 ἐπαρχίας
482 1728 621 1774 ἴδοιμεν
641 1730 752 1766 πάλιν
772 1729 991 1778 ἀνθρώπων
1008 1730 1147 1775 μεστάς,
1170 1729 1279 1766 πάλιν
1298 1733 1371 1765 τοῖς
1440 1741 1513 1766 11811
1538 1741 1603 1766 8811
1634 1741 1721 1766 uens
1745 1731 1804 1766 1118
1828 1731 2018 1767 multitudo
2041 1732 2223 1768 hominum
2250 1732 2297 1767 ad
2319 1742 2420 1768 suam
2444 1736 2517 1768 ter-

292 1776 434 1810 ἐαυτῶν
457 1775 622 1811 πολίταις
644 1774 828 1821 κομώσας,
861 1779 920 1810 καὶ
949 1775 999 1820 μὴ
1022 1779 1171 1821 συρρέον
1203 1777 1369 1810 ἐνταῦθα
1440 1786 1516 1810 ram
1539 1786 1697 1811 remeare
1719 1780 1866 1821 propter
1883 1776 2041 1812 iudicum
2061 1777 2232 1813 malitiam
2255 1787 2328 1813 non
2348 1777 2516 1814 confidat.

291 1819 434 1864 πλῆθος
461 1818 680 1868 ἀνθρώπων
709 1822 758 1855 εἰς
787 1821 855 1864 τὴν
884 1821 1026 1855 ἑαυτῶν
1057 1822 1124 1867 γῆν
1152 1819 1371 1855 ἐπανελθεῖν
1441 1821 1637 1866 Propterea
1659 1821 1767 1865 igitur
1790 1821 1969 1857 sancimus
1995 1826 2093 1857 tuam
2117 1821 2360 1858 celsitudinem
2383 1833 2516 1867 nequa-

292 1863 352 1901 διὰ
386 1864 455 1909 τὴν
487 1867 566 1900 τῶν
604 1863 794 1911 ἀρχόντων
833 1869 963 1900 κακίαν
999 1864 1049 1910 μὴ
1085 1866 1254 1919 θαρροίη.
1303 1865 1371 1900 Διὰ
1442 1876 1546 1910 quam
1571 1866 1703 1902 divisas
1727 1866 1861 1901 habere
1878 1866 2082 1902 Pisidorum
2103 1867 2219 1912 gentis
2238 1867 2516 1904 administratio-

291 1911 399 1946 τοῦτο
428 1914 554 1945 τοίνυν
585 1911 812 1955 θεσπίζομεν
841 1909 909 1954 τὴν
940 1910 1007 1954 σὴν
1038 1907 1215 1956 ὑπεροχην
1244 1914 1370 1955 μηκέτι
1385 1915 1426 1947 35
1441 1921 1514 1954 nes,
1540 1911 1602 1946 sed
1626 1922 1736 1945 unum
1761 1921 1838 1947 esse
1861 1911 1898 1946 in
1923 1922 1966 1947 ea
1982 1912 2188 1957 spectabilis
2210 1913 2387 1957 praetoris
2406 1912 2517 1958 magi-

292 1954 506 2004 διηρημέναε
525 1958 621 1998 ἔχειν
639 1955 702 1990 τὰς
722 1958 785 1990 τοῦ
805 1953 972 1990 Πισιδῶν
991 1956 1124 1990 ἔθνους
1142 1953 1259 2001 ἀρχάς,
1283 1954 1372 1990 ἀλλὰ
1440 1959 1602 1997 stratum,
1628 1956 1744 2000 ipsum
1762 1956 1900 2000 quidem
1916 1957 2114 2000 militarem,
2140 1957 2258 2002 ipsum
2276 1967 2361 1993 vero
2380 1957 2518 1993 civilem

290 1993 380 2046 μίαν
403 2000 495 2035 εἶναι
528 2000 596 2044 τὴν
619 2002 660 2035 ἐν
683 1998 774 2048 αὐτῇ
805 2002 870 2036 τοῦ
893 2000 1135 2048 περιβλεπτου
1168 2005 1372 2046 πραίτωρος
1441 2002 1686 2042 constitutum,
1709 2005 1744 2035 et
1765 2001 1925 2036 similiter
1942 2002 2082 2046 quidem
2099 2002 2275 2038 fiscalium
2294 2002 2519 2048 civiliumque

291 2043 414 2091 ἀρχήν,
445 2043 561 2089 αὐτὴν
581 2047 650 2090 μὲν
673 2045 949 2092 στρατιωτικήν,
983 2045 1096 2089 αὐτὴν
1121 2043 1161 2079 δὲ
1184 2045 1371 2089 πολιτικὴν
1440 2049 1645 2087 curantem,
1682 2045 1844 2081 similiter
1878 2051 1995 2081 autem
2031 2048 2203 2082 militibus
2239 2047 2517 2092 praesedentem,

292 2090 548 2133 καθεστῶσαν,
578 2093 638 2125 καὶ
669 2088 801 2134 ὁμοίως
823 2093 892 2135 μὲν
920 2092 999 2125 τῶν
1031 2089 1214 2133 δημοσίων
1242 2104 1282 2124 τε
1313 2093 1372 2124 καὶ
1442 2095 1619 2136 quatenus
1650 2091 1787 2126 alterno
1821 2091 1955 2127 solacio
1989 2095 2025 2128 et
2053 2093 2313 2128 administratio
2343 2103 2387 2129 ex
2409 2093 2518 2128 armis

292 2134 492 2171 πολιτικῶν
511 2137 788 2182 φροντίζουσαν,
819 2133 949 2180 ὁμοίως
973 2133 1013 2169 δὲ
1035 2136 1113 2170 τῶν
1133 2137 1373 2180 στρατιωτῶν
1385 2139 1428 2171 40

290 2178 501 2236 ἡγουμένην,
541 2177 630 2214 aisn
657 2181 704 2227 τῇ
739 2178 792 2213 δι’
822 2178 987 2223 ἀλλήλων
1021 2180 1180 2224 βοηθείᾳ
1214 2183 1275 2213 καὶ
1304 2178 1372 2223 τὴν

291 2225 403 2271 αρχὴν
433 2227 473 2259 ἐκ
501 2226 580 2259 τῶν
613 2221 740 2260 ὅπλων
775 2223 923 2271 ἰσχυρὰν
955 2224 1049 2258 εἶναι
1083 2228 1142 2258 καὶ
1174 2223 1240 2267 τὴν
1270 2221 1369 2259 ὁπλι-

292 2320 328 2352 et
350 2315 418 2351 deo
437 2315 631 2351 servientes
653 2318 689 2350 et
706 2314 846 2361 leqibus
867 2314 1114 2350 subvenientes
1136 2313 1174 2348 in
1197 2324 1278 2349 eum
1301 2317 1343 2349 ut
1361 2312 1464 2349 decet
1486 2313 1821 2356 animadvertemus,
1845 2315 1877 2350 si
1896 2315 2041 2361 quidem
2061 2314 2179 2360 ipsum
2201 2316 2258 2351 vet
2272 2317 2402 2361 limari
2415 2316 2518 2361 forte

292 2363 348 2397 vel
369 2360 514 2413 qratiae
543 2363 609 2395 aut
632 2359 717 2395 odio
750 2359 875 2395 cedere
903 2359 962 2395 vel
990 2359 1087 2405 leqes
1110 2362 1258 2394 nostras
1285 2358 1423 2394 violare
1451 2359 1727 2405 reppererimus.
1789 2358 1870 2406 lpsi
1892 2359 1986 2395 enim
2017 2369 2097 2394 cum
2125 2359 2290 2396 subditos
2320 2361 2461 2407 eriqere
2483 2364 2518 2396 et

291 2405 397 2441 malis
419 2416 514 2452 quae
536 2415 651 2483 usqgce
674 2403 765 2440 adeo
788 2404 1019 2441 invaluerunt
1040 2403 1176 2439 mederi
1198 2403 1358 2446 velimus,
1390 2407 1427 2439 et
1448 2414 1602 2450 maynas
1625 2415 1714 2450 opes
1739 2404 1972 2451 despeximus
1998 2408 2035 2440 et
2053 2403 2104 2439 ad
2124 2402 2220 2440 hanc
2244 2409 2411 2451 spectare
2433 2416 2518 2442 con-

333 2452 339 2458 '
401 2451 409 2458 ‘
433 2462 456 2485 n
535 2454 595 2485 stu
620 2449 746 2485 uimus.

291 2455 514 2531 statutiomem
549 2494 676 2541 Neque
698 2505 784 2530 vero
807 2494 854 2529 iis
876 2493 994 2528 solum
1018 2504 1113 2539 quae
1132 2504 1247 2540 supra
1271 2505 1294 2528 a
1317 2493 1422 2528 ’tobis
1445 2492 1543 2529 dicta
1572 2499 1658 2530 sunt
1673 2495 1872 2541 providere
1900 2506 1980 2530 eum
2003 2498 2157 2545 oportet,
2187 2494 2253 2530 sed
2270 2495 2377 2530 etiam
2401 2495 2518 2542 ipsam

292 2541 434 2577 urbium
452 2540 737 2587 prosperitatem
760 2550 830 2575 neu
854 2539 1048 2585 quicquam
1072 2538 1166 2574 cives
1189 2538 1335 2583 deficiat
1358 2549 1489 2573 curare
1494 2551 1510 2580 ,·
1540 2550 1655 2585 porro
1680 2550 1794 2586 opera
1818 2550 1963 2586 quoque
1986 2539 2183 2575 civitatium
2203 2540 2382 2586 inspicere
2402 2551 2519 2587 neque

289 2586 372 2632 pati
393 2585 460 2621 hoo
481 2585 521 2620 in
544 2595 676 2632 qenere
698 2595 762 2620 eas
784 2583 982 2619 deteriores
1001 2583 1096 2629 fieri,
1119 2582 1184 2618 sed
1203 2587 1245 2618 ut
1266 2587 1302 2618 et
1321 2594 1440 2629 aquae
1459 2583 1588 2619 ductus
1611 2588 1647 2619 et
1661 2588 1797 2631 pontes
1820 2589 1856 2620 et
1874 2584 1969 2619 muri
1987 2587 2024 2619 et
2042 2584 2121 2619 viae
2139 2584 2352 2629 reficiantur
2369 2595 2518 2632 operam

292 2631 393 2675 dare,
417 2641 532 2677 neque
549 2629 763 2677 permittere
786 2627 1021 2665 exactoribus
1050 2628 1114 2674 qui
1137 2628 1224 2663 illuc
1255 2629 1402 2664 veniunt
1431 2632 1473 2663 ut
1501 2628 1666 2664 subditos
1687 2634 1835 2664 nostros
1867 2629 1942 2664 ulla
1976 2630 2013 2663 in
2042 2639 2084 2663 re
2129 2634 2279 2671 remant,
2313 2639 2379 2664 nec
2400 2631 2518 2676 maqis

291 2675 465 2712 mandata
484 2675 550 2710 illa
569 2685 664 2721 quae
694 2684 744 2710 ex
761 2685 881 2721 prava
906 2672 1050 2719 quidem
1070 2673 1329 2708 consuetudine
1332 2674 1454 2752 sum
1475 2673 1670 2720 suscipere,
1701 2684 1946 2725 quaecumque
1969 2684 1992 2708 a
2012 2639 2128 2708 sediti]
2169 2718 2176 2724 ·

290 2721 575 2768 proficiscuntur
595 2718 640 2755 de
656 2719 769 2754 muris
787 2717 1019 2754 exstruendis
1042 2721 1077 2752 et
1097 2719 1163 2754 viis
1185 2722 1329 2753 sternen
1356 2718 1388 2752 is
1411 2722 1446 2752 et
1463 2718 1633 2753 sescentis
1655 2718 1740 2753 alus
1759 2718 1890 2754 causis.
1941 2717 2098 2753 Istorum
2117 2728 2211 2753 emm
2230 2718 2387 2754 omnium
2405 2729 2517 2755 causa

291 2771 327 2802 et
349 2766 382 2801 si
405 2765 495 2817 quid
515 2769 571 2800 est
593 2764 671 2799 eius
692 2763 836 2810 qeneris
859 2762 961 2798 aliud
983 2762 1075 2798 nulli
1097 2763 1260 2798 subditos
1282 2767 1430 2798 nostros
1453 2762 1590 2797 iniuria
1613 2763 1766 2808 afficere
1787 2763 1987 2809 permittat,
2011 2773 2127 2808 neque
2148 2763 2322 2808 procedet
2340 2765 2518 2800 sententia

292 2823 316 2846 a
338 2810 482 2846 sedibus
506 2809 576 2845 tuis
599 2819 693 2855 quae
717 2808 790 2844 tale
813 2807 903 2855 quid
924 2807 1041 2843 dicat:
1063 2808 1191 2843 etenim
1211 2807 1281 2842 hoc
1303 2808 1376 2842 iam
1394 2806 1658 2854 prohibuimus.
1703 2806 1777 2843 Sed
1795 2808 1874 2854 ipse
1897 2807 2040 2853 quidem
2064 2809 2185 2842 omnia
2205 2808 2367 2851 cambit,-
2388 2809 2519 2855 quodsi

293 2866 398 2902 quem
422 2855 606 2891 mittamus
627 2853 823 2889 secundum
847 2863 990 2888 sacram
1013 2857 1176 2888 nostram
1226 2853 1463 2899 raymaticam
1486 2853 1720 2894 sanctionem,
1742 2863 1852 2898 quam
1873 2854 2035 2898 fortasse
2058 2852 2107 2887 ad
2124 2858 2240 2887 tuam*
2271 2853 2517 2898 raefecturam

292 2901 487 2941 mittemus,
523 2899 586 2934 ille
615 2899 766 2945 insuper
796 2898 982 2934 examinet
1010 2897 1110 2944 quod
1138 2863 1243 2933 noliis
1268 2897 1463 2944 probatur.
1529 2897 1603 2932 Alii
1634 2908 1719 2933 vero
1750 2897 1845 2932 nulli
1875 2898 2024 2948 omnino
2056 2898 2160 2932 vem'a
2191 2896 2217 2932 d
2263 2898 2338 2933 itur
2367 2897 2517 2945 deprae-

292 2944 406 2981 dandi
429 2944 612 2980 subditos:
634 2948 675 2979 ut
688 2943 906 2990 provincias
927 2953 1056 2978 rursus
1075 2942 1259 2978 videamus
1284 2941 1484 2977 hominibus
1507 2942 1678 2988 refertas,
1702 2952 1830 2978 rursus
1851 2952 1928 2977 suus
1950 2941 2085 2977 ambus
2105 2942 2290 2987 florentes,
2319 2953 2405 2979 neve
2427 2944 2517 2979 mul-

294 2989 411 3026 titudo
443 2989 624 3025 nominum
659 2987 729 3024 huc
763 2988 948 3035 confluens
982 2989 1020 3022 in
1047 2988 1213 3034 patriam
1248 2998 1351 3022 suam
1390 2986 1511 3022 redire
1551 2992 1707 3033 propter
1740 2987 2018 3033 maqistratuum
2054 2987 2229 3022 malitiam
2263 2997 2338 3022 non
2372 2987 2516 3024 audeat.

292 3034 497 3082 Propterea
519 3034 635 3080 iqitur
657 3033 855 3075 sancimus,
888 3037 929 3068 ut
952 3036 1014 3067 tua
1043 3031 1244 3067 sublimitas
1274 3032 1510 3078 maqistratus
1541 3033 1661 3078 qentis
1684 3031 1894 3068 Pisidarum
1924 3043 1997 3067 non
2028 3031 2185 3077 amplius
2211 3031 2346 3067 divisos
2375 3032 2517 3076 habeat,

290 3079 357 3115 sed
377 3090 453 3115 una
475 3079 523 3115 sit
545 3079 584 3113 in
608 3090 651 3113 ea
673 3078 880 3125 spectabilis
896 3077 1084 3124 praetoris
1133 3081 1278 3119 otestas,
1309 3087 1405 3122 quae
1428 3077 1597 3112 militaris
1626 3077 1750 3112 eadem
1778 3081 1814 3112 et
1837 3076 1953 3112 civilis
1983 3077 2031 3111 sit
2061 3086 2105 3111 ac
2133 3076 2276 3123 pariter
2332 3076 2461 3113 ublicis
2482 3081 2517 3113 et

291 3123 454 3161 civilibus
483 3123 592 3160 rebus
621 3123 839 3169 prospiciat,
864 3123 1012 3169 pariter
1039 3088 1214 3157 militibus
1236 3121 1402 3168 praesit:
1431 3126 1473 3157 ut
1496 3127 1620 3157 mutuo
1652 3122 1795 3158 auxilio
1826 3126 1862 3157 et
1890 3121 2125 3167 maqistratus
2155 3121 2268 3156 armis
2322 3127 2459 3158 metm
2482 3126 2518 3158 et

337 3217 356 3249 3
381 3214 417 3248 εἴ
433 3227 474 3261 γε
497 3215 594 3267 Bm)
618 3213 689 3247 εἴτε
714 3215 786 3247 ML
809 3214 821 3256 ΙΙ
851 3216 871 3247 4
895 3210 1040 3260 χάριτας
1064 3213 1095 3246 L
1121 3211 1134 3256 Ι
1165 3208 1173 3220 ‘
1201 3209 1367 3255 τώμενον
1446 3213 1494 3246 V²
1507 3212 1792 3245 transoindentens
1809 3211 1859 3246 V²
1876 3211 1888 3254 fl
1904 3214 1924 3245 6
1945 3211 2146 3254 dispeximus
2165 3211 2199 3245 V
2184 3212 2222 3288 ⁷ss
2242 3213 2278 3246 11
2293 3210 2450 3262 ciuilibus
2465 3210 2515 3262 VJ!

292 3259 356 3304 Bu
382 3263 462 3304 5011.
487 3257 700 3303 βουλομενοι
714 3278 755 3283 -—
768 3256 962 3304 χρημάτων
979 3269 1020 3291 τε
1038 3252 1164 3303 ὑπερεί
1184 3259 1285 3300 ομεν]
1312 3268 1366 3288 vo·
1441 3259 1480 3290 14
1504 3257 1706 3299 aqueduotos
1739 3255 1794 3301 Vfl
1824 3258 1864 3291 15
1889 3255 1960 3289 illic
1994 3257 2039 3298 V]
2072 3255 2154 3289 illuc
2227 3256 2240 3308 j
2271 3257 2311 3291 16
2334 3258 2514 3289 mononi-

291 3305 401 3338 lumus
421 3323 465 3329 -
484 3305 643 3360 pecunias
665 3306 775 3336 autem
797 3304 1006 3346 despeximus
1030 3313 1050 3339 ς
1096 3304 1116 3337 8
1141 3299 1369 3345 ὀσπευσᾶμην
1437 3302 1498 3334 bus
1523 3302 1556 3335 T
1568 3301 1580 3345 ΙΙ
1602 3304 1640 3336 17
1666 3312 1751 3344 quae
1775 3314 1833 3335 om.
1860 3300 1917 3346 1711
1937 3303 1976 3335 19
2000 3301 2077 3334 aliis
2099 3299 2327 3334 den-imnibun
2347 3299 2381 3333 V
2420 3302 2457 3333 21
2486 3300 2514 3332 si

292 3349 372 3392 B‘fl
392 3353 432 3383 10
454 3349 562 3392 αυτῆς
581 3362 639 3383 om.
653 3361 673 3385 ς
690 3348 703 3393 11
722 3351 758 3382 11
781 3348 857 3389 τοῦ]
878 3348 985 3381 τοῦτο
1001 3347 1054 3381 B⁰
1104 3348 1143 3381 13
1164 3343 1290 3380 αὐτοὺς
1306 3348 1336 3379 L
1357 3345 1369 3391 ΙΙ
1437 3346 1570 3388 quidem
1597 3346 1650 3391 ΤΙΙ
1670 3349 1711 3381 23
1737 3347 1824 3380 enim
1853 3346 1906 3389 ΤΙΙ
1933 3348 1976 3380 24
2000 3356 2081 3379 cura
2110 3344 2167 3390 Vfl
2190 3346 2232 3380 25
2253 3353 2349 3396 quom
2449 3354 2513 3386 que

295 3395 334 3426 14
353 3394 430 3427 τῶν
449 3407 507 3428 om.
522 3393 581 3438 Lfl
603 3396 642 3429 15
663 3395 723 3427 καὶ
737 3394 847 3435 τείχη]
867 3394 927 3425 καὶ
948 3393 1058 3426 orn-M
1079 3391 1084 3436 Ι
1104 3393 1146 3426 23
1167 3389 1255 3437 πρὸς
1276 3388 1367 3424 ἐλεύ-
1439 3392 1472 3424 Τ
1483 3390 1496 3435 ΙΙ
1515 3393 1556 3425 26
1579 3391 1759 3424 direximus
1772 3391 1849 3425 libri
1865 3390 1878 3435 ΙΙ
1894 3393 2004 3432 quem]
2018 3384 2212 3443 leq-quain?
2226 3388 2355 3442 ..eham
2378 3388 2511 3441 Vvulyss

292 3447 392 3471 σεται
408 3439 463 3478 Lu
482 3441 525 3474 24
550 3439 589 3471 ἐκ
610 3438 689 3473 τῶν
705 3439 771 3479 Be]
796 3438 835 3470 tx
860 3450 918 3470 om.
934 3437 1006 3470 ML
1021 3436 1034 3480 ΙΙ
1061 3438 1104 3471 26
1123 3435 1229 3470 θεῖον
1251 3431 1367 3480 ἡμῶν]
1437 3448 1497 3469 om.
1512 3437 1545 3470 T
1564 3436 1569 3480 Ι
1587 3437 1825 3469 destinauimns
1846 3443 1875 3469 et
1896 3438 1936 3469 27
1951 3436 2156 3469 examin-‚uit
2167 3433 2244 3467 Idm
2260 3431 2274 3476 Ι
2289 3433 2331 3466 27
2355 3433 2512 3466 discerni-

292 3480 398 3514 θεΐον
415 3482 530 3525 νόμον
547 3479 650 3526 ἡμῶν
661 3484 704 3523 L,
729 3496 787 3516 om.
801 3481 849 3526 eu
869 3484 909 3515 27
932 3481 1028 3523 ἴσως]
1053 3481 1170 3515 merito
1194 3481 1293 3514 etiam
1316 3492 1336 3517 e
1358 3481 1370 3524 Η
1438 3483 1494 3513 tur
1514 3481 1546 3514 V
1587 3482 1625 3515 31
1649 3481 1829 3514 comfluens
1857 3479 1915 3524 Vl}
1936 3482 1979 3515 32
2003 3479 2161 3514 romunt
2181 3476 2216 3512 Τ
2241 3481 2425 3528 remaneret
2453 3478 2485 3511 V
2501 3478 2514 3522 ΙΙ

292 3526 490 3577 29Ιότέροις
514 3530 544 3561 L
563 3531 633 3571 1134
658 3527 831 3580 θαρροίη.
841 3527 950 3567 ΜΒς]
976 3526 1201 3579 θαρροῦντες
1221 3526 1253 3559 L
1276 3524 1332 3559 θα
1438 3526 1703 3578 iudicium-libri
1728 3524 1742 3571 ΙΙ
1771 3527 1813 3561 33
1838 3523 2047 3578 nequam·V
2067 3521 2266 3574 noquest'fl
2299 3523 2343 3556 34
2366 3522 2513 3556 diuersas

291 3568 1341 3662 ffi'ssewss‘322222391255250‘55‘3'5..7³:325ssssOE
1353 3570 1371 3603 ⁶
1438 3564 2486 3659 ἔέὲὲῗέῗιὼῖνῖᾝᾝωᾝῗῖἕῖᾎέῃῗέωᾟιζ
2499 3610 2506 3658 1

292 3652 1364 3686 --—-—————————-2-—-——-—--———
1437 3661 1480 3693 39
1504 3670 1543 3692 ex
1567 3660 1667 3693 armis
1689 3662 1723 3693 et
1746 3659 1841 3693 sortis
1864 3658 1960 3702 (foria
1983 3656 2032 3699 T)
2055 3656 2148 3697 libri,
2171 3657 2205 3688 et
2229 3659 2416 3700 transposui
2438 3665 2515 3692 ante

338 3703 360 3736 2
383 3703 615 3744 castigauimus
636 3707 712 3740 libri
755 3708 777 3740 4
801 3707 991 3740 conuictum
1015 3706 1047 3739 T
1059 3705 1073 3750 ΙΙ
1090 3705 1367 3740 tramindentem
1436 3704 1679 3738 administratio

2115 2683 2158 2708 us
2181 2676 2265 2709 tuae
2286 2673 2518 2710 sublimitatis
