2580 4022
2133 152 2191 182 DE
2221 151 2456 184 SAMARITIS

1302 96 1401 180 710*

1221 245 1376 281 CAPUT
1400 246 1446 281 11.

366 308 597 356 Ἐξαιροίῗμεν
629 308 669 345 δὲ
695 312 761 346 τοῦ
792 311 970 357 παρόν-τος
999 311 1112 355 νόμου
1139 312 1222 346 τοὺς
1251 311 1296 346 τὰ
1321 313 1560 356 Σαμαρειτῶν
1590 312 1854 358 πρεσβεύοντας
1881 314 2066 360 γεωργούς,
2097 312 2159 350 οὐκ
2192 313 2314 350 αἰτῶν
2340 314 2456 361 χάριν,

236 352 323 388 ἀλλὰ
349 354 409 388 διὰ
432 356 495 389 τὰς
518 357 595 389 τῶν
619 357 702 400 παρ’
730 354 849 391 αὐτῶν
869 359 1149 411 γεωργουμένων
1172 360 1318 401 χωρίων
1337 356 1524 391 συστάσεις
1547 360 1606 391 καὶ
1630 355 1691 391 διὰ
1712 358 1791 391 τοὺς
1815 359 1957 393 ἐκεῖθεν
1974 361 2212 406 εἰςαγομένους
2227 362 2280 403 τῷ
2298 358 2456 404 δημοσίῳ

235 399 363 444 φόρους
394 413 433 433 τε
464 403 523 434 καὶ
554 400 759 456 προςόδους,
789 401 827 441 ἐξ
857 405 1038 446 αγροικίας
1068 414 1108 435 τε
1137 403 1401 446 πλανωμένους.
1447 402 1587 436 τούτοις
1616 402 1685 448 γὰρ
1714 401 1863 458 γράφειν
1894 405 2037 448 ἐφίεμεν
2066 403 2305 450 κληρονόμους
2335 418 2374 439 τε
2397 409 2457 439 καὶ

234 443 275 485 λη
301 448 465 489 αταριόυς
488 443 569 479 τοὺς
594 443 717 479 αὐτῶν
741 445 909 479 ανιόντας
931 459 972 479 τε
995 448 1054 479 καὶ
1078 446 1270 480 κατιόντας
1293 449 1352 480 καὶ
1372 446 1454 480 τοὺς
1478 448 1515 480 ἐκ
1539 446 1691 492 πλαγίου
1713 449 1835 481 αυτῶν
1860 451 2045 494 συγγενεῖς,
2069 449 2138 484 κᾶν
2161 451 2191 484 εἰ
2215 451 2456 496 Σαμαρειτικῇ

234 457 354 535 πιίόὶνῃ
385 492 585 534 κρατοῖντο,
615 492 860 536 γεωργοῦντας
888 493 1012 533 μέντοι
1040 490 1085 523 τὰ
1113 489 1231 537 γήδια,
1257 489 1305 525 ῶς
1333 493 1395 534 τῆς
1425 492 1599 525 ἐντεῦθεν
1629 488 1795 536 εὐπορίας
1826 493 1872 525 εἷς
1898 492 1979 527 τοὺς
2008 493 2054 527 τὰ
2082 498 2196 539 χωρία
2228 498 2457 538 κεκτημένους

234 536 384 579 φερομέν
409 545 424 567 ς
454 537 514 567 καὶ
546 531 590 568 δι’
618 533 740 569 αὗτιῦν
772 536 818 568 εἰς
849 534 891 568 τὸ
917 533 1102 578 δημόσιον.
1149 539 1209 568 καὶ
1233 533 1424 579 διαθηκῶν
1449 534 1488 569 δὲ
1510 539 1615 581 χωρὶς
1638 536 1673 569 οἱ
1692 537 1957 581 προρρηθέντες
1980 538 2040 572 ἐπὶ
2062 539 2130 572 τὸν
2149 537 2314 583 ἀλλήλων
2334 536 2458 582 ἥξουσι

232 578 361 622 κλῆρον
408 577 445 612 ιὰ
469 579 538 621 τὴν
562 576 673 621 αὐτὴν
697 577 892 624 πρόφασιν.
942 581 1019 613 ἐπεὶ
1042 582 1100 612 καὶ
1124 577 1276 623 μηδενὸς
1295 578 1439 614 τούτων
1460 579 1708 626 εὑρισκομένου
1732 581 1799 615 τὸν
1823 581 1944 626 κύριον
1960 583 2023 616 τοῦ
2038 588 2180 628 χωρίου,
2204 586 2243 618 ἐν
2259 585 2288 626 ᾧ
2304 584 2458 630 γεωργὸς

232 623 278 664 ἠν
309 621 328 655 ὁ
361 622 581 666 τελευτήσας,
614 624 660 656 τὰ
692 622 775 669 παρ’
799 626 933 658 ἐκείνου
962 623 1257 670 καταλειφθέντα
1285 624 1487 669 λαμβάνειν
1518 625 1728 669 βουλόμεθα
1760 629 1819 659 καὶ
1847 628 1916 668 τὴν
1945 628 2009 660 τοῦ
2041 632 2198 671 ταμιείου
2229 629 2335 670 τάξιν
2365 632 2458 671 ἔχειν

231 669 254 703 1
302 664 424 711 αὐτόν,
448 667 506 701 οἷα
530 667 573 712 δὴ
596 672 655 702 καὶ
678 668 760 703 τοῖς
783 668 969 712 δημοσίους
993 667 1123 715 φόρους
1146 667 1235 714 ὑπὲρ
1258 671 1392 704 ἐκείνου
1413 670 1628 716 πληροῦντα.
1677 673 1906 715 Σαμαρείτην
1931 669 1970 704 δὲ
1991 670 2255 716 στρατεύεσθαι
2272 673 2458 708 παντελῶς

232 708 273 745 ού
297 714 557 757 συγχωροῦμεν,
583 710 657 747 ἀλλ’
683 711 766 747 οὐδὲ
790 713 979 747 πολιτικὸν
1001 717 1160 757 μετιέναι
1184 713 1399 759 φοόντισμα,
1423 712 1504 749 οἰδὲ
1525 716 1599 759 μὴν
1623 719 1829 761 συνηγορεῖν
1852 713 1874 758 ἢ
1899 713 2121 760 συνεδρεύειν
2143 714 2165 760 ἢ
2188 721 2259 752 τοῖς
2283 718 2456 765 λογιωτά-

230 758 255 792 2
300 769 374 791 τοις
394 758 638 792 συνίστασθαι
664 757 834 803 ῥήτορσιν
858 755 950 793 ὅλως
975 755 997 800 ἢ
1020 761 1118 792 νέους
1142 744 1336 793 παιδεύειν.
1384 761 1429 793 Εἰ
1455 759 1493 794 δὲ
1515 764 1578 793 καί
1596 771 1691 793 τινες
1715 762 1753 792 ἐκ
1775 758 1916 794 τούτων
1940 760 2107 803 τυχόντες
2127 763 2189 795 τοῦ
2209 761 2458 807 σωτηριῶδους

230 805 481 845 βαπτίσματος
514 806 658 848 φανεῖεν
690 806 749 837 ἐπὶ
778 803 846 846 τὴν
878 805 1058 848 προτέραν
1091 802 1235 847 πλάνην
1265 803 1542 849 ἐπανελθόντες,
1574 803 1620 838 τοὶ
1653 803 1821 848 σάββατα
1853 804 2216 850 παραφυλαττόμενοι
2240 804 2261 849 ἢ
2285 811 2346 841 καὶ
2369 806 2459 841 ἄλλα

231 847 314 879 τινὰ
347 846 565 891 πράττοντες
592 848 638 881 τὰ
663 846 889 893 διελέγχοντα
915 845 1016 881 aizoi
1023 859 1038 881 ς
1061 844 1243 893 ὑποκρίσει
1263 848 1305 882 τὸ
1331 846 1434 895 ἅγιον
1458 848 1683 893 παραλαβεῖν
1707 848 1905 893 βάπτισμα,
1932 847 2153 893 δημεύεσθαι
2175 851 2322 886 τούτους
2345 851 2458 886 κελεύ-

231 904 319 933 ομεν
348 893 407 924 καὶ
438 892 528 933 πρὸς
559 892 699 938 ἐξορίαν
733 891 875 935 διηνεκῆ
901 890 1186 937 παραδίδοσθαι.
1233 896 1309 927 ταῖς
1333 891 1372 927 δὲ
1392 891 1514 928 αὐταῖς
1537 891 1720 940 ύπάγομεν
1745 897 1886 929 ποιναῖς
1909 898 1968 928 καὶ
1991 895 2072 929 τοὺς
2095 892 2207 939 ἀσεβῆ
2231 901 2458 941 προστασίαν

230 936 255 971 3
300 936 392 969 κατὰ
418 938 480 979 τῆς
511 934 626 981 ὀρθῆς
654 938 731 971 τῶν
754 938 988 982 Χριστιανῶν
1019 941 1175 971 πίστεως
1203 941 1276 972 τοῖς
1303 937 1476 972 τοιούτοις
1506 936 1763 983 ἀπονέμοντας.
1813 938 1941 973 Καλῶς
1974 938 2014 973 δὲ
2042 941 2135 982 ἔχειν
2167 939 2263 974 δοκεῖ
2291 940 2333 975 τὸ
2368 940 2458 986 μηδὲ

231 984 425 1024 προχείρως
460 978 588 1015 αὐτοὺς
621 980 841 1024 εἰςδέχεσθαι
873 983 926 1024 τῷ
963 978 1129 1026 άχράντῳ
1167 986 1442 1027 προςτρέχοντας
1477 987 1716 1028 βαπτίσματι,
1747 981 1838 1017 ἄλλα
1864 983 1954 1027 μετά
1984 995 2080 1019 τινος
2109 985 2365 1031 παραφυλακῆς
2399 990 2458 1020 καὶ

230 1025 456 1068 κατηχήσεως
486 1027 525 1060 ἐν
556 1023 724 1069 ἀρκοῦντι
754 1027 874 1072 χρόνῳ
897 1030 1093 1073 γινομένης.
1142 1030 1260 1073 φαμὲν
1284 1026 1327 1071 δὴ
1351 1027 1432 1062 τοὺς
1454 1030 1521 1072 μὲν
1546 1029 1606 1071 τῆς
1628 1029 1778 1071 χρηστῆς
1803 1026 2033 1063 διδασκαλίας
2057 1025 2149 1064 ὅλως
2171 1030 2458 1074 αἰσθανομένους

230 1071 291 1104 ἐπὶ
322 1070 504 1104 ἐνιαυτοὺς
536 1069 600 1104 δύο
629 1072 867 1114 κατηχεῖσθαι
896 1070 1103 1115 μανθάνειν
1133 1086 1173 1106 τε
1204 1072 1268 1106 τὰς
1299 1073 1438 1119 γραφὰς
1462 1073 1553 1106 κατὰ
1576 1072 1618 1106 τὸ
1645 1072 1814 1116 δυνατόν,
1839 1077 1898 1107 καὶ
1921 1073 2006 1108 τότε
2030 1087 2058 1110 π
2081 1076 2296 1121 οςφέρεσθαι
2318 1077 2371 1119 τῷ
2396 1077 2458 1118 τῆς

231 1112 514 1160 ἀπολυτρώσεως
538 1113 630 1162 ἁγίῳ
653 1120 894 1160 βαπτίσματι,
918 1117 962 1163 τῇ
985 1120 1161 1160 μετανοίᾳ
1184 1118 1247 1151 τοῦ
1271 1118 1440 1151 τοσούτου
1456 1116 1585 1162 χρόνου
1602 1120 1866 1163 καρπουμένους
1880 1117 1949 1162 τὴν
1969 1117 2016 1153 ιὺς
2031 1117 2054 1152 οἱ
2079 1120 2182 1162 ηθοῦς
2196 1117 2457 1163 ἀπολύτρωσιν.

229 1159 310 1193 τοὺς
340 1157 380 1193 δὲ
410 1163 507 1194 νέους
536 1159 679 1206 σφόδρα
709 1164 769 1194 καὶ
802 1159 1033 1195 διδασκαλίας
1061 1159 1103 1195 οὐ
1134 1165 1318 1196 συνιέντας
1342 1164 1486 1207 ἐφίεμεν
1510 1165 1568 1195 καὶ
1591 1163 1652 1204 τῆς
1675 1160 1955 1210 παρατηρήσεως
1978 1165 2108 1207 ταύτης
2131 1167 2238 1209 χωρὶς
2262 1162 2456 1205 ἀξιοῦσθαι

228 1204 254 1239 4
298 1205 361 1238 τοῦ
393 1202 495 1251 ἁγίου
525 1209 785 1250 βαπτίσματος.
833 1209 1056 1251 Σαμαρείτης
1087 1204 1127 1240 δὲ
1157 1203 1269 1241 οἰδεὶς
1299 1207 1440 1250 οἰκέτην
1464 1207 1687 1263 Χριστιανὸν
1720 1207 1800 1250 ἕξει,
1829 1204 1900 1242 ἀλλ’
1928 1204 2001 1251 ἅμα
2021 1210 2074 1251 τῷ
2099 1209 2308 1252 κτήσασθαι
2328 1211 2458 1244 τοῦτον

230 1245 367 1283 εὐθέως
399 1251 446 1284 εἰς
475 1249 686 1295 ἐλευθερίαν
716 1249 959 1296 ἁρπάζεσθαι.
1008 1252 1038 1284 εἰ
1070 1248 1110 1284 δὲ
1140 1254 1199 1285 καὶ
1229 1253 1292 1295 τῆς
1323 1249 1448 1296 ὁμοίας
1472 1252 1570 1295 αυτῷ
1591 1250 1799 1292 κακοδοξίας
1820 1249 1838 1286 ὁ
1861 1253 1995 1295 οἰκέτης
2019 1254 2082 1297 εἴη,
2107 1254 2241 1294 ἐξέστω
2265 1250 2364 1298 αύτῷ
2389 1255 2458 1298 τὴν

228 1295 305 1328 τῶν
329 1297 563 1339 Χριστιανῶν
587 1292 825 1340 ἇσπαζομένῳ
851 1294 963 1336 δόξαν
987 1293 1094 1330 εὐθὺς
1117 1299 1176 1330 καὶ
1200 1297 1263 1340 τῆς
1286 1297 1467 1342 ῥωμαϊκῆς
1489 1294 1684 1332 ἀπολαύειν
1708 1297 1921 1342 ἐλευθερίας.

362 1338 650 1395 (Enii-oyes.)
700 1340 749 1374 Τὰ
780 1344 902 1375 τοίνυν
932 1340 1174 1385 παραστάντα
1205 1339 1290 1385 ἡμῖν
1321 1345 1380 1375 καὶ
1413 1340 1566 1375 διὰ“τοῦ
1599 1340 1778 1386 παρόντος
1799 1340 1998 1386 δηλούμενα
2021 1340 2173 1386 νόμουὴ
2199 1343 2243 1387 σὴ
2269 1342 2459 1387 ἐνδοξότης

229 1385 448 1428 προτιθεῖσα
471 1385 564 1419 κατὰ
587 1396 668 1419 τους
691 1384 861 1428 συνήθεις
884 1384 1013 1420 τόπους
1033 1388 1125 1432 ἔργῳ
1149 1389 1209 1419 καὶ
1233 1389 1361 1430 πέρατι
1386 1399 1437 1422 πα
1462 1384 1645 1430 αὸοθῆναι
1669 1386 1913 1433 προςταξάτω.
1961 1388 2007 1423 D.
2027 1388 2106 1424 XV.
2130 1389 2165 1424 k.
2189 1388 2268 1424 Iun.
2287 1389 2355 1424 GP.
2373 1390 2458 1434 imp.

229 1429 286 1463 du.
313 1429 439 1465 Iustini
462 1441 523 1475 pp.
548 1432 638 1474 Aug.
659 1439 753 1466 anno
777 1431 856 1466 V11.
878 1434 962 1475 post
985 1441 1083 1466 cons.
1106 1431 1262 1466 eiusdem
1286 1442 1379 1467 anno
1403 1400 1466 1467 Vf.
2297 1436 2342 1476 [a.
2369 1437 2457 1476 572.)

238 136 345 180 Nov.
371 137 539 179 CXLIV
567 139 593 177 2

295 1532 321 1553 c.
338 1521 382 1553 II
399 1521 421 1564 ξ
437 1522 456 1554 3
483 1534 521 1554 ετ
544 1521 580 1554 Β
606 1522 701 1555 habet
723 1520 903 1556 ΝοηιοσΔῙῑ1η
918 1521 1017 1554 XIV
1035 1522 1081 1555 tit.
1099 1523 1131 1563 4,
1148 1529 1176 1563 4,
1200 1524 1315 1565 repetit
1338 1522 1499 1556 Nomen·
1519 1523 1550 1563 4,
1567 1530 1582 1555 7
1613 1522 1759 1565 (utroque
1790 1523 1856 1556 loco
1887 1524 1978 1556 initio
2004 1525 2049 1556 ad
2074 1530 2188 1558 textum
2214 1525 2315 1567 ipsius
2338 1525 2457 1558 Nomo-

229 1567 361 1598 canonis
393 1568 426 1598 in
458 1568 583 1600 brevius
613 1567 804 1608 contracto);
834 1578 986 1599 summam
1018 1567 1149 1600 Nomoc.
1175 1567 1274 1600 XIV
1288 1568 1333 1600 tie.
1359 1569 1393 1608 4,
1415 1574 1453 1606 43
1485 1568 1527 1610 cf
1553 1569 1584 1608 4,
1606 1575 1634 1601 7.
1667 1585 1708 1590 -—
1741 1568 1761 1609 ξ
1787 1569 1810 1601 4
1839 1579 1990 1601 summam
2014 1569 2090 1602 Ath.
2123 1576 2268 1612 repetunt
2294 1570 2458 1612 paratitlo

227 1610 303 1642 Aa.
331 1611 371 1644 18
395 1611 416 1654 ς
441 1612 472 1643 3.

1548 1671 1652 1679 0..—

1855 1673 1995 1680 .-⁴-.—...

362 1707 408 1743 11.
457 1707 674 1754 Excipimus
708 1712 826 1744 autem
862 1719 885 1743 a
907 1708 1098 1754 praesenti
1127 1708 1205 1755 leqe
1236 1709 1382 1745 colonos
1412 1709 1475 1754 qui
1502 1709 1767 1745 Samaritarum
1796 1714 1922 1756 partes
1949 1714 2159 1756 sequuntur,
2195 1723 2267 1748 non
2298 1713 2458 1759 ipsorum

227 1752 364 1798 qratia,
393 1752 458 1788 sed
484 1757 637 1799 propter
666 1753 895 1788 condiciones
918 1753 1156 1798 praediorum
1186 1765 1279 1799 quae
1310 1754 1354 1789 ab
1384 1754 1430 1789 iis
1460 1753 1628 1789 coluntur
1658 1759 1693 1790 et
1720 1759 1874 1801 propter
1906 1755 2040 1790 tributa
2071 1760 2106 1791 et
2128 1756 2266 1792 reditus
2289 1758 2353 1803 qui
2376 1758 2458 1795 inde

225 1797 316 1841 fisco
340 1797 560 1842 inferuntur,
584 1808 663 1832 cum
684 1798 896 1843 praesertim
921 1808 971 1833 ex
993 1798 1193 1833 rusticitate
1215 1802 1348 1833 errent.
1387 1797 1458 1833 His
1481 1799 1574 1833 enim
1592 1799 1837 1851 permittimus
1859 1799 2006 1835 lteredes
2028 1804 2064 1835 et
2084 1799 2281 1846 leqatarios
2303 1803 2459 1839 scribere

227 1845 264 1876 et
286 1841 517 1877 ascendentes
540 1846 575 1877 et
598 1842 851 1878 descendentes
873 1853 958 1877 suos
980 1845 1015 1877 et
1038 1846 1213 1887 coqnatos
1236 1853 1285 1878 ex
1308 1842 1430 1884 latere,
1456 1853 1617 1888 quamvis
1633 1842 1896 1878 Samaritarum
1921 1854 2044 1879 errore
2061 1848 2259 1888 teneantur,
2284 1850 2323 1881 ut
2340 1852 2457 1883 tamen

228 1897 340 1932 aqros
362 1886 493 1931 colant,
524 1897 603 1921 cum
624 1886 767 1922 uberior
789 1887 873 1922 inde
894 1890 1093 1932 proventus
1115 1887 1166 1922 ad
1178 1897 1410 1938 possessores
1429 1887 1665 1933 praediorum
1689 1891 1724 1923 et
1744 1898 1812 1934 per
1834 1898 1895 1924 eos
1918 1887 1968 1923 ad
1983 1889 2110 1933 fiscum
2134 1889 2335 1935 deferatur.
2384 1892 2459 1928 Sed

228 1931 334 1965 eciam
356 1931 434 1966 sine
459 1932 677 1967 testamentis
698 1931 878 1977 praedicti
900 1932 993 1966 alter
1016 1931 1066 1966 ad
1079 1931 1229 1967 alterius
1243 1930 1473 1967 nereditatem
1492 1932 1632 1968 venient
1643 1937 1796 1978 propter
1811 1932 1958 1968 eandem
1975 1943 2141 1968 causam.-
2167 1935 2457 1982 quandoquidem

227 1976 295 2011 etsi
317 1986 420 2011 nemo
443 1974 570 2011 horum
594 1977 808 2018 inveniatur,
833 1975 1013 2011 dominum
1034 1975 1189 2022 praedii,
1213 1976 1251 2010 in
1276 1987 1347 2021 quo
1371 1975 1521 2011 colonus
1543 1982 1623 2012 erat
1646 1977 1711 2022 qui
1732 1977 1927 2021 defunctus
1950 1982 2014 2019 est,
2047 1989 2139 2024 quae
2168 1979 2212 2015 ab
2237 1980 2306 2015 hoc
2328 1981 2455 2017 relicta

226 2024 313 2055 sunt
342 2021 506 2065 accipere
537 2020 710 2063 volumus,
741 2025 778 2055 et
803 2021 886 2065 fisci
909 2020 1025 2055 locum
1049 2031 1127 2054 eum
1151 2020 1321 2062 obtinere,
1351 2021 1487 2066 quippe
1511 2021 1574 2065 qui
1594 2020 1701 2056 etiam
1718 2021 1877 2067 publicis
1900 2021 2042 2058 tributis
2062 2033 2132 2068 pro
2156 2024 2218 2059 illo
2236 2025 2454 2070 satisfaciat.

227 2067 250 2100 1
297 2063 516 2100 Samaritam
547 2070 665 2100 autem
696 2065 851 2100 militare
877 2065 988 2110 plane
1018 2075 1092 2099 non
1108 2065 1364 2110 permittimus,
1397 2065 1461 2099 sed
1483 2075 1528 2100 ne
1551 2064 1601 2100 ad
1624 2065 1726 2100 civile
1749 2065 1890 2110 quidem
1914 2076 2043 2101 munus
2066 2068 2232 2104 accedere
2254 2080 2369 2115 neque
2393 2071 2455 2106 ad-

225 2114 391 2144 vocatum
427 2109 482 2144 vel
515 2119 731 2145 assessorem
763 2120 839 2144 esse
870 2109 926 2144 vel
956 2109 1100 2144 omnin-o
1131 2109 1227 2144 inter
1256 2109 1510 2144 disertissimos
1540 2109 1702 2145 rhetores
1730 2110 1868 2155 referri
1897 2110 1953 2146 vel
1982 2110 2227 2148 adulescentes
2257 2115 2455 2151 instituere.

225 2155 249 2190 2
296 2153 338 2188 Si
368 2164 460 2200 quos
490 2165 572 2190 vero
603 2164 653 2189 ex
684 2154 729 2189 iis
759 2154 916 2189 salutari
942 2153 1157 2200 baptismate
1187 2154 1378 2199 impetrato
1403 2153 1452 2189 ad
1467 2154 1631 2200 priorem
1656 2165 1815 2190 errorem
1839 2155 1958 2190 redire
1982 2161 2171 2202 appareat,
2204 2168 2282 2193 cum
2305 2159 2456 2195 sabbata

226 2198 412 2234 observent
442 2199 499 2234 vel
524 2199 631 2234 etiam
660 2198 734 2234 alia
765 2199 890 2244 aliqua
921 2202 1036 2243 ayant
1066 2209 1160 2244 quae
1191 2202 1393 2244 coarquant
1418 2209 1486 2245 per
1508 2198 1771 2234 simulationem
1794 2210 1855 2235 eos
1877 2203 2039 2235 sanctum
2063 2200 2241 2247 baptisma
2264 2205 2455 2250 accepisse,

225 2255 286 2279 eos
302 2243 489 2289 proscribi
509 2243 670 2279 iubemus
693 2247 727 2279 et
748 2244 785 2278 in
807 2247 1020 2289 perpetuum
1043 2243 1194 2279 exilium
1215 2244 1317 2279 mitti.
1364 2244 1481 2289 Atque
1500 2243 1624 2279 iisdem
1647 2244 1776 2290 poenis
1799 2244 1906 2279 etiam
1930 2255 1993 2280 eos
2007 2245 2198 2282 subicimus
2233 2249 2298 2293 qui
2310 2249 2456 2294 impium

225 2289 250 2324 3
288 2289 537 2334 patrocinium
568 2292 697 2324 contra
724 2291 859 2324 rectam
885 2287 1171 2323 Christianorum
1191 2287 1299 2332 fidem
1319 2288 1399 2323 istis
1419 2292 1616 2335 praestent.
1664 2288 1765 2324 Bene
1788 2292 1906 2324 autem
1929 2300 1968 2324 se
1991 2288 2122 2326 habere
2144 2291 2179 2326 vi
2205 2295 2296 2335 etur,
2320 2298 2361 2328 ut
2383 2304 2457 2329 non

222 2334 392 2379 protinus
414 2333 639 2379 recipiantur
663 2344 741 2368 cum
765 2333 815 2368 ad
837 2332 1103 2368 immaculatum
1128 2333 1305 2379 baptisma
1329 2337 1536 2375 accurrant,
1559 2332 1625 2368 sed
1647 2343 1726 2368 cum
1750 2333 1906 2379 quadam
1924 2333 2172 2371 observatione
2185 2340 2222 2372 et
2235 2337 2458 2374 institutione

220 2389 291 2424 per
313 2378 503 2423 sufficiens
527 2382 666 2424 tempus
687 2378 803 2423 sacta.
839 2377 1003 2413 Dicimus
1026 2380 1143 2413 autem
1167 2388 1229 2413 eos
1252 2377 1395 2423 quidem
1419 2377 1483 2424 qui
1506 2377 1636 2413 bonam
1660 2377 1863 2414 doctrinam
1887 2379 2031 2414 omnino
2042 2381 2259 2459 ‘percipiant
2304 2392 2344 2417 er
2367 2382 2458 2418 duos

224 2433 340 2458 annos
369 2422 510 2458 institui
541 2427 576 2458 et
605 2423 808 2468 scripturas
839 2422 963 2469 quoad
989 2422 1072 2467 fieri
1095 2425 1220 2468 potest
1243 2423 1390 2464 discere,
1414 2432 1459 2457 ac
1483 2425 1555 2457 tum
1579 2422 1718 2458 demum
1742 2422 1792 2458 ad
1813 2426 1978 2459 sanctum
2001 2434 2041 2458 re
2067 2425 2256 2471 emptionis
2300 2428 2456 2473 aptisma

224 2467 409 2509 accedere,
443 2467 534 2502 tanti
567 2468 738 2513 temporis
761 2467 992 2514 paenitentia
1023 2478 1143 2503 veram
1172 2466 1450 2514 redemptionem
1482 2466 1651 2502 lucratos.
1704 2466 1776 2510 Qui
1805 2471 1923 2503 autem
1953 2467 2142 2504 admodum
2167 2470 2278 2522 pueri
2306 2476 2392 2507 sunt
2421 2476 2458 2508 et

223 2513 249 2548 4
293 2512 493 2547 doctrinam
517 2523 590 2547 non
615 2512 837 2559 intellegunt,
861 2523 924 2548 eos
939 2512 1184 2558 permittimus
1202 2512 1310 2547 etiam
1325 2512 1402 2547 sine
1418 2511 1486 2547 nac
1502 2511 1750 2548 observatione
1765 2517 1890 2548 sancto
1907 2512 2118 2559 baptismate
2134 2513 2289 2561 dzqnari.
2324 2515 2457 2552 Nullus

224 2562 342 2592 autem
374 2555 559 2592 Samarita
597 2568 738 2593 servum
770 2556 1010 2592 Christianum
1047 2556 1208 2599 habebit,
1246 2557 1312 2593 sed
1338 2556 1555 2602 simulatque
1585 2557 1618 2592 is
1648 2556 1852 2602 adquisitus
1878 2557 2007 2603 fuerit,
2039 2559 2158 2594 statim
2188 2559 2226 2594 in
2257 2559 2455 2597 libertatem

223 2603 403 2648 rapiatur.
454 2601 586 2644 Quodsi
619 2612 743 2637 servus
771 2602 810 2637 in
840 2601 948 2637 simili
978 2605 1087 2647 atque
1116 2601 1193 2647 ipse
1216 2612 1393 2648 perversa
1424 2602 1594 2648 opinione
1624 2601 1692 2645 sit,
1727 2602 1834 2638 liceat
1863 2603 1898 2638 ei
1928 2602 2214 2639 Christianorum
2241 2604 2350 2650 fidem
2381 2617 2454 2641 am-

216 2647 394 2693 plectenti
413 2647 533 2682 statim
556 2647 663 2682 etiam
687 2646 854 2682 Romana
873 2646 1037 2683 libertate
1057 2647 1150 2692 frui.

359 2691 447 2738 Epi
457 2691 499 2726 lo
507 2702 599 2737 qus.
646 2690 747 2734 Quae
778 2692 890 2737 iqitur
920 2691 1024 2727 nobis
1049 2691 1271 2738 placuerunt
1300 2694 1336 2726 et
1365 2701 1433 2736 per
1459 2694 1684 2737 praesentem
1714 2690 1826 2737 leqem
1857 2691 2091 2728 declarantur
2125 2696 2188 2729 tua
2218 2693 2338 2739 qloria
2367 2694 2456 2731 locis

223 2738 403 2773 consuetis
422 2746 632 2782 proponens
656 2740 697 2771 ut
720 2736 769 2771 ad
793 2747 884 2783 opus
908 2736 1143 2781 effectumque
1167 2734 1396 2771 adducantur
1409 2736 1628 2782 praecipiat.

990 2810 2442 2818 ————————————--———————-

270 2864 284 2895 1
313 2860 521 2904 ἐξαιοοῧμεν
545 2857 594 2901 δὲ]
620 2859 740 2906 ἑτέρου
763 2860 830 2903 μὲν
854 2856 897 2902 δὴ
915 2860 962 2892 M
972 2858 984 2903 ΙΙ
1001 2857 1083 2893 τοὺς
1106 2857 1164 2899 τὰ]
1189 2858 1306 2892 ταῦτα
1374 2855 1604 2892 διδασκαλίας
1617 2857 1806 2899 Nomocfim]
1822 2858 1974 2901 χρηστῆς
1989 2855 2218 2908 διδασκαλίας
2233 2860 2307 2893 ΑίῘι.
2321 2860 2454 2895 Nomoc.

222 2907 264 2940 M
290 2906 303 2949 ΙΙ
335 2908 354 2940 2
387 2893 446 2938 διὰ
464 2925 508 2930 -
528 2907 587 2938 καὶ
612 2918 669 2939 om.
693 2906 742 2938 B⁶
767 2905 781 2949 ΙΙ
809 2903 874 2938 τὰς
898 2903 1087 2944 Νονηοο.ῑῑ7”]
1114 2902 1183 2945 τὴν
1206 2903 1279 2936 ML
1373 2905 1435 2936 XI
1443 2905 1524 2937 Vtit.
1542 2904 1581 2945 4,
1598 2910 1613 2936 4
1629 2900 1720 2946 μετὰ
1736 2903 1889 2947 χρηστῆς
1906 2899 2137 2937 διδασκαλίας
2150 2904 2196 2937 M
2207 2904 2282 2946 (B0)
2297 2904 2455 2948 χρηστὴν

223 2947 332 2984 αὐτοῦ
355 2951 386 2983 L
405 2955 417 2993 ΙΙ
434 2948 617 2983 συστάσεις
641 2951 686 2983 M
704 2949 894 2990 Nomocflm]
923 2948 1098 2982 σύστασιν
1121 2949 1152 2981 L
1177 2949 1279 2989 (Am.)
1294 2902 1306 2992 Ν
1373 2935 1548 2981 διδασκαλ
1568 2949 1599 2981 L
1615 2948 1627 2991 ΙΙ
1645 2943 1734 2990 ὅλην
1758 2948 1816 2980 Ma
1834 2947 1846 2990 ΙΙ
1863 2946 2158 2991 αἰσθανομένους]
2184 2948 2456 2992 ἐξαττουμενους

222 2993 305 3029 τοὺς
335 2994 476 3028 ἐκεῖθεν
508 2995 755 3039 εἰσαγομένους
779 2995 825 3028 Μ
845 2994 1036 3034 Nomocflm]
1068 2990 1134 3027 τὰς
1164 2991 1306 3025 ἐκεῖθεν

223 3041 453 3085 εἰσαγομένας
477 3040 561 3073 LB⁶
577 3040 590 3083 ΙΙ
607 3039 659 3081 τῷ
685 3036 845 3082 δημοσίῳ
870 3039 956 3072 1:13⁰
971 3037 1162 3078 Nomocflm]
1190 3050 1248 3071 om.
1267 3038 1313 3070 M

221 3084 233 3130 Η
247 3088 265 3119 3
291 3082 421 3130 φόρους
438 3085 485 3118 Μ
494 3084 683 3124 Nomocflm]
702 3083 813 3128 φοράς
830 3085 860 3116 L
882 3080 1048 3127 εἰσφοράς
1064 3083 1116 3116 B⁶
1132 3088 1144 3125 ss
1161 3079 1306 3115 τούτους

222 3131 382 3164 Nomoc.⁷⁷¹
413 3130 424 3170 ΙΙ
451 3131 473 3163 4
494 3127 718 3173 λεγαταρίους
742 3130 902 3162 Νοηιοο.’”
929 3128 941 3171 ΙΙ
969 3130 1028 3160 καὶ
1052 3127 1083 3160 εἰ
1106 3128 1168 3169 13⁰,
1192 3126 1223 3160 εἰ
1247 3139 1304 3160 om.

222 3173 400 3208 Nomoc.dm
417 3174 429 3217 ΙΙ
447 3174 681 3217 σαμαρειτικῆ
706 3171 824 3214 πλάνη
842 3174 1031 3218 κρατοῖντο
1047 3172 1099 3205 B⁶
1114 3171 1303 3212 Nomocflm]

223 3216 454 3264 σαμαρειτικὴ
477 3217 595 3260 πλάνη
615 3219 780 3262 κρατοῖτο
797 3218 828 3250 L
853 3215 1068 3263 σαμαριτικὴ
1086 3214 1203 3258 πλάνη
1220 3228 1304 3261 κρα-

222 3266 289 3295 τεῖ”
312 3262 395 3296 τοὺς
420 3264 460 3295 Μ
475 3263 488 3306 ΙΙ
506 3267 524 3297 5
549 3265 763 3305 κεκτημένας
786 3263 836 3295 La
855 3262 903 3317 1ιὸ
928 3259 1128 3306 φερόμενον
1153 3262 1196 3294 Μ
1217 3260 1306 3303 Ιτὸν

222 3308 274 3340 B⁰
298 3307 309 3350 ΙΙ
338 3307 374 3340 οἱ
395 3307 641 3350 προρηθέντες
666 3308 726 3341 ἐπὶ
750 3307 828 3340 τῶν
851 3305 1017 3350 αλλήλων
1041 3305 1158 3346 ἕξουσι
1182 3319 1202 3338 κ
1225 3317 1304 3350 ηρο-

221 3349 347 3394 νόμων
371 3354 422 3392 (ex
445 3351 682 3395 κληρονόμους
706 3353 801 3394 corr.)
826 3353 872 3384 A!
881 3351 892 3395 ΙΙ
920 3354 937 3385 7
963 3348 1076 3393 μηδὲν
1098 3352 1149 3384 La
1168 3350 1216 3394 118
1241 3362 1303 3384 τα·

221 3399 319 3437 μείου
347 3397 380 3429 Β
397 3397 409 3438 ΙΙ
435 3399 474 3430 10
500 3396 697 3437 πολιτικὸν]
722 3397 781 3430 ἐπὶ
806 3394 994 3430 πολιτικὸν
1019 3397 1050 3429 L
1068 3395 1080 3438 ΙΙ
1100 3397 1136 3430 11
1165 3393 1188 3436 ἢ
1207 3397 1305 3429 νέους

221 3441 303 3480 LB]
327 3432 370 3481 ἦν
393 3441 456 3473 τοῦ
480 3443 522 3474 Μ
543 3443 554 3484 ΙΙ
580 3444 620 3475 12
645 3439 918 3475 ἐπανελθόντας
940 3442 990 3474 La
1007 3441 1019 3484 ss
1045 3438 1213 3482 σάμβατα
1237 3441 1285 3474 M
1289 3438 1305 3495 fl

221 3479 245 3524 ἢ
268 3487 327 3516 καὶ
346 3483 391 3517 τὰ
413 3483 504 3517 ἄλλα
528 3485 611 3519 τινὰ
628 3487 659 3519 L
683 3488 743 3519 καὶ
767 3483 802 3528 (ἢ
825 3487 885 3519 καὶ
910 3486 1079 3527 Fabrotus)
1105 3483 1195 3517 ἄλλα
1218 3497 1303 3518 τινα

222 3528 298 3560 Ath.
323 3525 345 3570 ἢ
369 3526 457 3561 ἅλλα
480 3528 562 3562 τινὰ
586 3531 622 3563 Β
646 3528 668 3573 ἢ
691 3532 750 3563 καὶ
771 3531 818 3563 Μ
829 3531 841 3573 ΙΙ
859 3531 898 3564 16
924 3526 1063 3571 αὖτοὺς]
1088 3532 1304 3573 σαμαρείτας

223 3571 400 3616 ΝοιηοοἈῑΗ
419 3572 646 3618 προφυλακῆς
662 3575 813 3609 Nomoc.‘¹
834 3574 847 3618 ss
868 3577 905 3609 17
924 3572 963 3608 δὲ
978 3576 1029 3608 B⁶
1047 3575 1060 3618 ΙΙ
1075 3575 1137 3617 τῆς
1152 3574 1303 3618 χρηστῆς

1373 2995 1443 3034 (sic)
1467 2994 1518 3026 La
1535 2993 1547 3036 ΙΙ
1567 2994 1607 3027 18
1632 2989 1711 3025 δυσὶ
1726 2993 1758 3025 L
1774 2991 1785 3035 ΙΙ
1804 2990 2042 3034 κατηλεῖσθαι
2061 2994 2108 3026 Μ
2124 2993 2386 3035 κατασχεῖσθαι
2404 2996 2454 3028 L‘¹

1397 3036 1492 3081 τότε]
1505 3036 1588 3071 τοὺς
1603 3038 1644 3070 Μ
1658 3037 1670 3080 ΙΙ
1687 3037 1937 3083 προφέρεσθαι
1949 3038 1999 3070 13⁶
2011 3038 2278 3082 προσέρχεσθαι
2294 3039 2454 3073 Nomoc.'²²

1398 3085 1437 3116 19
1463 3080 1670 3127 λυτρώσεως
1694 3083 1724 3115 L
1752 3083 1910 3115 Νουιοο.ἠ
1931 3079 2234 3127 ἇπολουτριόσεως
2253 3084 2304 3116 130
2327 3087 2338 3126 ΙΙ
2362 3079 2453 3138 ἁγίῳ

1374 3127 1455 3168 LB]
1475 3140 1532 3160 om.
1546 3127 1594 3160 M
1604 3127 1616 3169 ss
1630 3123 1712 3160 τούς
1728 3124 1917 3161 τοσούτους
1929 3126 2075 3171 χρόνους
2088 3127 2134 3160 Μ
2142 3128 2186 3170 τῆ
2203 3127 2266 3161 τοῦ
2282 3139 2454 3161 τοσουτου

1371 3170 1499 3215 χρόνου
1515 3171 1694 3205 Nomocfim
1725 3171 1769 3215 τῇ
1789 3169 1959 3205 τοσούτου
1982 3171 2108 3216 χρόνου
2129 3173 2179 3205 B⁶
2193 3172 2206 3216 ΙΙ
2225 3169 2453 3216 ἀπολούτρω-

1373 3227 1431 3250 σιν
1456 3217 1507 3249 B⁶
1522 3217 1533 3259 ΙΙ
1553 3217 1595 3250 20
1620 3212 1866 3249 διδασκαλίαις
1888 3218 1920 3250 L
1938 3215 1951 3261 ΙΙ
1967 3213 2156 3250 συνιόντας
2178 3217 2338 3250 Νοητοο.’η
2356 3219 2387 3260 4,
2405 3226 2419 3251 7
2442 3217 2453 3259 Η

1374 3264 1528 3304 ιφίεμεν
1556 3261 1718 3295 Νοηιοο.ἠ
1738 3273 1790 3303 pr.
1808 3262 1839 3302 4,
1855 3268 1872 3294 4
1899 3261 1912 3304 ΙΙ
1943 3260 2235 3306 παρατηρήσεως]
2266 3260 2365 3305 παρὰ
2394 3261 2455 3303 τῆς

1372 3307 1437 3338 ἕως
1462 3306 1505 3338 Μ
1518 3305 1530 3348 ΙΙ
1546 3307 1663 3349 χωρὶς]
1690 3302 1842 3349 χάριτος]
1866 3306 1907 3340 M
1913 3306 1932 3359 J}
1952 3307 1989 3339 21
2018 3306 2083 3348 τῷ]
2107 3305 2172 3339 τοῦ
2197 3307 2247 3339 B⁶
2262 3305 2274 3350 ΙΙ
2294 3307 2336 3340 22
2355 3302 2451 3346 αὐτῷ

1374 3352 1578 3391 Haloander]
1607 3347 1730 3383 αὐτῶν
1760 3351 1838 3384 libri
1862 3351 1874 3393 ll
1903 3362 1923 3383 ο
1956 3350 2091 3392 οἰκέτης
2119 3349 2171 3393 εἴη
2196 3351 2239 3391 L]
2275 3347 2294 3383 ὁ
2320 3349 2452 3391 οἰκέτης

1371 3395 1471 3428 ἐστὶν
1496 3396 1541 3428 Μ
1559 3394 1612 3437 εἴη
1637 3391 1656 3427 ὁ
1682 3394 1816 3436 οἰκέτης
1839 3396 1876 3428 Β
1900 3394 1912 3439 ΙΙ
1941 3397 1982 3429 25
2009 3394 2231 3439 προτεθεῖσα
2253 3395 2285 3428 L
2300 3394 2312 3436 ΙΙ
2330 3396 2449 3428 subscr.

1371 3453 1428 3473 om.
1443 3441 1531 3482 Aah„
1556 3438 1771 3484 ἐξεφωνήθη
1793 3439 1853 3473 ἐπὶ
1875 3440 1939 3472 τοῦ
1957 3436 1987 3480 ζ’
2005 3440 2103 3473 ἔτους
2117 3436 2297 3483 βασιλείας
2309 3436 2450 3470 ’lovan-

1369 3485 1494 3517 νιανοῦ
1522 3487 1617 3526 (corr.
1640 3480 1843 3526 Ἰουστίνου)
1870 3485 1990 3518 Theod.
2020 3484 2032 3528 ΙΙ
2062 3486 2104 3518 26
2127 3484 2251 3516 iustine
2274 3482 2315 3514 M
2336 3481 2349 3524 ΙΙ
2376 3484 2449 3523 post

1369 3539 1472 3562 conss.
1500 3529 1610 3562 eiusde
1643 3539 1720 3563 ann.
1746 3529 1803 3561 111
1828 3529 1875 3562 M
1899 3530 1961 3572 (VI
1985 3541 2066 3563 corr.
2091 3529 2217 3571 Paqsus
2241 3527 2316 3559 diss.
2339 3527 2448 3570 hypat.

2484 726 2523 757 10

2484 950 2523 981 15

2482 1171 2523 1203 20

2482 1393 2522 1425 25
