2618 4010
231 118 341 163 Nov.
370 119 495 162 XXII
524 120 591 162 24.
622 120 676 159 25

231 227 346 264 οὖτοις
376 226 460 262 οὐδὲ
488 224 692 272 ὑποθήκην.
742 225 832 263 ἀλλὰ
861 225 928 263 κᾶν
954 229 989 263 εἴ
1016 241 1053 262 τι
1077 225 1255 272 πράξαιεν
1277 225 1314 261 οἱ

231 277 363 322 γονεῖς,
394 272 503 307 εὐθὺς
531 272 598 316 τὴν
623 271 747 308 αὐτῶν
775 271 999 317 ὑποτίθησιν
1022 269 1141 306 αὐτοῖς
1172 284 1310 317 περιου·

233 323 332 360 σίαν,
368 315 431 360 οὐχ
446 315 553 371 ἶἰὶἱςτει
587 317 740 353 κωλύειν
773 318 855 354 τοὺς
884 322 998 366 γονεῖς
1028 315 1090 352 ἐπ’
1127 315 1246 351 αὐτοῖς
1275 329 1313 351 τι

234 362 409 408 πράττειν
433 375 487 396 ων
510 361 707 418 βούλονται
730 361 951 415 (αἰσχύνεται
978 362 1044 409 γὰρ
1067 358 1086 395 ὁ
1110 361 1219 406 νόμος
1242 372 1311 395 σω-

1310 114 1389 162 166

2198 129 2259 160 ΒΕ
2286 127 2462 160 NUP‘rns

1380 228 1565 271 parentes,
1597 235 1680 261 mox
1703 235 1825 262 eorum
1849 227 1983 272 obligat
2014 226 2065 263 eis
2089 226 2345 263 substantiam:
2387 237 2460 262 non

1379 273 1421 306 ut
1444 269 1633 315 prohibeat
1656 279 1718 306 eos
1741 270 1780 306 in
1803 271 1859 308 his
1883 272 2017 318 aliquid
2039 281 2144 317 agere
2171 282 2264 317 quae
2287 271 2463 307 voluerint

1380 315 1574 357 (erubescit
1609 313 1719 354 enim,
1741 315 1801 351 lex
1837 317 2072 362 castigatores
2112 317 2206 353 filios
2241 316 2462 361 genitoribus

1381 363 1567 402 statuere):
1613 358 1710 412 (sed)
1729 359 1809 396 illos
1833 361 1974 406 quidem
1999 362 2187 404 erubescit,
2211 361 2460 396 interminatur

234 422 261 454 φ
285 406 428 442 ονιστὰς
461 419 543 442 τους
575 406 707 443 παῖδας
740 411 814 443 τοῖς
846 419 1063 455 γεννησασιν
1094 407 1311 449 ἐπιστῆσαι),
1348 410 1367 439 5
1382 407 1502 439 autem
1518 404 1789 448 accipientibus,
1805 407 1985 450 tamquam
2001 406 2155 442 nihileis
2170 406 2266 458 quod
2280 406 2463 451 accipiunt

234 452 256 487 ἀ
281 450 316 487 λ’
343 454 498 488 ἐκείνους
548 454 587 487 ὃν
610 454 784 500 ἐρυθριᾷ,
816 451 994 487 διαπειλεῖ
1022 450 1062 485 δὲ
1084 454 1157 486 τοῖς
1178 449 1312 505 λαμβά-

235 509 371 539 νουσιν,
397 495 445 532 ὡς
463 495 505 532 οὗ
531 499 570 532 ἂν
589 496 716 532 αὐτοὺς
735 498 777 532 τὸ
798 496 941 543 ληφθὲν
957 494 1093 539 ὀνήσει·
1129 498 1189 530 καὶ
1207 497 1314 530 ἰστω-

235 541 305 576 σάν
320 555 366 594 γε
387 545 449 576 καὶ
472 544 511 577 ἐκ
530 541 636 578 τοῦδε
655 539 759 588 ἡμῶν
778 544 841 576 τοῦ
863 541 984 586 νόμου,
1010 538 1067 582 ὠς,
1092 536 1160 575 κᾶν
1180 540 1216 574 εἴ
1230 553 1315 574 τινα

236 600 335 633 παρα
369 587 448 622 τῶν
482 585 660 623 τοιούτων
693 590 833 641 γονέων
847 585 1066 640 Ιάγορασιάν
1101 583 1316 628 ποιήσαιντο

1382 449 1507 494 prosit.
1545 448 1594 483 Et
1612 449 1729 483 sciant
1747 459 1793 484 ex
1809 449 1877 484 hac
1897 455 2022 486 nostra
2040 451 2116 496 lege
2129 461 2223 496 quia,
2244 451 2299 486 vel
2313 451 2462 495 siquam

1384 505 1406 529 a
1435 494 1567 529 talibus
1597 493 1806 538 parentibus
1838 504 1916 529 com
1942 496 2138 531 arationem
2170 496 2321 531 fecerint
2349 495 2404 530 vel
2433 494 2464 530 si

1385 539 1592 584 acceperint
1621 538 1849 573 donationem
1879 549 1920 574 ve
1963 540 2103 586 siquid
2135 541 2292 576 omnium
2316 540 2463 585 egerint,

1385 584 1457 619 tale
1481 583 1548 618 erit
1572 584 1677 628 quale
1701 593 1815 628 neque
1838 587 1977 628 gestum
2005 595 2119 629 neque
2143 586 2334 630 scriptum,
2369 583 2464 630 quod

236 629 305 666 κᾶν
327 632 360 666 εἰ
383 629 529 677 λάβοιεν
554 631 694 688 δωρεὰν
724 646 792 666 nav
819 634 849 665 εὶ
881 646 917 665 τι
948 632 1025 665 τῶν
1050 629 1202 665 πάντων
1227 629 1315 676 πρά-
1333 631 1372 664 10
1385 628 1523 664 factum
1547 631 1614 664 est.
1662 628 1905 664 vindicabunt
1928 629 2020 664 enim
2045 639 2088 665 ea
2112 630 2254 666 omnino
2274 630 2338 665 filii
2361 630 2462 665 here-

237 677 348 719 ξαιεν,
379 679 420 711 ἐν
446 678 515 722 ἴσῳ
544 690 617 713 τοις
646 691 736 722 μητε
760 679 1024 722 πεπραγμένοις
1052 675 1143 720 μήτε
1166 688 1315 722 γεγραμ-

237 724 356 767 μένοις
389 723 494 757 ἔσται
526 721 569 757 τὸ
603 723 809 770 γενόμενον.
864 719 1089 762 έκδικήσουσι
1147 719 1193 766 ἀρ
1211 718 1317 754 -αῧτιὶ

237 764 385 820 πάντως
407 766 444 802 οἱ
465 766 589 802 παῖδες
612 766 824 813 κληρονόμοι
854 779 894 800 τε
919 763 1043 799 αὐτῶν
1073 779 1134 800 και
1157 762 1317 807 διάδοχοι

1386 674 1519 718 desque
1545 683 1668 709 eorum
1696 677 1734 709 et
1765 683 1992 709 successores
2025 674 2071 710 ab
2101 675 2291 711 heredibus
2322 675 2463 710 illorum

1387 723 1422 754 et
1445 719 1727 761 successoribus,
1762 729 1832 754 non
1861 718 1965 754 aliter
1988 718 2197 755 excludendi
2233 720 2303 755 nisi
2332 720 2462 755 tricen-

1386 764 1468 799 nale
1491 767 1653 799 transeat
1672 767 1811 809 tempus
1832 768 1867 799 et
1886 763 2079 799 detentatio
2100 763 2261 801 dominos
2283 764 2463 809 accipien-

238 825 339 859 παρα
361 825 402 847 τε
424 810 659 858 κληρονόμων
683 815 832 845 ἐκείνων
864 813 923 844 καὶ
948 808 1141 853 διαδόχων,
1174 808 1237 844 οὐκ
1260 808 1317 843 ἆλ-
1387 813 1440 844 tes
1470 809 1681 844 constituat:
1714 809 1906 854 incipiente
1937 807 2020 860 filiis
2052 810 2211 854 tempore
2243 819 2388 845 currere
2421 819 2465 844 ex

239 856 309 892 λως
333 854 604 901 ἀποκλειόμενοι
636 856 731 909 πλὴν
755 857 786 890 εἰ
809 854 858 900 μὴ
883 855 1161 902 τριακονταετὴς
1189 853 1317 900 παρέλ-
1336 856 1373 889 15
1389 865 1459 907 quo
1484 864 1571 889 suae
1594 855 1784 899 potestatis
1809 856 2044 898 apparuerint
2066 853 2258 890 existentes
2283 859 2345 890 aut
2366 854 2465 895 facti,

239 902 306 956 θοι
327 901 452 948 χρόνος
476 905 535 936 καὶ
556 899 578 945 ἡ
596 915 729 945 κατοχη
748 905 886 946 κυρίους
907 899 990 953 τοὺς
1010 899 1188 945 λαβόντας
1210 912 1318 933 κατα-

239 959 399 1000 amque·
434 947 522 989 ἂοχο
550 950 630 981 ένου
664 950 737 981 τοῖς
768 949 896 981 παισὶν
927 958 990 998 τον
1020 944 1150 993 χρόνον
1180 948 1320 989 τρέχειν

239 992 278 1032 ἐξ
297 1005 408 1038 ουπερ
424 961 646 1045 αἶἰτεέδύσιοι
671 994 818 1037 φανεῖεν
841 989 941 1025 ὄντες
964 1003 986 1033 η
1003 988 1200 1037 γενόμενοι,
1225 988 1320 1033 πλὴν

239 1037 270 1070 εἰ
292 1035 343 1081 μή
363 1047 417 1071 τις
439 1040 572 1080 ανηβος
597 1034 714 1080 ἡλικία
739 1033 1047 1082 προςβοηθήσειεν
1071 1038 1138 1070 ἔτι.

1387 899 1458 935 msi
1480 903 1600 934 tamen
1623 899 1744 944 aliqua
1768 900 1930 944 impubes
1955 900 2054 934 aetas
2080 898 2222 935 adiuvet
2245 899 2373 935 adhuc.

1206 1169 1362 1205 CAPUT
1388 1169 1502 1205 XXV.

290 1234 494 1272 Ἐλεύσεται
528 1235 569 1272 δὲ
602 1236 649 1271 τὰ
683 1238 836 1272 τοιαῦτα
869 1238 948 1272 τῶν
981 1235 1120 1281 κερδῶν
1158 1238 1206 1272 εἰς
1239 1236 1322 1271 τοὺς
1335 1239 1377 1271 20
1436 1236 1589 1272 Venient
1612 1239 1732 1271 autem
1755 1236 1843 1271 talia
1866 1237 1967 1271 lucra
1992 1237 2038 1272 ad
2060 1236 2155 1272 filios
2179 1247 2301 1273 omnes
2329 1248 2371 1273 ex
2397 1238 2468 1282 pri-

240 1281 371 1318 παῖδας
393 1279 560 1318 ἅπαντας
581 1282 663 1317 τοὺς
692 1285 730 1316 ἐκ
760 1285 840 1317 τῶν
869 1286 1059 1328 προτέρων
1081 1281 1222 1329 γάμων.
1271 1279 1321 1317 Οὐ

238 1327 306 1375 γὰρ
338 1330 483 1373 ἐφίεμεν
510 1331 584 1362 τοῖς
612 1328 758 1374 γονεῦσι
787 1327 856 1362 τ“ν
884 1326 948 1362 οὐκ
973 1325 1099 1373 ὀρθῶς
1123 1329 1322 1373 ἐπειςηγμέ-

239 1387 308 1416 νην
331 1371 501 1420 ἐπιλογὴν
530 1373 578 1407 εἰς
609 1371 737 1406 αὐτοὺς
767 1374 806 1407 ἐν
831 1373 1041 1415 είκνυσθαι,
1072 1369 1154 1406 οὐδὲ
1176 1374 1230 1416 τῷ
1254 1374 1322 1417 μὲν

239 1419 318 1453 τῶν
338 1416 485 1453 παίδων
506 1416 667 1460 διδόναι,
691 1416 758 1452 τὸν
782 1415 822 1452 δὲ
842 1415 1038 1462 ἀτιμάζειν.
1077 1415 1234 1452 ἅπαντες
1254 1417 1322 1464 γὰρ

1391 1281 1513 1317 oribus
1549 1281 1695 1326 nuptiis.
1742 1281 1824 1316 Non
1861 1281 1952 1315 enim
1989 1282 2223 1326 permittimus
2259 1283 2470 1328 parentibus

1393 1337 1464 1361 non
1488 1329 1585 1361 recte
1606 1326 1846 1361 introductam
1871 1326 2079 1361 electionem
2102 1328 2139 1362 in
2165 1337 2246 1370 eos,
2270 1338 2386 1372 neque
2409 1327 2470 1362 alii

1391 1371 1533 1416 quidem
1556 1371 1710 1406 filiorum
1734 1371 1829 1414 dare,
1855 1371 1962 1405 alium
1979 1381 2062 1406 vero
2083 1372 2322 1408 exhonorare:
2348 1383 2469 1408 omnes

1392 1417 1484 1451 enim
1509 1416 1675 1451 secundis
1700 1416 1860 1451 similiter
1879 1416 2090 1451 exhonorati
2114 1420 2198 1452 sunt
2217 1418 2362 1462 nuptiis.
2400 1418 2470 1453 Sed

239 1466 313 1498 τοῖς
337 1461 511 1516 δειζτέροις
534 1460 665 1508 ὁμοίως
687 1460 947 1517 ἠτιμάσθησαν
968 1461 1102 1510 γάμοις.
1146 1461 1260 1497 ἄλλως
1283 1475 1322 1496 τε
1336 1465 1378 1497 25
1392 1461 1690 1507 quemadmodum
1719 1461 1749 1496 si
1774 1461 1930 1496 omnium
1954 1461 2109 1496 filiorum
2137 1462 2298 1498 similiter
2320 1463 2470 1498 heredes

241 1509 340 1555 εἴπερ
372 1506 549 1543 απάντων
583 1509 662 1542 τῶν
697 1506 843 1543 παίδων
878 1512 1009 1552 ομοίως
1039 1507 1322 1553 κληρονομοῦσιν

240 1553 278 1588 οἱ
303 1557 420 1601 γονεῖς
448 1556 508 1587 καὶ
538 1548 578 1586 οὗ
608 1551 676 1587 τὸν
710 1555 777 1596 μὲν
810 1551 1057 1596 διαδέχονται,
1093 1552 1159 1587 τὸν
1189 1551 1228 1587 δὲ
1259 1550 1323 1594 οὐχ

227 1596 389 1643 ὁμοίως,
420 1595 512 1633 ὄνθ’
540 1594 626 1632 ὅτου
656 1596 705 1642 μὴ
728 1602 788 1631 καὶ
813 1595 916 1632 αὐτοὶ
939 1599 1054 1633 πᾶσιν
1077 1598 1192 1641 ἐξίσης
1218 1596 1261 1632 τό
1283 1610 1324 1644 γε

241 1646 302 1679 ἐπὶ
325 1643 445 1687 τούτῳ
469 1646 746 1697 προςφέρονῑαι,
775 1640 864 1677 ἀλλὰ
887 1643 968 1696 τοὺς
990 1645 1058 1688 μὲν
1083 1642 1320 1690 ἐπιλέγονται,

1392 1507 1550 1542 existunt
1573 1511 1739 1551 parentes
1765 1510 1800 1541 et
1823 1517 1895 1541 non
1918 1506 1979 1541 alii
2003 1506 2143 1551 quidem
2168 1507 2383 1552 succedunt,
2409 1508 2471 1543 alii

1392 1563 1475 1587 vero
1500 1563 1573 1587 non
1597 1552 1772 1594 similiter,
1806 1562 1870 1586 cur
1893 1562 1965 1587 non
1995 1556 2031 1586 et
2058 1552 2127 1597 ipsi
2151 1553 2315 1589 omnibus
2342 1563 2386 1588 ex
2410 1563 2470 1588 ae-

1393 1608 1475 1642 quo,
1511 1602 1683 1642 quantum
1703 1597 1748 1632 ad
1773 1597 1853 1638 hoc,
1888 1596 2090 1640 conferant,
2123 1597 2185 1632 sed
2216 1597 2306 1634 alios
2330 1599 2470 1643 quidem

1391 1643 1539 1686 eligant,
1574 1642 1663 1678 alios
1695 1653 1777 1678 vero
1814 1641 2038 1687 despiciant?
2083 1642 2239 1688 Ideoque
2276 1643 2471 1679 secundum

241 1687 324 1724 τοὺς
347 1687 387 1723 δὲ
410 1690 623 1734 παρορῶσιν
631 1702 640 1729 ;
690 1689 779 1722 Ωςτε
809 1687 901 1722 κατὰ
930 1702 998 1731 την
1021 1686 1219 1735 ἀναλογίαν
1243 1690 1321 1722 Sua·
1336 1691 1378 1723 30
1417 1687 1659 1732 roportionem
1685 1687 1930 1732 unusquisque
1954 1687 2022 1722 hoc
2041 1687 2210 1730 lucretur,
2235 1692 2271 1723 et
2289 1688 2321 1724 si
2339 1689 2471 1724 habeat

241 1745 324 1769 στος
353 1734 396 1768 τὸ
427 1736 595 1768 τοιοῦτον
626 1731 863 1780 κερδαινέτω,
893 1737 954 1767 καὶ
985 1734 1017 1767 εἰ
1047 1738 1147 1776 σχοίη
1179 1731 1321 1774 παῖδας,

241 1779 290 1813 εἰς
311 1776 440 1813 αὐτοὺς
463 1780 571 1812 τοῦτο
594 1781 887 1832 παραπεμπέτω·
926 1777 962 1812 οἱ
992 1777 1032 1812 δὲ
1061 1780 1168 1813 τοῦτο
1199 1780 1240 1812 ἐν
1263 1776 1321 1812 ἆλ-

242 1822 356 1876 λήλοις
391 1821 682 1870 διαιρείσθωσαν
724 1826 827 1857 αυτοὶ
865 1824 933 1876 μὲν
971 1822 1062 1857 κατὰ
1098 1822 1141 1858 τὸ
1163 1825 1322 1876 ἲ,ιιιιέῑτροη

241 1867 371 1904 οπόσοι
394 1869 638 1910 καθεστᾶσιν,
669 1865 710 1902 οὗ
735 1871 860 1912 μέντοι
889 1881 932 1902 το
963 1870 1028 1902 τοῦ
1058 1879 1193 1914 πατρος
1217 1881 1321 1914 υπερ-

241 1917 431 1957 βαίνοντες
453 1915 566 1960 μέρος.

1417 1733 1501 1774 Hos,
1536 1733 1583 1767 ad
1615 1742 1674 1768 eos
1706 1733 1773 1768 hoc
1806 1732 2044 1775 transmittat,
2080 1733 2132 1767 illi
2163 1744 2246 1769 vero
2277 1733 2346 1769 hoc
2377 1734 2472 1769 inter

1391 1778 1583 1813 alterutros
1607 1778 1810 1822 partiantur
1839 1777 1909 1822 ipsi
1939 1778 2080 1822 quidem
2111 1778 2308 1814 secundum
2328 1789 2469 1814 mensu-

1391 1833 1485 1866 ram,
1520 1823 1645 1867 quanti
1671 1823 1883 1865 consistant,
1913 1833 1985 1857 non
2009 1826 2127 1858 tamen
2148 1823 2260 1868 patris
2286 1827 2469 1859 transcen-

1391 1868 1514 1904 dentes
1538 1869 1747 1913 portionem.

291 2029 330 2062 15
345 2040 393 2071 sq.
417 2024 694 2073 τριακονταετὴς
716 2045 759 2051 -
782 2025 919 2072 χρόνος]
944 2034 1098 2061 notantur
1121 2027 1201 2060 haec
1222 2021 1315 2061 Ῥοπ.
1340 2029 1395 2067 40,
1409 2034 1437 2060 9.

241 2127 331 2151 nem.
391 2113 465 2150 Sed
486 2115 595 2150 etiam
617 2114 650 2149 si
673 2114 764 2161 quid
784 2115 945 2161 fecerint
964 2119 1158 2162 parentes,
1189 2115 1312 2150 statim
1335 2115 1500 2161 ipsorum
1525 2115 1620 2150 bona
1643 2115 1718 2150 illis
1742 2092 1901 2162 &Zmin
1934 2127 2008 2151 non
2031 2127 2103 2162 quo
2120 2115 2317 2163 prohibeat
2334 2129 2471 2163 paren-

243 2166 364 2212 tes-ne
387 2159 431 2195 de
453 2160 500 2195 iis
526 2159 797 2212 faciant-quae
826 2159 953 2195 volunt
981 2160 1228 2213 (pudet-enim
1253 2160 1374 2239 legem.
1391 2160 1633 2211 castiqatores
1648 2159 1869 2212 parentibus
1892 2161 2026 2197 liberos
2045 2161 2270 2213 praeficere),
2302 2162 2366 2196 sed
2387 2162 2472 2214 illos

241 2205 386 2258 quidem
408 2209 603 2246 reveretur,
637 2208 798 2239 minatur
821 2214 907 2240 vero
931 2205 1213 2251 accipientibus,
1246 2215 1282 2239 nt
1311 2204 1338 2239 tl
1360 2215 1451 2251 ipsis
1475 2205 1720 2251 profuturum
1743 2215 1820 2240 esse
1842 2205 1882 2240 td
1912 2205 2011 2257 quod
2032 2211 2255 2286 accesermt:
2288 2217 2333 2242 ac
2354 2212 2473 2243 sciant

241 2255 350 2287 etzam
372 2261 422 2286 ex
445 2249 514 2284 hac
536 2253 666 2285 nostra
691 2249 780 2295 leqe,
804 2248 889 2284 licet
911 2249 1001 2295 quid
1023 2249 1067 2285 ab
1090 2249 1268 2285 eiusmodi
1285 2249 1503 2295 parentibus
1526 2249 1707 2295 emptione
1726 2250 1973 2295 acquisierint,
1998 2250 2082 2286 licet

2126 2261 2233 2286 onum
2253 2253 2469 2298 acceperint,

242 2295 327 2331 licet
349 2294 452 2330 aliud
475 2293 617 2340 quidvis
639 2294 798 2340 eqerint‚
830 2293 871 2328 id
884 2294 992 2374 duod
1012 2295 1156 2340 factum
1179 2298 1234 2330 est
1266 2294 1421 2341 perinde
1450 2294 1536 2339 fore
1560 2298 1671 2340 atque
1694 2305 1789 2340 quae
1812 2306 1927 2341 neque
1953 2295 2059 2340 facta
2087 2306 2203 2341 neque
2225 2296 2365 2343 scripta
2386 2298 2470 2333 sint.

251 2339 493 2376 vindicabunt
515 2340 609 2375 enim
632 2350 676 2374 ea
700 2339 845 2374 omnino
870 2338 885 2374 l

919 2340 974 2374 eri
997 2350 1121 2375 eorum
1149 2351 1193 2375 ue
1216 2338 1365 2374 heredes
1387 2343 1424 2374 et
1444 2350 1671 2375 successores
1694 2338 1739 2375 ab
1759 2339 1907 2375 illorum
1930 2339 2120 2375 heredibus
2139 2345 2176 2376 et
2191 2341 2471 2385 successoribus,

241 2397 286 2421 ne
313 2397 357 2420 ue
379 2384 487 2420 aliter
518 2383 760 2420 excludentur
790 2384 862 2419 nisi
891 2384 925 2419 si
948 2385 1111 2420 tricenna
1126 2396 1145 2420 e
1171 2390 1310 2436 ternpus
1330 2384 1564 2435 praeterierit
1594 2388 1629 2420 et
1650 2385 1835 2431 possessio
1868 2396 1931 2421 eos
1961 2385 2026 2431 qui
2059 2391 2279 2431 acceperunt
2306 2386 2473 2423 dominos

241 2441 282 2466 re
308 2429 464 2472 diderit;
489 2434 629 2476 tempus
644 2433 764 2465 autem
789 2428 911 2464 liberis
934 2440 1081 2466 currere
1103 2436 1253 2476 incipiet
1275 2440 1325 2465 ex
1349 2439 1422 2475 quo
1446 2439 1503 2464 sui
1528 2429 1620 2464 iuris
1643 2440 1721 2465 esse
1744 2429 1801 2465 vel
1819 2430 1917 2476 facti
1939 2441 2016 2465 esse
2038 2435 2257 2477 appareant,
2280 2431 2351 2467 nisi
2371 2432 2473 2478 forte

235 2475 437 2523 pupillaris
459 2478 562 2510 aetas
584 2474 669 2510 illos
690 2474 1018 2526 insuperadiuvet.

349 2519 488 2572 XXV.
545 2518 696 2571 Venient
716 2530 801 2555 vero
825 2519 1002 2555 eiusmodi
1021 2519 1126 2556 lucra
1149 2519 1200 2555 ad
1222 2530 1345 2555 omnes
1369 2519 1520 2571 lilqeros,
1551 2520 1689 2572 qui-ea:
1706 2519 1898 2571 prioribus
1927 2520 2065 2567 nuptiis
2087 2525 2181 2556 sunt.
2204 2519 2356 2572 nNeque
2379 2522 2472 2558 enim

239 2570 481 2645 permutamus
496 2564 728 2644 palrjentzbus,
760 2569 801 2600 ut
823 2575 897 2600 non
919 2568 1017 2644 rlecte
1039 2564 1284 2646 introductabn
1308 2564 1516 2616 electionem
1544 2575 1583 2599 m
1614 2564 1689 2644 ιιίἰίιε
1711 2563 1925 2617 εωὴιζιραιιτ,
1954 2575 2073 2616 neque
2095 2570 2137 2600 ut
2153 2565 2222 2644 lain
2247 2565 2398 2655 &uidem
2422 2578 2472 2602 ex

241 2610 1195 2706 1ιῖἲὲῃέἒῖᾎῖἙῖὧζένίἳῧέἕῗῖῦῧιῖζρἧᾘὲ
1213 2619 1685 2701 suitzzzttfftaeffidzz
1705 2614 1970 2696 35212522223222
1984 2614 2473 2705 {ssg“2f‘251²5„502225215¹⁴0⁷552

241 2711 316 2736 non
338 2701 443 2742 item,
467 2710 529 2746 qua
556 2710 593 2734 m
617 2704 654 2735 et
674 2699 745 2746 ipsa
771 2710 893 2735 omnes
906 2700 1000 2752 pari
1023 2700 1142 2741 modo,
1167 2703 1342 2746 quantum
1366 2699 1416 2734 ad
1437 2698 1533 2734 lianc
1554 2709 1649 2742 rem,
1676 2702 1842 2741 tractent,
1865 2698 1931 2734 sed
1953 2698 2047 2734 alios
2070 2698 2224 2778 “'hffant’
2248 2699 2344 2736 alios
2361 2712 2471 2748 prae-

243 2745 466 2781 termittant?
512 2743 644 2790 Itaque
653 2754 735 2797 pro
758 2755 826 2780 sua
875 2755 1003 2791 uisque
1027 2746 1205 2792 portione
1235 2744 1325 2780 talia
1356 2743 1528 2786 lucretur,
1558 2748 1667 2790 atque
1687 2743 1720 2779 si
1742 2743 1876 2779 liberos
1905 2743 2053 2785 habeat,
2085 2754 2108 2778 a

239 2791 360 2826 mittat
366 2802 382 2832 ;
416 2789 455 2825 ki
478 2799 562 2826 vero
585 2788 626 2824 id
646 2793 742 2825 mter
763 2799 802 2825 se

240 2834 431 2871 excedant.

287 2928 308 2960 2
332 2926 473 2959 ἑαυτῶν
485 2926 615 2966 Prode„
626 2927 736 2970 Epan.
755 2927 767 2969 ΙΙ
783 2922 1028 2961 ὑποτιθέασιν
1041 2927 1159 2961 Procli.
1179 2926 1191 2971 ΙΙ
1208 2928 1227 2961 3
1240 2925 1324 2960 τοὺς

240 2973 366 3018 γονεῖς]
391 2981 446 3004 eos
469 2983 489 3008 ς’
511 2970 523 3016 ΙΙ
551 2969 614 3005 ἐπ’
641 2967 769 3005 αὐτοὺς
793 2972 839 3005 Μ
864 2971 1001 3005 ἑαυτοῖς
1013 2972 1144 3014 Procli„
1169 2972 1279 3016 Epan.
1312 2971 1323 3014 Η

243 3020 261 3050 5
282 3014 518 3062 yevvr'rropow
543 3017 577 3050 Β
593 3015 605 3059 ΙΙ
624 3016 814 3059 ἐπιστῆναι
840 3017 889 3057 M,
914 3017 1031 3051 Proch.
1049 3030 1078 3051 v.
1094 3018 1112 3050 l.
1133 3016 1144 3061 ΙΙ
1161 3019 1180 3051 7
1205 3013 1323 3049 αὐτοῖς

242 3062 274 3095 L
288 3061 405 3095 Procli.
421 3060 434 3106 Ι
451 3059 494 3095 τὸ
519 3058 674 3106 ληφθὲν]
698 3059 884 3104 τολμηθὲν
897 3062 1014 3095 Procli.
1025 3075 1053 3095 v.
1069 3063 1087 3095 l.
1108 3062 1120 3103 ΙΙ
1136 3063 1196 3094 καὶ
1215 3061 1321 3094 ἴστω-

241 3117 312 3139 σαν
332 3125 378 3131 --
404 3107 445 3140 12
463 3104 658 3152 γενόμενον
682 3119 740 3140 om.
758 3107 886 3149 Procli„
899 3107 1008 3150 Epan.
1028 3107 1041 3150 ΙΙ
1057 3108 1077 3141 8
1100 3108 1152 3152 γε]
1176 3102 1217 3139 δὲ
1240 3105 1288 3139 B1
1311 3106 1323 3146 ΙΙ

241 3153 301 3184 καὶ
326 3164 384 3184 om.
402 3151 436 3184 B
450 3151 462 3194 ΙΙ
487 3148 605 3192 τοῦδε]
630 3151 694 3184 τοῦ
736 3163 753 3184 ε
774 3152 819 3185 M
828 3151 840 3195 ΙΙ
873 3154 913 3186 10
937 3153 997 3184 καὶ
1021 3151 1053 3185 εἰ
1077 3149 1221 3195 λάβοιεν
1241 3150 1288 3184 ,ΒῘ
1309 3148 1322 3195 ΙΙ

244 3198 280 3229 11
308 3198 382 3230 τοῖς
404 3194 544 3239 μήποτε
557 3196 588 3230 L
606 3196 619 3241 1¹
641 3199 677 3230 12
703 3163 880 3230 εζιδικοῦσι
896 3197 933 3230 Β
984 3199 1024 3231 14
1043 3208 1084 3230 τε
1097 3204 1127 3230 et
1150 3198 1187 3230 15
1200 3193 1249 3239 μὴ
1261 3208 1319 3229 om.

242 3241 372 3283 Procli„
386 3242 496 3285 Epan.
515 3240 528 3285 Ι
547 3243 586 3276 15
599 3239 769 3286 παρῆλθε
783 3243 830 3274 Β*
849 3240 861 3285 ΙΙ
882 3244 919 3275 16
970 3239 1187 3283 καταστήσει
1199 3242 1319 3280 (κατα-

242 3282 353 3327 στήση
367 3287 423 3328 L¹)
435 3285 571 3320 MLB⁰
580 3286 694 3320 Nom!¹
705 3287 814 3329 Epan.
834 3286 1052 3328 καταστήσω
1065 3287 1112 3320 B‘
1123 3286 1240 3320 Proch.
1251 3287 1296 3327 (ς)
1309 3286 1321 3329 l}

243 3331 286 3362 20
299 3344 346 3373 sq.
372 3333 412 3375 cJI
432 3332 515 3365 Νου.
529 3331 574 3365 Il
593 3344 620 3365 c.
637 3333 651 3365 1
671 3330 683 3375 ΙΙ
711 3333 750 3365 21
777 3331 840 3364 τοῦ
864 3333 979 3375 προτέ
1000 3343 1040 3364 ου
1063 3327 1178 3377 γάμου
1192 3331 1320 3370 ΡνοσΙι.,

243 3374 352 3416 Epan.
369 3376 381 3417 ΙΙ
400 3373 462 3416 Οὔ]
487 3373 571 3409 οὖδὲ
593 3376 640 3409 B¹
658 3375 670 3421 ΙΙ
687 3378 729 3410 23
754 3375 815 3410 ἐπὶ
840 3373 947 3421 λόγον
1006 3375 1020 3396 ²
1037 3377 1049 3419 ΙΙ
1066 3373 1321 3410 ἐνδείκνυσθαι

244 3430 301 3450 om.
325 3429 344 3454 ς
370 3419 383 3462 ll
413 3422 454 3454 2-1
478 3416 538 3453 ἆτι
577 3418 666 3462 ’ζων
691 3422 738 3455 L*
809 3423 850 3454 25
880 3418 1012 3463 ὁμοίως
1043 3422 1117 3454 τοῖς
1146 3418 1322 3466 δευτέροις

245 3462 358 3512 Νονη(1
381 3463 393 3505 11
419 3460 696 3507 ἡτοιμασθησαν
716 3466 747 3500 L
813 3463 927 3498 ἄλλως
949 3468 1001 3506 τε]
1030 3461 1112 3499 ἀλλ’
1140 3461 1236 3499 ὥστε
1259 3477 1279 3502 ς
1309 3464 1322 3508 ΙΙ

244 3507 287 3539 28
339 3518 359 3547 η
378 3510 449 3548 καὶ]
474 3511 533 3541 καὶ
556 3508 605 3552 μὴ
629 3510 681 3544 ΒΓ
693 3511 705 3552 ΙΙ
724 3511 768 3545 29
791 3510 899 3544 τοῦτο
923 3511 952 3543 L
969 3511 980 3552 ss
998 3507 1077 3543 ἀλλ’
1102 3507 1232 3544 αὐτοὺς
1253 3510 1321 3554 μὲν

245 3550 288 3583 M
332 3553 369 3583 31
396 3550 438 3584 τὸ
461 3554 624 3587 τοιοῦτον
644 3555 731 3588 BL²
743 3554 857 3589 Nom!
874 3555 953 3597 (hoc
973 3558 1016 3596 ς)]
1041 3556 1119 3589 τῶν
1142 3555 1321 3589 τοιούτων

246 3595 335 3628 ML¹
350 3594 363 3638 ΙΙ
381 3593 583 3640 κερδανέτω
601 3602 659 3632 καὶ
679 3598 791 3642 ἰσχύει
807 3599 854 3638 (εἰ
869 3597 966 3642 σχῦει
983 3600 1040 3642 L’)
1059 3601 1088 3633 L
1107 3600 1120 3645 [1
1137 3601 1179 3635 32
1199 3596 1320 3634 ’τούτω

249 3639 322 3683 L'fl
347 3642 388 3674 33
412 3639 454 3673 τὸ
477 3643 621 3686 μέτρον]
645 3642 688 3677 τὸ
708 3658 766 3679 om.
783 3645 829 3678 B¹

2155 2755 2219 2779 eos
2241 2744 2334 2780 illud
2354 2751 2471 2781 trans-

851 2789 991 2826 widant
1012 2790 1207 2826 secundum
1231 2800 1455 2832 mensuram,
1489 2792 1670 2835 quotquot
1691 2792 1795 2831 sunt,
1820 2792 1862 2824 ut
1885 2792 2003 2832 tamen
2021 2788 2147 2835 patris
2165 2790 2374 2835 portionem
2397 2802 2472 2827 non

1436 2925 1456 2958 2
1480 2923 1681 2966 prohibeant
1699 2923 1795 2956 RV³
1811 2922 1824 2967 n
1839 2922 1937 2965 quae]
1962 2924 2052 2966 quod
2064 2924 2097 2957 R
2116 2924 2128 2964 ΙΙ
2144 2926 2165 2958 4
2188 2924 2244 2956 sed
2259 2925 2336 2958 add.
2350 2926 2436 2970 vulq-
2459 2925 2472 2969 ΙΙ

1391 2969 1467 3002 illos
1477 2968 1611 3010 quidem
1620 2968 1786 3002 erubescit
1799 2969 1860 3002 del.
1873 2967 1945 3013 17³ss
1961 2972 1980 3003 6
1995 2970 2114 3010 sciant]
2130 2968 2252 3001 seu·-
2265 2969 2314 3002 V¹
2350 2971 2368 3003 7
2383 2980 2471 3004 eom.

1389 3015 1578 3057 parationes
1588 3013 1636 3047 Β*
1653 3014 1664 3057 ΙΙ
1684 3015 1703 3047 8
1725 3013 1919 3046 donationes
1934 3015 1965 3048 R
1983 3014 1995 3055 ΙΙ
2014 3016 2055 3048 10
2078 3013 2306 3047 uendioabunt
2362 3014 2446 3049 V2T

1391 3069 1461 3092 eam
1486 3058 1599 3100 R¹Vn
1617 3059 1766 3100 omnino]
1791 3059 1924 3091 nomine
1946 3058 2004 3103 Vn
2024 3061 2063 3094 13
2089 3062 2216 3102 tempus
2238 3061 2384 3092 transeat
2403 3060 2438 3094 R
2458 3014 2473 3106 Ν

1390 3104 1537 3137 detentio
1551 3102 1629 3148 12¹1}
1651 3106 1691 3137 14
1711 3103 1774 3136 filii
1797 3103 1858 3147 Rfl
1881 3106 1918 3138 15
1943 3103 2034 3148 suae]
2058 3104 2169 3137 sciuae
2183 3104 2233 3138 R¹
2248 3103 2261 3148 ΙΙ
2279 3106 2472 3147 apparuerit

1391 3150 1437 3183 R¹
1455 3150 1466 3191 ΙΙ
1486 3151 1528 3183 20
1542 3151 1630 3182 rubr.
1654 3149 1802 3181 Lucrum
1825 3150 1902 3181 ante
1922 3150 2056 3192 nuptias
2079 3149 2269 3183 donationis
2288 3148 2344 3182 uel
2359 3149 2470 3182 cuius-

1390 3204 1530 3236 cumque
1554 3193 1672 3226 ultime
1696 3193 1881 3226 uoluntatis
1904 3193 2024 3227 collate
2047 3195 2083 3227 in
2107 3204 2244 3227 uxorem
2267 3203 2287 3226 a
2310 3194 2385 3226 uiro
2413 3194 2469 3227 uel

1390 3250 1407 3272 e
1430 3249 1590 3272 conuerso
1613 3238 1700 3271 filios
1722 3239 1844 3282 prioris
1866 3239 2072 3272 matrimonii
2102 3239 2222 3272 habere
2249 3237 2412 3280 equaliter
2434 3238 2469 3271 R

1390 3297 1450 3327 mq.
1467 3283 1479 3328 ΙΙ
1498 3286 1557 3316 aut
1570 3284 1617 3317 R¹
1635 3282 1648 3328 ΙΙ
1665 3283 1731 3316 alia
1754 3281 1809 3327 Vn
1826 3285 1863 3317 21
1892 3285 2032 3326 nuptiis]
2052 3285 2129 3318 add.
2142 3283 2281 3317 offensos
2303 3283 2419 3325 (suppl.
2434 3284 2467 3316 in

1388 3336 1472 3372 spat.
1487 3341 1556 3362 vac.
1580 3328 1641 3370 V2)
1663 3327 1752 3370 1⁷3²,
1774 3328 1906 3361 offensis
1932 3329 1989 3370 ΕΙ,
2011 3328 2062 3362 V²
2082 3342 2108 3363 s.
2123 3342 2165 3371 v.‚
2195 3330 2235 3361 ut
2259 3326 2387 3360 ostendi
2416 3327 2467 3360 R²

1389 3387 1414 3408 ε.
1428 3386 1456 3406 υ.
1488 3372 1500 3416 ΙΙ
1530 3375 1570 3407 22
1601 3373 1804 3406 introdun·
1828 3373 1878 3406 V¹
1907 3372 1920 3418 u
1951 3373 2018 3406 alio
2046 3374 2092 3407 R¹
2121 3372 2134 3416 Ι
2163 3374 2205 3406 25
2233 3371 2274 3412 si]
2306 3371 2370 3414 ipsi
2392 3371 2426 3404 V
2454 3373 2466 3415 Η

1389 3418 1538 3451 omnium
1568 3418 1726 3460 filiorum]
1758 3417 1906 3451 omnium
1930 3417 2049 3451 deinde
2073 3418 2118 3451 ait
2143 3416 2291 3450 omnium
2319 3414 2465 3449 filiorum

1390 3464 1467 3496 add.
1491 3463 1539 3496 1⁷¹
1563 3463 1682 3496 deinde
1705 3463 1734 3496 si
1757 3463 1906 3496 omnium
1926 3462 2071 3496 filiorum
2087 3461 2165 3496 add.
2180 3460 2228 3494 R·
2244 3462 2256 3502 ΙΙ
2275 3462 2318 3493 26
2342 3459 2466 3492 alio—-

1388 3507 1455 3540 alio
1470 3508 1501 3540 R
1516 3508 1528 3551 ΙΙ
1548 3510 1587 3542 27
1610 3509 1682 3549 cur]
1697 3519 1771 3541 oum
1790 3508 1866 3551 R'll
1885 3509 1928 3542 29
1953 3508 2027 3541 ideo
2047 3504 2132 3550 VT!
2151 3506 2194 3539 30
2218 3505 2464 3547 proportionem

1388 3553 1499 3594 (antea
1513 3562 1597 3595 epae.
1614 3561 1660 3586 ese
1675 3555 1694 3587 2
1710 3554 1782 3589 liu.)
1803 3553 1842 3595 V,
1865 3553 2035 3596 portiones
2048 3551 2080 3584 R
2099 3549 2285 3592 portionem
2301 3549 2427 3593 Tvuly.
2451 3549 2464 3594 fl

1388 3598 1549 3638 unusquis
1571 3597 1626 3643 Vl}
1655 3597 1805 3631 lucretur
1828 3598 1891 3630 hoo
1913 3595 2007 3641 VT!
2034 3594 2132 3628 habet
2157 3593 2224 3627 ΒΤ
2245 3593 2257 3635 ΙΙ
2288 3595 2326 3628 31
2355 3597 2461 3627 trans-

1386 3642 1523 3674 mittant
1544 3643 1578 3676 V
1593 3643 1840 3675 transmittatur
1864 3640 1923 3686 R}
1941 3641 2003 3674 hoo
2022 3639 2111 3672 inter
2135 3651 2193 3672 om.
2220 3638 2267 3671 R¹
2286 3637 2299 3684 ΙΙ
2315 3641 2356 3672 33
2382 3650 2458 3674 con-

1387 3687 1512 3720 sistunt
1535 3686 1647 3732 V1134
1672 3687 1844 3730 porciones
1867 3685 1902 3720 R
