<?xml version="1.0" encoding="UTF-8"?>
<!DOCTYPE html PUBLIC "-//W3C//DTD XHTML 1.0 Transitional//EN"
    "http://www.w3.org/TR/xhtml1/DTD/xhtml1-transitional.dtd">
<html xmlns="http://www.w3.org/1999/xhtml" xml:lang="en" lang="en">
 <head>
  <title>
</title>
<meta http-equiv="Content-Type" content="text/html;charset=utf-8" />
  <meta name='ocr-system' content='tesseract 3.04.00' />
  <meta name='ocr-capabilities' content='ocr_page ocr_carea ocr_par ocr_line ocrx_word'/>
</head>
<body>
  <div class='ocr_page' id='page_1' title='image "./corpusiuriscivil03krueuoft_0489.png"; bbox 0 0 2618 4010; ppageno 0'>
   <div class='ocr_carea' id='block_1_1' title="bbox 179 188 679 222">
    <p class='ocr_par' dir='ltr' id='par_1_1' title="bbox 179 188 679 222">
     <span class='ocr_line' id='line_1_1' title="bbox 179 188 679 222; baseline 0.006 -3"><span class='ocrx_word' id='word_1_1' title='bbox 179 190 239 220; x_wconf 81' lang='lat' dir='ltr'>DE</span> <span class='ocrx_word' id='word_1_2' title='bbox 267 188 679 222; x_wconf 82' lang='lat' dir='ltr'>APPELLATIONIBUS</span> 
     </span>
    </p>
   </div>
   <div class='ocr_carea' id='block_1_2' title="bbox 514 326 905 429">
    <p class='ocr_par' dir='ltr' id='par_1_2' title="bbox 514 326 905 429">
     <span class='ocr_line' id='line_1_2' title="bbox 685 326 735 368; baseline 0 -9"><span class='ocrx_word' id='word_1_3' title='bbox 685 326 735 368; x_wconf 61' lang='lat'>(11¹</span> 
     </span>
     <span class='ocr_line' id='line_1_3' title="bbox 514 393 905 429; baseline 0.008 -3"><span class='ocrx_word' id='word_1_4' title='bbox 514 393 629 427; x_wconf 85' lang='grc' dir='ltr'><strong>ΠΕΡΙ</strong></span> <span class='ocrx_word' id='word_1_5' title='bbox 657 395 905 429; x_wconf 85' lang='grc' dir='ltr'><strong>ΕΦΕΣΕΩΝ.</strong></span> 
     </span>
    </p>
   </div>
   <div class='ocr_carea' id='block_1_3' title="bbox 174 438 1248 520">
    <p class='ocr_par' dir='ltr' id='par_1_3' title="bbox 174 438 1248 520">
     <span class='ocr_line' id='line_1_4' title="bbox 174 438 1248 474; baseline 0.001 -3"><span class='ocrx_word' id='word_1_6' title='bbox 174 438 308 472; x_wconf 83' lang='grc' dir='ltr'><strong>ΩΣΤΕ</strong></span> <span class='ocrx_word' id='word_1_7' title='bbox 331 439 379 472; x_wconf 85' lang='grc' dir='ltr'>ΕΙ</span> <span class='ocrx_word' id='word_1_8' title='bbox 402 439 743 474; x_wconf 88' lang='grc' dir='ltr'><strong>ΚῙΝΟΥΜΕΝΗΣ</strong></span> <span class='ocrx_word' id='word_1_9' title='bbox 776 441 930 474; x_wconf 84' lang='grc' dir='ltr'><strong>ΔΙΚΗΣ</strong></span> <span class='ocrx_word' id='word_1_10' title='bbox 960 439 1097 474; x_wconf 88' lang='grc' dir='ltr'><strong>ΠΑΡΑ</strong></span> <span class='ocrx_word' id='word_1_11' title='bbox 1127 438 1248 473; x_wconf 85' lang='grc' dir='ltr'><strong>ΕΦΕ-</strong></span> 
     </span>
     <span class='ocr_line' id='line_1_5' title="bbox 174 484 1248 520; baseline 0.002 -3"><span class='ocrx_word' id='word_1_12' title='bbox 174 484 265 517; x_wconf 89' lang='grc' dir='ltr'>ΤΗῙ</span> <span class='ocrx_word' id='word_1_13' title='bbox 302 484 385 517; x_wconf 80' lang='lat' dir='ltr'>Em</span> <span class='ocrx_word' id='word_1_14' title='bbox 421 484 680 519; x_wconf 84' lang='grc' dir='ltr'><strong>ΑΙΡΕΤΟΥΣ</strong></span> <span class='ocrx_word' id='word_1_15' title='bbox 719 486 931 520; x_wconf 82' lang='grc' dir='ltr'><strong>ΕΛΘΩΣΙΝ</strong></span> <span class='ocrx_word' id='word_1_16' title='bbox 971 486 1022 519; x_wconf 93' lang='lat'>01</span> <span class='ocrx_word' id='word_1_17' title='bbox 1061 485 1248 519; x_wconf 86' lang='grc' dir='ltr'><strong>ΛΙΊῚΓΑ-</strong></span> 
     </span>
    </p>
   </div>
   <div class='ocr_carea' id='block_1_4' title="bbox 174 529 1304 566">
    <p class='ocr_par' dir='ltr' id='par_1_4' title="bbox 174 529 1304 566">
     <span class='ocr_line' id='line_1_6' title="bbox 174 529 1304 566; baseline 0.004 -4"><span class='ocrx_word' id='word_1_18' title='bbox 174 529 340 563; x_wconf 85' lang='grc' dir='ltr'><strong>ΤΟΡΕΣ</strong></span> <span class='ocrx_word' id='word_1_19' title='bbox 374 529 468 563; x_wconf 78' lang='lat' dir='ltr'>KAI</span> <span class='ocrx_word' id='word_1_20' title='bbox 504 531 566 564; x_wconf 85' lang='lat' dir='ltr'>EN</span> <span class='ocrx_word' id='word_1_21' title='bbox 602 531 871 565; x_wconf 83' lang='grc' dir='ltr'>ΤΟΣΟΥΤΩΙ</span> <span class='ocrx_word' id='word_1_22' title='bbox 906 530 1180 565; x_wconf 85' lang='grc' dir='ltr'><strong>ΔΙΑΔΡΑΜΟῙ</strong></span> <span class='ocrx_word' id='word_1_23' title='bbox 1211 531 1248 563; x_wconf 90' lang='lat' dir='ltr'>H</span> <span class='ocrx_word' id='word_1_24' title='bbox 1284 532 1304 566; x_wconf 87' lang='lat'>5</span> 
     </span>
    </p>
   </div>
   <div class='ocr_carea' id='block_1_5' title="bbox 171 574 1246 753">
    <p class='ocr_par' dir='ltr' id='par_1_5' title="bbox 172 574 1246 610">
     <span class='ocr_line' id='line_1_7' title="bbox 172 574 1246 610; baseline 0.003 -3"><span class='ocrx_word' id='word_1_25' title='bbox 172 574 339 608; x_wconf 86' lang='grc' dir='ltr'><strong>ΔῙΕἸῚΑ</strong></span> <span class='ocrx_word' id='word_1_26' title='bbox 382 575 476 609; x_wconf 86' lang='grc' dir='ltr'>ΚΑΙ</span> <span class='ocrx_word' id='word_1_27' title='bbox 516 576 717 610; x_wconf 84' lang='grc' dir='ltr'><strong>ΣΥΜΒΗῙ</strong></span> <span class='ocrx_word' id='word_1_28' title='bbox 759 578 842 610; x_wconf 88' lang='grc' dir='ltr'><strong>ΕΙΙΙ</strong></span> <span class='ocrx_word' id='word_1_29' title='bbox 865 577 989 610; x_wconf 73' lang='grc' dir='ltr'><strong>’ΤΟΝ</strong></span> <span class='ocrx_word' id='word_1_30' title='bbox 1031 575 1246 610; x_wconf 86' lang='grc' dir='ltr'><strong>ΕΦΕΤΗΝ</strong></span> 
     </span>
    </p>

    <p class='ocr_par' dir='ltr' id='par_1_6' title="bbox 172 619 1246 663">
     <span class='ocr_line' id='line_1_8' title="bbox 172 619 1246 663; baseline 0.001 -10"><span class='ocrx_word' id='word_1_31' title='bbox 172 619 323 653; x_wconf 83' lang='grc' dir='ltr'><strong>ΑΥθΙΣ</strong></span> <span class='ocrx_word' id='word_1_32' title='bbox 356 620 464 654; x_wconf 87' lang='grc' dir='ltr'>ΤΗΝ</span> <span class='ocrx_word' id='word_1_33' title='bbox 497 620 653 656; x_wconf 83' lang='grc' dir='ltr'><strong>ΔΙΚΗΝ</strong></span> <span class='ocrx_word' id='word_1_34' title='bbox 684 622 1014 663; x_wconf 84' lang='grc' dir='ltr'><em>ΕΠΑΝΕΛΘΕῙΝ,</em></span> <span class='ocrx_word' id='word_1_35' title='bbox 1050 621 1132 654; x_wconf 87' lang='grc' dir='ltr'>ΜΗ</span> <span class='ocrx_word' id='word_1_36' title='bbox 1164 621 1246 654; x_wconf 89' lang='grc' dir='ltr'>ΑΝ-</span> 
     </span>
    </p>

    <p class='ocr_par' dir='ltr' id='par_1_7' title="bbox 171 665 1246 753">
     <span class='ocr_line' id='line_1_9' title="bbox 171 665 1246 702; baseline 0.001 -4"><span class='ocrx_word' id='word_1_37' title='bbox 171 665 466 700; x_wconf 85' lang='grc' dir='ltr'><strong>ΤΙΤΙθΕΣθΑῙ</strong></span> <span class='ocrx_word' id='word_1_38' title='bbox 496 667 603 702; x_wconf 87' lang='grc' dir='ltr'>ΤΗΝ</span> <span class='ocrx_word' id='word_1_39' title='bbox 637 668 742 702; x_wconf 87' lang='grc' dir='ltr'>ΤΗΣ</span> <span class='ocrx_word' id='word_1_40' title='bbox 775 667 974 701; x_wconf 87' lang='grc' dir='ltr'><strong>ΔΙΕΤΙΑΣ</strong></span> <span class='ocrx_word' id='word_1_41' title='bbox 996 666 1246 700; x_wconf 84' lang='grc' dir='ltr'><strong>ΠΑΡΑΔΡΟ-</strong></span> 
     </span>
     <span class='ocr_line' id='line_1_10' title="bbox 322 709 1099 753; baseline 0 -9"><span class='ocrx_word' id='word_1_42' title='bbox 322 711 435 746; x_wconf 92' lang='lat' dir='ltr'>MHN</span> <span class='ocrx_word' id='word_1_43' title='bbox 461 710 579 753; x_wconf 86' lang='lat' dir='ltr'>[Ano</span> <span class='ocrx_word' id='word_1_44' title='bbox 606 713 716 747; x_wconf 81' lang='grc' dir='ltr'>ΤΟΥ</span> <span class='ocrx_word' id='word_1_45' title='bbox 739 709 1099 753; x_wconf 85' lang='grc' dir='ltr'><strong>ΝΙΚΗΣΑΝΤΟΣ].</strong></span> 
     </span>
    </p>
   </div>
   <div class='ocr_carea' id='block_1_6' title="bbox 1251 175 1278 222">
    <p class='ocr_par' dir='ltr' id='par_1_8' title="bbox 1251 175 1278 222">
     <span class='ocr_line' id='line_1_11' title="bbox 1251 175 1278 222; baseline 0 0"><span class='ocrx_word' id='word_1_46' title='bbox 1251 175 1278 222; x_wconf 85' lang='grc'>4</span> 
     </span>
    </p>
   </div>
   <div class='ocr_carea' id='block_1_7' title="bbox 1310 175 2395 236">
    <p class='ocr_par' dir='ltr' id='par_1_9' title="bbox 1310 175 2395 236">
     <span class='ocr_line' id='line_1_12' title="bbox 1310 175 2395 236; baseline 0.002 -15"><span class='ocrx_word' id='word_1_47' title='bbox 1310 175 1334 221; x_wconf 85' lang='grc'><em>9</em></span> <span class='ocrx_word' id='word_1_48' title='bbox 2030 181 2136 224; x_wconf 91' lang='lat' dir='ltr'>Nov.</span> <span class='ocrx_word' id='word_1_49' title='bbox 2167 180 2308 225; x_wconf 85' lang='lat' dir='ltr'>XCIII</span> <span class='ocrx_word' id='word_1_50' title='bbox 2336 194 2395 236; x_wconf 86' lang='lat' dir='ltr'>pr.</span> 
     </span>
    </p>
   </div>
   <div class='ocr_carea' id='block_1_8' title="bbox 1520 325 2396 441">
    <p class='ocr_par' dir='ltr' id='par_1_10' title="bbox 1520 325 2396 441">
     <span class='ocr_line' id='line_1_13' title="bbox 1736 325 2396 362; baseline 0.002 -2"><span class='ocrx_word' id='word_1_51' title='bbox 1736 325 1864 360; x_wconf 90' lang='lat' dir='ltr'>XCIII.</span> <span class='ocrx_word' id='word_1_52' title='bbox 1914 326 2024 361; x_wconf 85' lang='lat' dir='ltr'>Auth.</span> <span class='ocrx_word' id='word_1_53' title='bbox 2042 326 2079 362; x_wconf 91' lang='lat' dir='ltr'>C.</span> <span class='ocrx_word' id='word_1_54' title='bbox 2107 325 2293 362; x_wconf 86' lang='lat' dir='ltr'><strong>c011.V111</strong></span> <span class='ocrx_word' id='word_1_55' title='bbox 2309 325 2396 361; x_wconf 87' lang='lat' dir='ltr'>tit.2</span> 
     </span>
     <span class='ocr_line' id='line_1_14' title="bbox 1520 393 2196 441; baseline 0.001 -13"><span class='ocrx_word' id='word_1_56' title='bbox 1520 393 1560 439; x_wconf 58' lang='lat' dir='ltr'>R)</span> <span class='ocrx_word' id='word_1_57' title='bbox 1588 394 1654 429; x_wconf 83' lang='lat' dir='ltr'>DE</span> <span class='ocrx_word' id='word_1_58' title='bbox 1679 393 2130 429; x_wconf 86' lang='lat' dir='ltr'>APPELLATIONIBUS</span> <span class='ocrx_word' id='word_1_59' title='bbox 2155 394 2196 441; x_wconf 56' lang='lat' dir='ltr'>Rp</span> 
     </span>
    </p>
   </div>
   <div class='ocr_carea' id='block_1_9' title="bbox 191 761 2393 820">
    <p class='ocr_par' dir='ltr' id='par_1_11' title="bbox 191 761 2393 820">
     <span class='ocr_line' id='line_1_15' title="bbox 191 761 2393 820; baseline 0.002 -23"><span class='ocrx_word' id='word_1_60' title='bbox 191 761 228 798; x_wconf 88' lang='lat'>‘0</span> <span class='ocrx_word' id='word_1_61' title='bbox 252 761 360 799; x_wconf 76' lang='grc' dir='ltr'><em>αὐτὸς</em></span> <span class='ocrx_word' id='word_1_62' title='bbox 383 765 551 809; x_wconf 81' lang='grc' dir='ltr'><em>βασιλεὺς</em></span> <span class='ocrx_word' id='word_1_63' title='bbox 571 764 722 815; x_wconf 78' lang='grc' dir='ltr'><em>Ἰωάννῃ</em></span> <span class='ocrx_word' id='word_1_64' title='bbox 746 768 799 810; x_wconf 79' lang='grc' dir='ltr'><em>τῷ</em></span> <span class='ocrx_word' id='word_1_65' title='bbox 826 765 1051 820; x_wconf 68' lang='grc' dir='ltr'><em>ἐνδοξοτάτῳ</em></span> <span class='ocrx_word' id='word_1_66' title='bbox 1077 764 1222 820; x_wconf 40' lang='lat' dir='ltr'>endem)</span> <span class='ocrx_word' id='word_1_67' title='bbox 1263 771 1302 802; x_wconf 85' lang='lat'>10</span> <span class='ocrx_word' id='word_1_68' title='bbox 1315 767 1402 812; x_wconf 89' lang='lat' dir='ltr'>Imp.</span> <span class='ocrx_word' id='word_1_69' title='bbox 1430 766 1649 802; x_wconf 84' lang='lat' dir='ltr'>Iustinianus</span> <span class='ocrx_word' id='word_1_70' title='bbox 1673 766 1765 810; x_wconf 88' lang='lat' dir='ltr'>Aug.</span> <span class='ocrx_word' id='word_1_71' title='bbox 1791 765 1944 801; x_wconf 76' lang='lat' dir='ltr'>Iohanni</span> <span class='ocrx_word' id='word_1_72' title='bbox 1973 777 2032 811; x_wconf 88' lang='lat' dir='ltr'>pp.</span> <span class='ocrx_word' id='word_1_73' title='bbox 2058 766 2214 802; x_wconf 85' lang='lat' dir='ltr'>secundo</span> <span class='ocrx_word' id='word_1_74' title='bbox 2242 776 2286 802; x_wconf 84' lang='lat' dir='ltr'>ex</span> <span class='ocrx_word' id='word_1_75' title='bbox 2309 776 2393 802; x_wconf 90' lang='lat' dir='ltr'>con-</span> 
     </span>
    </p>
   </div>
   <div class='ocr_carea' id='block_1_10' title="bbox 191 809 1223 904">
    <p class='ocr_par' dir='ltr' id='par_1_12' title="bbox 191 809 1223 904">
     <span class='ocr_line' id='line_1_16' title="bbox 191 809 1223 857; baseline 0.001 -13"><span class='ocrx_word' id='word_1_76' title='bbox 191 810 269 844; x_wconf 83' lang='grc' dir='ltr'>τῶν</span> <span class='ocrx_word' id='word_1_77' title='bbox 292 811 354 853; x_wconf 85' lang='grc' dir='ltr'><em>τῆς</em></span> <span class='ocrx_word' id='word_1_78' title='bbox 375 813 424 845; x_wconf 81' lang='grc' dir='ltr'>ἕω</span> <span class='ocrx_word' id='word_1_79' title='bbox 448 816 685 857; x_wconf 83' lang='grc' dir='ltr'><em>πραιτωρίων</em></span> <span class='ocrx_word' id='word_1_80' title='bbox 707 812 749 847; x_wconf 87' lang='grc' dir='ltr'><em>τὸ</em></span> <span class='ocrx_word' id='word_1_81' title='bbox 771 812 824 856; x_wconf 79' lang='grc' dir='ltr'>β’,</span> <span class='ocrx_word' id='word_1_82' title='bbox 849 809 922 847; x_wconf 79' lang='grc' dir='ltr'><em>άπὸ</em></span> <span class='ocrx_word' id='word_1_83' title='bbox 949 811 1103 846; x_wconf 87' lang='grc' dir='ltr'><em>υπάτων</em></span> <span class='ocrx_word' id='word_1_84' title='bbox 1127 809 1223 856; x_wconf 82' lang='grc' dir='ltr'><em>ορδι-</em></span> 
     </span>
     <span class='ocr_line' id='line_1_17' title="bbox 489 861 925 904; baseline 0 -14"><span class='ocrx_word' id='word_1_85' title='bbox 489 861 629 904; x_wconf 88' lang='grc' dir='ltr'><em>ναρίων</em></span> <span class='ocrx_word' id='word_1_86' title='bbox 652 861 711 891; x_wconf 86' lang='grc' dir='ltr'>καὶ</span> <span class='ocrx_word' id='word_1_87' title='bbox 736 861 925 903; x_wconf 80' lang='grc' dir='ltr'><em>πατρικίῳ.</em></span> 
     </span>
    </p>
   </div>
   <div class='ocr_carea' id='block_1_11' title="bbox 225 921 1247 980">
    <p class='ocr_par' dir='ltr' id='par_1_13' title="bbox 225 921 1247 980">
     <span class='ocr_line' id='line_1_18' title="bbox 225 921 1247 980; baseline 0.003 -25"><span class='ocrx_word' id='word_1_88' title='bbox 225 923 312 967; x_wconf 90' lang='grc' dir='ltr'>&lt;Πρ</span> <span class='ocrx_word' id='word_1_89' title='bbox 321 936 339 956; x_wconf 94' lang='grc' dir='ltr'><em>ο</em></span> <span class='ocrx_word' id='word_1_90' title='bbox 348 935 367 956; x_wconf 93' lang='grc' dir='ltr'><em>ο</em></span> <span class='ocrx_word' id='word_1_91' title='bbox 378 927 421 967; x_wconf 67' lang='lat' dir='ltr'>tp</span> <span class='ocrx_word' id='word_1_92' title='bbox 432 938 444 957; x_wconf 95' lang='grc' dir='ltr'>ι</span> <span class='ocrx_word' id='word_1_93' title='bbox 454 937 471 957; x_wconf 92' lang='grc' dir='ltr'><em>ο</em></span> <span class='ocrx_word' id='word_1_94' title='bbox 481 924 536 978; x_wconf 65' lang='grc' dir='ltr'><em>ν.)</em></span> <span class='ocrx_word' id='word_1_95' title='bbox 583 925 638 979; x_wconf 58' lang='lat' dir='ltr'>Ag</span> <span class='ocrx_word' id='word_1_96' title='bbox 657 927 735 960; x_wconf 82' lang='grc' dir='ltr'>τῶν</span> <span class='ocrx_word' id='word_1_97' title='bbox 758 923 932 969; x_wconf 76' lang='grc' dir='ltr'>ὑπηκόων</span> <span class='ocrx_word' id='word_1_98' title='bbox 962 927 1039 980; x_wconf 58' lang='grc' dir='ltr'><em>ταῖν</em></span> <span class='ocrx_word' id='word_1_99' title='bbox 1062 921 1247 979; x_wconf 68' lang='grc' dir='ltr'><em>ἡμετέρων</em></span> 
     </span>
    </p>
   </div>
   <div class='ocr_carea' id='block_1_12' title="bbox 1559 811 2149 856">
    <p class='ocr_par' dir='ltr' id='par_1_14' title="bbox 1559 811 2149 856">
     <span class='ocr_line' id='line_1_19' title="bbox 1559 811 2149 856; baseline -0.002 -9"><span class='ocrx_word' id='word_1_100' title='bbox 1559 811 1634 847; x_wconf 89' lang='lat' dir='ltr'>sule</span> <span class='ocrx_word' id='word_1_101' title='bbox 1655 811 1835 846; x_wconf 87' lang='lat' dir='ltr'>ordinario</span> <span class='ocrx_word' id='word_1_102' title='bbox 1860 814 1967 856; x_wconf 83' lang='lat' dir='ltr'>atque</span> <span class='ocrx_word' id='word_1_103' title='bbox 1987 811 2149 856; x_wconf 85' lang='lat' dir='ltr'>patricio.</span> 
     </span>
    </p>
   </div>
   <div class='ocr_carea' id='block_1_13' title="bbox 1359 923 2393 969">
    <p class='ocr_par' dir='ltr' id='par_1_15' title="bbox 1359 923 2393 969">
     <span class='ocr_line' id='line_1_20' title="bbox 1359 923 2393 969; baseline 0.001 -11"><span class='ocrx_word' id='word_1_104' title='bbox 1359 924 1405 969; x_wconf 89' lang='lat' dir='ltr'>&lt;P</span> <span class='ocrx_word' id='word_1_105' title='bbox 1412 934 1430 958; x_wconf 92' lang='lat' dir='ltr'>r</span> <span class='ocrx_word' id='word_1_106' title='bbox 1438 933 1461 958; x_wconf 84' lang='lat' dir='ltr'>a</span> <span class='ocrx_word' id='word_1_107' title='bbox 1469 934 1487 959; x_wconf 94' lang='lat' dir='ltr'>e</span> <span class='ocrx_word' id='word_1_108' title='bbox 1496 924 1513 958; x_wconf 86' lang='lat' dir='ltr'><strong>f</strong></span> <span class='ocrx_word' id='word_1_109' title='bbox 1519 934 1540 959; x_wconf 88' lang='lat' dir='ltr'>a</span> <span class='ocrx_word' id='word_1_110' title='bbox 1548 923 1642 966; x_wconf 86' lang='lat' dir='ltr'>tio.)</span> <span class='ocrx_word' id='word_1_111' title='bbox 1689 923 1937 959; x_wconf 84' lang='lat' dir='ltr'><strong>Subiectorum</strong></span> <span class='ocrx_word' id='word_1_112' title='bbox 1960 926 2163 959; x_wconf 82' lang='lat' dir='ltr'>nostrorum</span> <span class='ocrx_word' id='word_1_113' title='bbox 2187 924 2393 969; x_wconf 83' lang='lat' dir='ltr'>interpella-</span> 
     </span>
    </p>
   </div>
   <div class='ocr_carea' id='block_1_14' title="bbox 164 967 2394 1832">
    <p class='ocr_par' dir='ltr' id='par_1_16' title="bbox 164 967 2394 1787">
     <span class='ocr_line' id='line_1_21' title="bbox 170 967 2394 1016; baseline 0.001 -14"><span class='ocrx_word' id='word_1_114' title='bbox 170 967 418 1014; x_wconf 83' lang='grc' dir='ltr'><em>προςαγγελίαι</em></span> <span class='ocrx_word' id='word_1_115' title='bbox 454 983 581 1013; x_wconf 85' lang='grc' dir='ltr'><em>νομων</em></span> <span class='ocrx_word' id='word_1_116' title='bbox 614 974 701 1015; x_wconf 82' lang='grc' dir='ltr'><em>ημῖν</em></span> <span class='ocrx_word' id='word_1_117' title='bbox 735 975 950 1016; x_wconf 78' lang='grc' dir='ltr'><strong><em>παρέχουσιν</em></strong></span> <span class='ocrx_word' id='word_1_118' title='bbox 987 982 1150 1016; x_wconf 87' lang='grc' dir='ltr'><em>αφορμας</em></span> <span class='ocrx_word' id='word_1_119' title='bbox 1186 971 1246 1004; x_wconf 83' lang='grc' dir='ltr'><em>ἐπὶ</em></span> <span class='ocrx_word' id='word_1_120' title='bbox 1314 969 1428 1005; x_wconf 83' lang='lat' dir='ltr'>tiones</span> <span class='ocrx_word' id='word_1_121' title='bbox 1459 969 1577 1013; x_wconf 89' lang='lat' dir='ltr'>legum</span> <span class='ocrx_word' id='word_1_122' title='bbox 1608 969 1712 1004; x_wconf 82' lang='lat' dir='ltr'>nobis</span> <span class='ocrx_word' id='word_1_123' title='bbox 1743 970 1918 1014; x_wconf 82' lang='lat' dir='ltr'>praebent</span> <span class='ocrx_word' id='word_1_124' title='bbox 1948 969 2154 1005; x_wconf 78' lang='lat' dir='ltr'><strong>occasiones</strong></span> <span class='ocrx_word' id='word_1_125' title='bbox 2186 980 2253 1013; x_wconf 87' lang='lat' dir='ltr'>pro</span> <span class='ocrx_word' id='word_1_126' title='bbox 2278 971 2394 1005; x_wconf 84' lang='lat' dir='ltr'>salute</span> 
     </span>
     <span class='ocr_line' id='line_1_22' title="bbox 169 1011 2392 1063; baseline 0.001 -16"><span class='ocrx_word' id='word_1_127' title='bbox 169 1018 331 1061; x_wconf 75' lang='grc' dir='ltr'><strong><em>σωτηρίᾳ</em></strong></span> <span class='ocrx_word' id='word_1_128' title='bbox 354 1016 431 1048; x_wconf 84' lang='grc' dir='ltr'>τῶν</span> <span class='ocrx_word' id='word_1_129' title='bbox 448 1011 636 1050; x_wconf 70' lang='grc' dir='ltr'><em>ὑποτελῶν</em></span> <span class='ocrx_word' id='word_1_130' title='bbox 659 1020 974 1063; x_wconf 81' lang='grc' dir='ltr'><em>συγγραφομένων.</em></span> <span class='ocrx_word' id='word_1_131' title='bbox 1023 1014 1247 1062; x_wconf 79' lang='grc' dir='ltr'><em>προςέλευσιν</em></span> <span class='ocrx_word' id='word_1_132' title='bbox 1262 1020 1303 1052; x_wconf 86' lang='grc'>15</span> <span class='ocrx_word' id='word_1_133' title='bbox 1316 1015 1537 1050; x_wconf 82' lang='lat' dir='ltr'>subditorum</span> <span class='ocrx_word' id='word_1_134' title='bbox 1555 1015 1902 1050; x_wconf 82' lang='lat' dir='ltr'>conscribendarum.</span> <span class='ocrx_word' id='word_1_135' title='bbox 1939 1015 2142 1050; x_wconf 88' lang='lat' dir='ltr'>Aditionem</span> <span class='ocrx_word' id='word_1_136' title='bbox 2161 1025 2314 1061; x_wconf 81' lang='lat' dir='ltr'>namque</span> <span class='ocrx_word' id='word_1_137' title='bbox 2329 1026 2392 1050; x_wconf 90' lang='lat' dir='ltr'>no-</span> 
     </span>
     <span class='ocr_line' id='line_1_23' title="bbox 168 1058 2392 1106; baseline 0.002 -15"><span class='ocrx_word' id='word_1_138' title='bbox 168 1058 237 1104; x_wconf 85' lang='grc' dir='ltr'>γὰρ</span> <span class='ocrx_word' id='word_1_139' title='bbox 270 1062 356 1103; x_wconf 85' lang='grc' dir='ltr'><em>ημῖν</em></span> <span class='ocrx_word' id='word_1_140' title='bbox 385 1072 480 1094; x_wconf 78' lang='grc' dir='ltr'><em>τινες</em></span> <span class='ocrx_word' id='word_1_141' title='bbox 503 1060 731 1106; x_wconf 81' lang='grc' dir='ltr'><em>ἐποιήσαντο,</em></span> <span class='ocrx_word' id='word_1_142' title='bbox 765 1059 812 1095; x_wconf 65' lang='grc' dir='ltr'>οἷς</span> <span class='ocrx_word' id='word_1_143' title='bbox 842 1063 907 1095; x_wconf 78' lang='grc' dir='ltr'>τοῦ</span> <span class='ocrx_word' id='word_1_144' title='bbox 938 1061 1049 1106; x_wconf 86' lang='grc' dir='ltr'><em>νόμου</em></span> <span class='ocrx_word' id='word_1_145' title='bbox 1078 1060 1246 1106; x_wconf 75' lang='grc' dir='ltr'><em>βουλομέ-</em></span> <span class='ocrx_word' id='word_1_146' title='bbox 1314 1060 1369 1095; x_wconf 91' lang='lat' dir='ltr'>bis</span> <span class='ocrx_word' id='word_1_147' title='bbox 1393 1060 1535 1105; x_wconf 87' lang='lat' dir='ltr'>quidam</span> <span class='ocrx_word' id='word_1_148' title='bbox 1559 1064 1734 1105; x_wconf 83' lang='lat' dir='ltr'>patronus</span> <span class='ocrx_word' id='word_1_149' title='bbox 1757 1060 1858 1103; x_wconf 88' lang='lat' dir='ltr'>fecit,</span> <span class='ocrx_word' id='word_1_150' title='bbox 1892 1060 1976 1104; x_wconf 82' lang='lat' dir='ltr'>quia</span> <span class='ocrx_word' id='word_1_151' title='bbox 1998 1061 2076 1105; x_wconf 88' lang='lat' dir='ltr'>lege</span> <span class='ocrx_word' id='word_1_152' title='bbox 2107 1061 2246 1096; x_wconf 87' lang='lat' dir='ltr'>volente</span> <span class='ocrx_word' id='word_1_153' title='bbox 2269 1061 2392 1106; x_wconf 86' lang='lat' dir='ltr'>appel-</span> 
     </span>
     <span class='ocr_line' id='line_1_24' title="bbox 168 1104 2391 1153; baseline 0.002 -16"><span class='ocrx_word' id='word_1_154' title='bbox 168 1117 232 1137; x_wconf 89' lang='grc' dir='ltr'>νου</span> <span class='ocrx_word' id='word_1_155' title='bbox 268 1105 336 1138; x_wconf 88' lang='grc' dir='ltr'>τὸν</span> <span class='ocrx_word' id='word_1_156' title='bbox 371 1107 503 1151; x_wconf 80' lang='grc' dir='ltr'><em>έφέντα</em></span> <span class='ocrx_word' id='word_1_157' title='bbox 537 1109 597 1139; x_wconf 79' lang='grc' dir='ltr'><em>καὶ</em></span> <span class='ocrx_word' id='word_1_158' title='bbox 632 1108 693 1141; x_wconf 81' lang='grc' dir='ltr'><em>ἐπὶ</em></span> <span class='ocrx_word' id='word_1_159' title='bbox 729 1105 866 1141; x_wconf 80' lang='grc' dir='ltr'><strong><em>διετίαν</em></strong></span> <span class='ocrx_word' id='word_1_160' title='bbox 890 1106 1107 1153; x_wconf 88' lang='grc' dir='ltr'><em>σιγήσαντα,</em></span> <span class='ocrx_word' id='word_1_161' title='bbox 1140 1104 1163 1149; x_wconf 85' lang='grc' dir='ltr'><em>ἢ</em></span> <span class='ocrx_word' id='word_1_162' title='bbox 1186 1109 1246 1139; x_wconf 84' lang='grc' dir='ltr'><em>καὶ</em></span> <span class='ocrx_word' id='word_1_163' title='bbox 1314 1105 1447 1140; x_wconf 86' lang='lat' dir='ltr'>lantem</span> <span class='ocrx_word' id='word_1_164' title='bbox 1479 1108 1515 1140; x_wconf 86' lang='lat' dir='ltr'>et</span> <span class='ocrx_word' id='word_1_165' title='bbox 1546 1115 1610 1149; x_wconf 88' lang='lat' dir='ltr'>per</span> <span class='ocrx_word' id='word_1_166' title='bbox 1641 1106 1818 1141; x_wconf 87' lang='lat' dir='ltr'>biennium</span> <span class='ocrx_word' id='word_1_167' title='bbox 1850 1108 2048 1148; x_wconf 79' lang='lat' dir='ltr'>tacentem,</span> <span class='ocrx_word' id='word_1_168' title='bbox 2080 1108 2146 1141; x_wconf 84' lang='lat' dir='ltr'>aut</span> <span class='ocrx_word' id='word_1_169' title='bbox 2169 1109 2266 1141; x_wconf 85' lang='lat' dir='ltr'>certe</span> <span class='ocrx_word' id='word_1_170' title='bbox 2289 1116 2391 1141; x_wconf 77' lang='lat' dir='ltr'>exer-</span> 
     </span>
     <span class='ocr_line' id='line_1_25' title="bbox 169 1146 2392 1197; baseline 0.002 -15"><span class='ocrx_word' id='word_1_171' title='bbox 169 1146 444 1195; x_wconf 71' lang='grc' dir='ltr'><em>ἀγωνισάμενον</em></span> <span class='ocrx_word' id='word_1_172' title='bbox 472 1153 541 1195; x_wconf 81' lang='grc' dir='ltr'>μὲν</span> <span class='ocrx_word' id='word_1_173' title='bbox 577 1149 641 1185; x_wconf 83' lang='grc' dir='ltr'><em>οὐκ</em></span> <span class='ocrx_word' id='word_1_174' title='bbox 674 1151 921 1193; x_wconf 71' lang='grc' dir='ltr'><em>ἐπεξελθόντα</em></span> <span class='ocrx_word' id='word_1_175' title='bbox 954 1151 993 1186; x_wconf 82' lang='grc' dir='ltr'>δὲ</span> <span class='ocrx_word' id='word_1_176' title='bbox 1022 1153 1099 1186; x_wconf 80' lang='grc' dir='ltr'>τῶν</span> <span class='ocrx_word' id='word_1_177' title='bbox 1131 1153 1246 1197; x_wconf 82' lang='grc' dir='ltr'><em>ἐφετι-</em></span> <span class='ocrx_word' id='word_1_178' title='bbox 1316 1154 1454 1186; x_wconf 81' lang='lat' dir='ltr'>centem</span> <span class='ocrx_word' id='word_1_179' title='bbox 1486 1150 1626 1195; x_wconf 89' lang='lat' dir='ltr'>quidem</span> <span class='ocrx_word' id='word_1_180' title='bbox 1657 1161 1729 1186; x_wconf 92' lang='lat' dir='ltr'>non</span> <span class='ocrx_word' id='word_1_181' title='bbox 1760 1155 1879 1186; x_wconf 83' lang='lat' dir='ltr'>tamen</span> <span class='ocrx_word' id='word_1_182' title='bbox 1906 1153 2203 1196; x_wconf 87' lang='lat' dir='ltr'>perexequentem</span> <span class='ocrx_word' id='word_1_183' title='bbox 2234 1152 2392 1196; x_wconf 80' lang='lat' dir='ltr'>appella-</span> 
     </span>
     <span class='ocr_line' id='line_1_26' title="bbox 169 1194 2394 1243; baseline 0.002 -16"><span class='ocrx_word' id='word_1_184' title='bbox 169 1196 243 1228; x_wconf 83' lang='grc' dir='ltr'>κῶν</span> <span class='ocrx_word' id='word_1_185' title='bbox 267 1197 455 1230; x_wconf 80' lang='grc' dir='ltr'><em>ἐκπίπτειν</em></span> <span class='ocrx_word' id='word_1_186' title='bbox 483 1194 637 1242; x_wconf 79' lang='grc' dir='ltr'><em>ἀγώνων</em></span> <span class='ocrx_word' id='word_1_187' title='bbox 666 1201 725 1231; x_wconf 85' lang='grc' dir='ltr'>καὶ</span> <span class='ocrx_word' id='word_1_188' title='bbox 748 1198 1017 1242; x_wconf 80' lang='grc' dir='ltr'><em>βεβαιωθείσης</em></span> <span class='ocrx_word' id='word_1_189' title='bbox 1038 1199 1100 1239; x_wconf 82' lang='grc' dir='ltr'><em>τῆς</em></span> <span class='ocrx_word' id='word_1_190' title='bbox 1122 1197 1246 1243; x_wconf 77' lang='grc' dir='ltr'><em>ψήφου</em></span> <span class='ocrx_word' id='word_1_191' title='bbox 1313 1197 1451 1231; x_wconf 84' lang='lat' dir='ltr'>tionum</span> <span class='ocrx_word' id='word_1_192' title='bbox 1483 1196 1611 1231; x_wconf 86' lang='lat' dir='ltr'>cadere</span> <span class='ocrx_word' id='word_1_193' title='bbox 1636 1196 1888 1232; x_wconf 80' lang='lat' dir='ltr'>certaminibus</span> <span class='ocrx_word' id='word_1_194' title='bbox 1915 1199 1953 1232; x_wconf 89' lang='lat' dir='ltr'>et</span> <span class='ocrx_word' id='word_1_195' title='bbox 1985 1196 2193 1232; x_wconf 80' lang='lat' dir='ltr'>confirmata</span> <span class='ocrx_word' id='word_1_196' title='bbox 2216 1197 2394 1232; x_wconf 79' lang='lat' dir='ltr'>sententia</span> 
     </span>
     <span class='ocr_line' id='line_1_27' title="bbox 166 1239 2392 1289; baseline 0.002 -16"><span class='ocrx_word' id='word_1_197' title='bbox 166 1243 292 1283; x_wconf 78' lang='grc' dir='ltr'><strong><em>μηκέτι</em></strong></span> <span class='ocrx_word' id='word_1_198' title='bbox 327 1239 511 1275; x_wconf 84' lang='grc' dir='ltr'><em>δύνασθαι</em></span> <span class='ocrx_word' id='word_1_199' title='bbox 546 1245 747 1288; x_wconf 79' lang='grc' dir='ltr'><em>περαιτέρω</em></span> <span class='ocrx_word' id='word_1_200' title='bbox 779 1246 960 1289; x_wconf 77' lang='grc' dir='ltr'><em>προϊέναι,</em></span> <span class='ocrx_word' id='word_1_201' title='bbox 997 1239 1085 1276; x_wconf 81' lang='grc' dir='ltr'><em>ἀλλὰ</em></span> <span class='ocrx_word' id='word_1_202' title='bbox 1119 1246 1246 1288; x_wconf 80' lang='grc' dir='ltr'><em>κυρίαν</em></span> <span class='ocrx_word' id='word_1_203' title='bbox 1259 1246 1301 1279; x_wconf 84' lang='grc'><strong>20</strong></span> <span class='ocrx_word' id='word_1_204' title='bbox 1313 1252 1387 1277; x_wconf 89' lang='lat' dir='ltr'>non</span> <span class='ocrx_word' id='word_1_205' title='bbox 1405 1251 1511 1285; x_wconf 90' lang='lat' dir='ltr'>posse</span> <span class='ocrx_word' id='word_1_206' title='bbox 1535 1241 1683 1276; x_wconf 87' lang='lat' dir='ltr'>ulterius</span> <span class='ocrx_word' id='word_1_207' title='bbox 1707 1242 1911 1286; x_wconf 84' lang='lat' dir='ltr'>procedere,</span> <span class='ocrx_word' id='word_1_208' title='bbox 1936 1241 1999 1277; x_wconf 84' lang='lat' dir='ltr'>sed</span> <span class='ocrx_word' id='word_1_209' title='bbox 2017 1246 2134 1277; x_wconf 83' lang='lat' dir='ltr'>ratam</span> <span class='ocrx_word' id='word_1_210' title='bbox 2154 1241 2231 1278; x_wconf 92' lang='lat' dir='ltr'>fieri</span> <span class='ocrx_word' id='word_1_211' title='bbox 2251 1243 2392 1287; x_wconf 82' lang='lat' dir='ltr'>utrique</span> 
     </span>
     <span class='ocr_line' id='line_1_28' title="bbox 166 1284 2391 1333; baseline 0.002 -15"><span class='ocrx_word' id='word_1_212' title='bbox 166 1285 338 1330; x_wconf 83' lang='grc' dir='ltr'><em>γίνεσθαι</em></span> <span class='ocrx_word' id='word_1_213' title='bbox 362 1286 509 1331; x_wconf 82' lang='grc' dir='ltr'><em>θατέρῳ</em></span> <span class='ocrx_word' id='word_1_214' title='bbox 541 1287 609 1330; x_wconf 83' lang='grc' dir='ltr'>τὴν</span> <span class='ocrx_word' id='word_1_215' title='bbox 635 1292 764 1333; x_wconf 79' lang='grc' dir='ltr'><em>κρίσιν,</em></span> <span class='ocrx_word' id='word_1_216' title='bbox 797 1285 922 1330; x_wconf 80' lang='grc' dir='ltr'><em>[αὐτὸν</em></span> <span class='ocrx_word' id='word_1_217' title='bbox 947 1286 985 1322; x_wconf 84' lang='grc' dir='ltr'>δὲ</span> <span class='ocrx_word' id='word_1_218' title='bbox 1008 1291 1067 1321; x_wconf 83' lang='grc' dir='ltr'>καὶ</span> <span class='ocrx_word' id='word_1_219' title='bbox 1091 1288 1158 1322; x_wconf 87' lang='grc' dir='ltr'>τὸν</span> <span class='ocrx_word' id='word_1_220' title='bbox 1182 1284 1244 1321; x_wconf 80' lang='grc' dir='ltr'>ἄν·</span> <span class='ocrx_word' id='word_1_221' title='bbox 1314 1287 1541 1327; x_wconf 77' lang='lat' dir='ltr'>sententIam‚</span> <span class='ocrx_word' id='word_1_222' title='bbox 1584 1286 1793 1332; x_wconf 81' lang='lat' dir='ltr'>Hisychium</span> <span class='ocrx_word' id='word_1_223' title='bbox 1829 1291 1947 1322; x_wconf 83' lang='lat' dir='ltr'>autem</span> <span class='ocrx_word' id='word_1_224' title='bbox 1986 1290 2021 1322; x_wconf 86' lang='lat' dir='ltr'>et</span> <span class='ocrx_word' id='word_1_225' title='bbox 2056 1287 2277 1323; x_wconf 84' lang='lat' dir='ltr'>adversarios</span> <span class='ocrx_word' id='word_1_226' title='bbox 2314 1290 2391 1323; x_wconf 74' lang='lat' dir='ltr'>eIus</span> 
     </span>
     <span class='ocr_line' id='line_1_29' title="bbox 167 1329 2390 1377; baseline 0.002 -14"><span class='ocrx_word' id='word_1_227' title='bbox 167 1329 306 1365; x_wconf 80' lang='grc' dir='ltr'><em>τίδικον</em></span> <span class='ocrx_word' id='word_1_228' title='bbox 329 1331 396 1366; x_wconf 85' lang='grc' dir='ltr'>τὸν</span> <span class='ocrx_word' id='word_1_229' title='bbox 420 1329 540 1374; x_wconf 75' lang='grc' dir='ltr'><em>αὐτοῦ]</em></span> <span class='ocrx_word' id='word_1_230' title='bbox 567 1347 696 1364; x_wconf 56' lang='lat' dir='ltr'>*um*</span> <span class='ocrx_word' id='word_1_231' title='bbox 729 1335 792 1377; x_wconf 83' lang='grc' dir='ltr'>τῆς</span> <span class='ocrx_word' id='word_1_232' title='bbox 815 1331 911 1377; x_wconf 81' lang='grc' dir='ltr'><em>δίκης</em></span> <span class='ocrx_word' id='word_1_233' title='bbox 938 1336 977 1367; x_wconf 81' lang='grc' dir='ltr'>ἐν</span> <span class='ocrx_word' id='word_1_234' title='bbox 1000 1335 1052 1376; x_wconf 75' lang='grc' dir='ltr'><em>τῷ</em></span> <span class='ocrx_word' id='word_1_235' title='bbox 1079 1331 1244 1376; x_wconf 86' lang='grc' dir='ltr'><em>δικαστη-</em></span> <span class='ocrx_word' id='word_1_236' title='bbox 1314 1332 1516 1368; x_wconf 85' lang='lat' dir='ltr'>exercuisse</span> <span class='ocrx_word' id='word_1_237' title='bbox 1550 1332 1691 1376; x_wconf 90' lang='lat' dir='ltr'>quidem</span> <span class='ocrx_word' id='word_1_238' title='bbox 1725 1332 1822 1367; x_wconf 82' lang='lat' dir='ltr'>litem</span> <span class='ocrx_word' id='word_1_239' title='bbox 1862 1332 1959 1376; x_wconf 85' lang='lat' dir='ltr'>apud</span> <span class='ocrx_word' id='word_1_240' title='bbox 1993 1332 2193 1377; x_wconf 78' lang='lat' dir='ltr'>pedaneum</span> <span class='ocrx_word' id='word_1_241' title='bbox 2226 1333 2390 1377; x_wconf 85' lang='lat' dir='ltr'>iudicem,</span> 
     </span>
     <span class='ocr_line' id='line_1_30' title="bbox 167 1375 2392 1425; baseline 0.002 -15"><span class='ocrx_word' id='word_1_242' title='bbox 167 1380 233 1419; x_wconf 83' lang='grc' dir='ltr'>ρίῳ</span> <span class='ocrx_word' id='word_1_243' title='bbox 266 1378 328 1420; x_wconf 88' lang='grc' dir='ltr'><em>τῆς</em></span> <span class='ocrx_word' id='word_1_244' title='bbox 359 1378 420 1420; x_wconf 89' lang='grc' dir='ltr'>σῆς</span> <span class='ocrx_word' id='word_1_245' title='bbox 448 1375 618 1423; x_wconf 79' lang='grc' dir='ltr'><em>ὑπεροχῆς</em></span> <span class='ocrx_word' id='word_1_246' title='bbox 648 1375 913 1425; x_wconf 80' lang='grc' dir='ltr'><em>ἀγωνιζομένης</em></span> <span class='ocrx_word' id='word_1_247' title='bbox 943 1376 1146 1421; x_wconf 85' lang='grc' dir='ltr'><em>ἀποστῆναι</em></span> <span class='ocrx_word' id='word_1_248' title='bbox 1177 1380 1244 1421; x_wconf 82' lang='grc' dir='ltr'>μὲν</span> <span class='ocrx_word' id='word_1_249' title='bbox 1313 1378 1494 1412; x_wconf 84' lang='lat' dir='ltr'>addictum</span> <span class='ocrx_word' id='word_1_250' title='bbox 1527 1379 1646 1412; x_wconf 84' lang='lat' dir='ltr'>autem</span> <span class='ocrx_word' id='word_1_251' title='bbox 1677 1377 1826 1412; x_wconf 83' lang='lat' dir='ltr'>eundem</span> <span class='ocrx_word' id='word_1_252' title='bbox 1857 1377 2067 1423; x_wconf 88' lang='lat' dir='ltr'>Hisychium</span> <span class='ocrx_word' id='word_1_253' title='bbox 2100 1379 2318 1423; x_wconf 75' lang='lat' dir='ltr'>appellasse3</span> <span class='ocrx_word' id='word_1_254' title='bbox 2355 1383 2392 1414; x_wconf 85' lang='lat' dir='ltr'>et</span> 
     </span>
     <span class='ocr_line' id='line_1_31' title="bbox 166 1419 2392 1470; baseline 0.002 -16"><span class='ocrx_word' id='word_1_255' title='bbox 166 1423 244 1455; x_wconf 83' lang='grc' dir='ltr'>τῶν</span> <span class='ocrx_word' id='word_1_256' title='bbox 269 1419 426 1468; x_wconf 74' lang='grc' dir='ltr'><em>ἀγώνων</em></span> <span class='ocrx_word' id='word_1_257' title='bbox 449 1424 527 1456; x_wconf 79' lang='grc' dir='ltr'>τῶν</span> <span class='ocrx_word' id='word_1_258' title='bbox 543 1424 641 1468; x_wconf 87' lang='grc' dir='ltr'><em>παρὰ</em></span> <span class='ocrx_word' id='word_1_259' title='bbox 665 1428 732 1468; x_wconf 84' lang='grc' dir='ltr'><em>σοι’,</em></span> <span class='ocrx_word' id='word_1_260' title='bbox 758 1423 1009 1470; x_wconf 76' lang='grc' dir='ltr'><em>διαγνώμονας</em></span> <span class='ocrx_word' id='word_1_261' title='bbox 1032 1422 1072 1458; x_wconf 78' lang='grc' dir='ltr'>δὲ</span> <span class='ocrx_word' id='word_1_262' title='bbox 1095 1423 1244 1458; x_wconf 82' lang='grc' dir='ltr'><em>ἑλέσθαι</em></span> <span class='ocrx_word' id='word_1_263' title='bbox 1313 1433 1459 1459; x_wconf 79' lang='lat' dir='ltr'>causam</span> <span class='ocrx_word' id='word_1_264' title='bbox 1484 1423 1630 1467; x_wconf 84' lang='lat' dir='ltr'>contigit</span> <span class='ocrx_word' id='word_1_265' title='bbox 1655 1433 1838 1458; x_wconf 85' lang='lat' dir='ltr'>recurrere</span> <span class='ocrx_word' id='word_1_266' title='bbox 1872 1423 1918 1458; x_wconf 76' lang='lat' dir='ltr'>ad</span> <span class='ocrx_word' id='word_1_267' title='bbox 1949 1427 2046 1458; x_wconf 85' lang='lat' dir='ltr'>tuam</span> <span class='ocrx_word' id='word_1_268' title='bbox 2072 1424 2323 1468; x_wconf 86' lang='lat' dir='ltr'>cognitionem,</span> <span class='ocrx_word' id='word_1_269' title='bbox 2355 1426 2392 1460; x_wconf 83' lang='lat' dir='ltr'>et</span> 
     </span>
     <span class='ocr_line' id='line_1_32' title="bbox 166 1465 2390 1514; baseline 0.002 -14"><span class='ocrx_word' id='word_1_270' title='bbox 166 1467 305 1501; x_wconf 75' lang='grc' dir='ltr'><em>κοινοὺς</em></span> <span class='ocrx_word' id='word_1_271' title='bbox 336 1465 538 1513; x_wconf 77' lang='grc' dir='ltr'><em>ἐγγράφως,</em></span> <span class='ocrx_word' id='word_1_272' title='bbox 571 1471 630 1502; x_wconf 82' lang='grc' dir='ltr'>καὶ</span> <span class='ocrx_word' id='word_1_273' title='bbox 662 1466 753 1514; x_wconf 71' lang='grc' dir='ltr'><em>παρ’</em></span> <span class='ocrx_word' id='word_1_274' title='bbox 781 1471 933 1504; x_wconf 81' lang='grc' dir='ltr'><em>ἐκείνους</em></span> <span class='ocrx_word' id='word_1_275' title='bbox 962 1468 1154 1503; x_wconf 83' lang='grc' dir='ltr'><em>συνελθεῖν</em></span> <span class='ocrx_word' id='word_1_276' title='bbox 1184 1472 1246 1503; x_wconf 84' lang='grc' dir='ltr'>καί</span> <span class='ocrx_word' id='word_1_277' title='bbox 1258 1473 1299 1505; x_wconf 89' lang='grc'><strong>25</strong></span> <span class='ocrx_word' id='word_1_278' title='bbox 1314 1469 1397 1504; x_wconf 88' lang='lat' dir='ltr'>dum</span> <span class='ocrx_word' id='word_1_279' title='bbox 1421 1469 1465 1504; x_wconf 87' lang='lat' dir='ltr'>lis</span> <span class='ocrx_word' id='word_1_280' title='bbox 1488 1468 1526 1503; x_wconf 87' lang='lat' dir='ltr'>in</span> <span class='ocrx_word' id='word_1_281' title='bbox 1548 1468 1677 1503; x_wconf 84' lang='lat' dir='ltr'>iudicio</span> <span class='ocrx_word' id='word_1_282' title='bbox 1703 1472 1785 1503; x_wconf 83' lang='lat' dir='ltr'>tuae</span> <span class='ocrx_word' id='word_1_283' title='bbox 1810 1469 2027 1504; x_wconf 86' lang='lat' dir='ltr'>celsitudinis</span> <span class='ocrx_word' id='word_1_284' title='bbox 2053 1473 2249 1511; x_wconf 85' lang='lat' dir='ltr'>exercetur,</span> <span class='ocrx_word' id='word_1_285' title='bbox 2274 1479 2390 1505; x_wconf 86' lang='lat' dir='ltr'>reces-</span> 
     </span>
     <span class='ocr_line' id='line_1_33' title="bbox 165 1510 2390 1561; baseline 0.002 -17"><span class='ocrx_word' id='word_1_286' title='bbox 165 1524 248 1545; x_wconf 87' lang='grc' dir='ltr'><em>τινα</em></span> <span class='ocrx_word' id='word_1_287' title='bbox 269 1516 328 1546; x_wconf 84' lang='grc' dir='ltr'><em>καὶ</em></span> <span class='ocrx_word' id='word_1_288' title='bbox 347 1510 623 1559; x_wconf 79' lang='grc' dir='ltr'><em>ἀγωνίσασθαι,</em></span> <span class='ocrx_word' id='word_1_289' title='bbox 656 1511 807 1559; x_wconf 75' lang='grc' dir='ltr'><em>ὕστερον</em></span> <span class='ocrx_word' id='word_1_290' title='bbox 832 1513 871 1548; x_wconf 83' lang='grc' dir='ltr'>δὲ</span> <span class='ocrx_word' id='word_1_291' title='bbox 894 1516 1156 1561; x_wconf 78' lang='grc' dir='ltr'><em>περιφρονῆσαι</em></span> <span class='ocrx_word' id='word_1_292' title='bbox 1177 1517 1244 1559; x_wconf 82' lang='grc' dir='ltr'>μὲν</span> <span class='ocrx_word' id='word_1_293' title='bbox 1313 1515 1403 1550; x_wconf 83' lang='lat' dir='ltr'>sisse</span> <span class='ocrx_word' id='word_1_294' title='bbox 1427 1514 1567 1559; x_wconf 88' lang='lat' dir='ltr'>quidem</span> <span class='ocrx_word' id='word_1_295' title='bbox 1591 1524 1613 1549; x_wconf 82' lang='lat' dir='ltr'>a</span> <span class='ocrx_word' id='word_1_296' title='bbox 1637 1514 1888 1549; x_wconf 77' lang='lat' dir='ltr'>certaminibus</span> <span class='ocrx_word' id='word_1_297' title='bbox 1913 1515 2009 1559; x_wconf 82' lang='lat' dir='ltr'>apud</span> <span class='ocrx_word' id='word_1_298' title='bbox 2031 1516 2068 1550; x_wconf 86' lang='lat' dir='ltr'>te</span> <span class='ocrx_word' id='word_1_299' title='bbox 2090 1515 2210 1559; x_wconf 86' lang='lat' dir='ltr'>gestis,</span> <span class='ocrx_word' id='word_1_300' title='bbox 2235 1515 2390 1550; x_wconf 81' lang='lat' dir='ltr'>arbitros</span> 
     </span>
     <span class='ocr_line' id='line_1_34' title="bbox 164 1557 2390 1605; baseline 0.002 -15"><span class='ocrx_word' id='word_1_301' title='bbox 164 1558 242 1590; x_wconf 83' lang='grc' dir='ltr'>τῶν</span> <span class='ocrx_word' id='word_1_302' title='bbox 267 1557 420 1602; x_wconf 79' lang='grc' dir='ltr'><em>αἱρετῶν</em></span> <span class='ocrx_word' id='word_1_303' title='bbox 450 1557 643 1601; x_wconf 80' lang='grc' dir='ltr'><em>δικαστῶν,</em></span> <span class='ocrx_word' id='word_1_304' title='bbox 677 1557 741 1594; x_wconf 77' lang='grc' dir='ltr'><em>οὐκ</em></span> <span class='ocrx_word' id='word_1_305' title='bbox 774 1560 983 1601; x_wconf 73' lang='grc' dir='ltr'><em>ἐπεξελθεῖν</em></span> <span class='ocrx_word' id='word_1_306' title='bbox 1015 1558 1055 1594; x_wconf 84' lang='grc' dir='ltr'>δὲ</span> <span class='ocrx_word' id='word_1_307' title='bbox 1081 1562 1125 1603; x_wconf 81' lang='grc' dir='ltr'><em>τῆ</em></span> <span class='ocrx_word' id='word_1_308' title='bbox 1150 1558 1240 1605; x_wconf 73' lang='grc' dir='ltr'><em>παρ’</em></span> <span class='ocrx_word' id='word_1_309' title='bbox 1314 1564 1432 1595; x_wconf 87' lang='lat' dir='ltr'>autem</span> <span class='ocrx_word' id='word_1_310' title='bbox 1464 1560 1612 1603; x_wconf 85' lang='lat' dir='ltr'>elegisse</span> <span class='ocrx_word' id='word_1_311' title='bbox 1645 1570 1848 1595; x_wconf 90' lang='lat' dir='ltr'>communes</span> <span class='ocrx_word' id='word_1_312' title='bbox 1877 1570 1922 1595; x_wconf 88' lang='lat' dir='ltr'>ex</span> <span class='ocrx_word' id='word_1_313' title='bbox 1952 1559 2088 1604; x_wconf 81' lang='lat' dir='ltr'>scripto</span> <span class='ocrx_word' id='word_1_314' title='bbox 2120 1563 2155 1595; x_wconf 89' lang='lat' dir='ltr'>et</span> <span class='ocrx_word' id='word_1_315' title='bbox 2185 1560 2282 1605; x_wconf 86' lang='lat' dir='ltr'>apud</span> <span class='ocrx_word' id='word_1_316' title='bbox 2311 1560 2390 1596; x_wconf 90' lang='lat' dir='ltr'>illos</span> 
     </span>
     <span class='ocr_line' id='line_1_35' title="bbox 164 1597 2390 1659; baseline 0.002 -24"><span class='ocrx_word' id='word_1_317' title='bbox 164 1599 283 1636; x_wconf 79' lang='grc' dir='ltr'><em>αὐτοῖς</em></span> <span class='ocrx_word' id='word_1_318' title='bbox 307 1607 494 1651; x_wconf 85' lang='grc' dir='ltr'><em>κινουμένῃ</em></span> <span class='ocrx_word' id='word_1_319' title='bbox 520 1603 610 1659; x_wconf 61' lang='grc' dir='ltr'><em>δίκη,</em></span> <span class='ocrx_word' id='word_1_320' title='bbox 636 1604 726 1639; x_wconf 75' lang='grc' dir='ltr'>ἀλλὰ</span> <span class='ocrx_word' id='word_1_321' title='bbox 746 1603 1010 1651; x_wconf 79' lang='grc' dir='ltr'><em>διαδραμούσης</em></span> <span class='ocrx_word' id='word_1_322' title='bbox 1032 1607 1094 1648; x_wconf 80' lang='grc' dir='ltr'><em>τῆς</em></span> <span class='ocrx_word' id='word_1_323' title='bbox 1105 1597 1245 1639; x_wconf 74' lang='grc' dir='ltr'><em>’διετίας</em></span> <span class='ocrx_word' id='word_1_324' title='bbox 1315 1606 1538 1641; x_wconf 87' lang='lat' dir='ltr'>concurrisse</span> <span class='ocrx_word' id='word_1_325' title='bbox 1563 1608 1598 1640; x_wconf 89' lang='lat' dir='ltr'>et</span> <span class='ocrx_word' id='word_1_326' title='bbox 1622 1604 1796 1650; x_wconf 83' lang='lat' dir='ltr'>quaedam</span> <span class='ocrx_word' id='word_1_327' title='bbox 1817 1605 2036 1648; x_wconf 82' lang='lat' dir='ltr'>exercuisse3</span> <span class='ocrx_word' id='word_1_328' title='bbox 2062 1609 2188 1650; x_wconf 88' lang='lat' dir='ltr'>postea</span> <span class='ocrx_word' id='word_1_329' title='bbox 2205 1615 2289 1641; x_wconf 90' lang='lat' dir='ltr'>vero</span> <span class='ocrx_word' id='word_1_330' title='bbox 2306 1616 2390 1650; x_wconf 87' lang='lat' dir='ltr'>neg·</span> 
     </span>
     <span class='ocr_line' id='line_1_36' title="bbox 164 1644 2389 1704; baseline 0.003 -24"><span class='ocrx_word' id='word_1_331' title='bbox 164 1644 448 1693; x_wconf 73' lang='grc' dir='ltr'><em>ἀποχρήσασθαι</em></span> <span class='ocrx_word' id='word_1_332' title='bbox 471 1650 553 1684; x_wconf 78' lang='grc' dir='ltr'><em>τοὺς</em></span> <span class='ocrx_word' id='word_1_333' title='bbox 576 1648 778 1685; x_wconf 81' lang='grc' dir='ltr'><em>αντιδίκους</em></span> <span class='ocrx_word' id='word_1_334' title='bbox 801 1652 881 1685; x_wconf 79' lang='grc' dir='ltr'><em>τοὺς</em></span> <span class='ocrx_word' id='word_1_335' title='bbox 905 1648 1014 1684; x_wconf 76' lang='grc' dir='ltr'><em>αὐτοῦ</em></span> <span class='ocrx_word' id='word_1_336' title='bbox 1042 1653 1094 1693; x_wconf 79' lang='grc' dir='ltr'><em>τῷ</em></span> <span class='ocrx_word' id='word_1_337' title='bbox 1119 1654 1244 1695; x_wconf 83' lang='grc' dir='ltr'><em>μηκέτι</em></span> <span class='ocrx_word' id='word_1_338' title='bbox 1313 1651 1443 1686; x_wconf 85' lang='lat' dir='ltr'>lexisse</span> <span class='ocrx_word' id='word_1_339' title='bbox 1474 1650 1614 1695; x_wconf 89' lang='lat' dir='ltr'>quidem</span> <span class='ocrx_word' id='word_1_340' title='bbox 1649 1651 1780 1686; x_wconf 86' lang='lat' dir='ltr'>electos</span> <span class='ocrx_word' id='word_1_341' title='bbox 1810 1651 1981 1693; x_wconf 81' lang='lat' dir='ltr'>arbitros,</span> <span class='ocrx_word' id='word_1_342' title='bbox 2019 1661 2089 1686; x_wconf 92' lang='lat' dir='ltr'>non</span> <span class='ocrx_word' id='word_1_343' title='bbox 2121 1654 2240 1686; x_wconf 86' lang='lat' dir='ltr'>autem</span> <span class='ocrx_word' id='word_1_344' title='bbox 2269 1661 2389 1704; x_wconf 88' lang='lat' dir='ltr'>perse-</span> 
     </span>
     <span class='ocr_line' id='line_1_37' title="bbox 164 1691 2392 1743; baseline 0.002 -17"><span class='ocrx_word' id='word_1_345' title='bbox 164 1691 351 1727; x_wconf 79' lang='grc' dir='ltr'><em>δύνασθαι</em></span> <span class='ocrx_word' id='word_1_346' title='bbox 374 1695 535 1740; x_wconf 85' lang='grc' dir='ltr'><em>χρῆσθαι</em></span> <span class='ocrx_word' id='word_1_347' title='bbox 566 1696 658 1729; x_wconf 85' lang='grc' dir='ltr'><em>κατὰ</em></span> <span class='ocrx_word' id='word_1_348' title='bbox 681 1697 723 1730; x_wconf 84' lang='grc' dir='ltr'><em>τὸ</em></span> <span class='ocrx_word' id='word_1_349' title='bbox 750 1697 817 1730; x_wconf 87' lang='grc' dir='ltr'>σὸν</span> <span class='ocrx_word' id='word_1_350' title='bbox 842 1695 1074 1741; x_wconf 81' lang='grc' dir='ltr'><em>δικαστήριον</em></span> <span class='ocrx_word' id='word_1_351' title='bbox 1105 1698 1148 1743; x_wconf 83' lang='grc' dir='ltr'><em>τῇ</em></span> <span class='ocrx_word' id='word_1_352' title='bbox 1173 1710 1244 1730; x_wconf 84' lang='grc' dir='ltr'><em>τοι-</em></span> <span class='ocrx_word' id='word_1_353' title='bbox 1258 1700 1301 1732; x_wconf 84' lang='grc'>30</span> <span class='ocrx_word' id='word_1_354' title='bbox 1315 1701 1417 1731; x_wconf 81' lang='lat' dir='ltr'>cutos</span> <span class='ocrx_word' id='word_1_355' title='bbox 1447 1696 1544 1741; x_wconf 83' lang='lat' dir='ltr'>apud</span> <span class='ocrx_word' id='word_1_356' title='bbox 1569 1707 1629 1732; x_wconf 90' lang='lat' dir='ltr'>eos</span> <span class='ocrx_word' id='word_1_357' title='bbox 1653 1699 1785 1731; x_wconf 84' lang='lat' dir='ltr'>motam</span> <span class='ocrx_word' id='word_1_358' title='bbox 1809 1696 1921 1736; x_wconf 86' lang='lat' dir='ltr'>litem,</span> <span class='ocrx_word' id='word_1_359' title='bbox 1953 1696 2016 1731; x_wconf 88' lang='lat' dir='ltr'>sed</span> <span class='ocrx_word' id='word_1_360' title='bbox 2039 1698 2221 1731; x_wconf 81' lang='lat' dir='ltr'>transacto</span> <span class='ocrx_word' id='word_1_361' title='bbox 2246 1697 2392 1733; x_wconf 82' lang='lat' dir='ltr'>biennio</span> 
     </span>
     <span class='ocr_line' id='line_1_38' title="bbox 164 1735 2390 1787; baseline 0.003 -16"><span class='ocrx_word' id='word_1_362' title='bbox 164 1735 254 1786; x_wconf 83' lang='grc' dir='ltr'><em>αύτῃ</em></span> <span class='ocrx_word' id='word_1_363' title='bbox 280 1737 377 1786; x_wconf 83' lang='grc' dir='ltr'><em>δίκῃ,</em></span> <span class='ocrx_word' id='word_1_364' title='bbox 410 1737 501 1773; x_wconf 80' lang='grc' dir='ltr'>ἀλλὰ</span> <span class='ocrx_word' id='word_1_365' title='bbox 535 1739 610 1775; x_wconf 83' lang='grc' dir='ltr'><em>δεῖν</em></span> <span class='ocrx_word' id='word_1_366' title='bbox 636 1738 750 1785; x_wconf 80' lang='grc' dir='ltr'><em>αὐτὴν</em></span> <span class='ocrx_word' id='word_1_367' title='bbox 773 1742 1032 1786; x_wconf 82' lang='grc' dir='ltr'><em>βεβαιωθῆναι</em></span> <span class='ocrx_word' id='word_1_368' title='bbox 1064 1738 1164 1782; x_wconf 78' lang='grc' dir='ltr'><em>ἅπαξ</em></span> <span class='ocrx_word' id='word_1_369' title='bbox 1187 1743 1247 1785; x_wconf 77' lang='grc' dir='ltr'>τῆς</span> <span class='ocrx_word' id='word_1_370' title='bbox 1316 1741 1369 1776; x_wconf 91' lang='lat' dir='ltr'>uti</span> <span class='ocrx_word' id='word_1_371' title='bbox 1394 1741 1614 1777; x_wconf 83' lang='lat' dir='ltr'>adversarios</span> <span class='ocrx_word' id='word_1_372' title='bbox 1639 1742 1730 1783; x_wconf 84' lang='lat' dir='ltr'>eius,</span> <span class='ocrx_word' id='word_1_373' title='bbox 1762 1742 1847 1786; x_wconf 84' lang='lat' dir='ltr'>quia</span> <span class='ocrx_word' id='word_1_374' title='bbox 1870 1753 1941 1777; x_wconf 92' lang='lat' dir='ltr'>non</span> <span class='ocrx_word' id='word_1_375' title='bbox 1973 1742 2087 1787; x_wconf 85' lang='lat' dir='ltr'>possit</span> <span class='ocrx_word' id='word_1_376' title='bbox 2110 1752 2132 1776; x_wconf 89' lang='lat' dir='ltr'>a</span> <span class='ocrx_word' id='word_1_377' title='bbox 2157 1741 2390 1778; x_wconf 84' lang='lat' dir='ltr'>condemnato</span> 
     </span>
    </p>

    <p class='ocr_par' dir='ltr' id='par_1_17' title="bbox 1315 1787 2391 1832">
     <span class='ocr_line' id='line_1_39' title="bbox 1315 1787 2391 1832; baseline 0 -10"><span class='ocrx_word' id='word_1_378' title='bbox 1315 1787 1475 1823; x_wconf 84' lang='lat' dir='ltr'>exerceri</span> <span class='ocrx_word' id='word_1_379' title='bbox 1505 1788 1542 1823; x_wconf 91' lang='lat' dir='ltr'>in</span> <span class='ocrx_word' id='word_1_380' title='bbox 1574 1791 1635 1823; x_wconf 87' lang='lat' dir='ltr'>tuo</span> <span class='ocrx_word' id='word_1_381' title='bbox 1659 1787 1790 1823; x_wconf 90' lang='lat' dir='ltr'>iudicio</span> <span class='ocrx_word' id='word_1_382' title='bbox 1821 1787 1903 1822; x_wconf 86' lang='lat' dir='ltr'>talis</span> <span class='ocrx_word' id='word_1_383' title='bbox 1928 1787 1988 1830; x_wconf 62' lang='lat' dir='ltr'>lizi,</span> <span class='ocrx_word' id='word_1_384' title='bbox 2020 1787 2083 1822; x_wconf 88' lang='lat' dir='ltr'>sed</span> <span class='ocrx_word' id='word_1_385' title='bbox 2107 1790 2288 1832; x_wconf 76' lang='lat' dir='ltr'>oporteret</span> <span class='ocrx_word' id='word_1_386' title='bbox 2312 1797 2391 1823; x_wconf 87' lang='lat' dir='ltr'>eam</span> 
     </span>
    </p>
   </div>
   <div class='ocr_carea' id='block_1_15' title="bbox 163 1877 2391 1968">
    <p class='ocr_par' dir='ltr' id='par_1_18' title="bbox 163 1877 2391 1968">
     <span class='ocr_line' id='line_1_40' title="bbox 230 1877 2391 1923; baseline 0.003 -15"><span class='ocrx_word' id='word_1_387' title='bbox 230 1877 314 1909; x_wconf 90' lang='grc' dir='ltr'><em>Νου.</em></span> <span class='ocrx_word' id='word_1_388' title='bbox 342 1877 471 1910; x_wconf 83' lang='lat' dir='ltr'>XCIII</span> <span class='ocrx_word' id='word_1_389' title='bbox 491 1878 653 1917; x_wconf 76' lang='lat' dir='ltr'>(Anthent.</span> <span class='ocrx_word' id='word_1_390' title='bbox 680 1878 710 1912; x_wconf 84' lang='lat' dir='ltr'><em>C</em></span> <span class='ocrx_word' id='word_1_391' title='bbox 727 1895 771 1907; x_wconf 95' lang='lat'>=</span> <span class='ocrx_word' id='word_1_392' title='bbox 799 1879 880 1912; x_wconf 86' lang='lat' dir='ltr'>Coll.</span> <span class='ocrx_word' id='word_1_393' title='bbox 904 1880 995 1913; x_wconf 92' lang='lat' dir='ltr'>VIII</span> <span class='ocrx_word' id='word_1_394' title='bbox 1017 1881 1063 1913; x_wconf 83' lang='lat' dir='ltr'>tit.</span> <span class='ocrx_word' id='word_1_395' title='bbox 1087 1881 1122 1913; x_wconf 87' lang='lat'>2:</span> <span class='ocrx_word' id='word_1_396' title='bbox 1147 1880 1260 1923; x_wconf 74' lang='lat' dir='ltr'>yloss.)</span> <span class='ocrx_word' id='word_1_397' title='bbox 1288 1879 1414 1913; x_wconf 82' lang='lat' dir='ltr'>Graece</span> <span class='ocrx_word' id='word_1_398' title='bbox 1439 1886 1525 1912; x_wconf 80' lang='lat' dir='ltr'>extat</span> <span class='ocrx_word' id='word_1_399' title='bbox 1549 1881 1582 1912; x_wconf 86' lang='lat' dir='ltr'>in</span> <span class='ocrx_word' id='word_1_400' title='bbox 1607 1880 1690 1916; x_wconf 80' lang='lat' dir='ltr'>ML,</span> <span class='ocrx_word' id='word_1_401' title='bbox 1717 1886 1846 1922; x_wconf 70' lang='lat' dir='ltr'>excepto</span> <span class='ocrx_word' id='word_1_402' title='bbox 1866 1879 2031 1922; x_wconf 80' lang='lat' dir='ltr'>prooemio</span> <span class='ocrx_word' id='word_1_403' title='bbox 2055 1879 2088 1912; x_wconf 85' lang='lat' dir='ltr'>in</span> <span class='ocrx_word' id='word_1_404' title='bbox 2114 1879 2148 1912; x_wconf 89' lang='lat' dir='ltr'><em>B</em></span> <span class='ocrx_word' id='word_1_405' title='bbox 2171 1881 2202 1922; x_wconf 87' lang='lat'>9,</span> <span class='ocrx_word' id='word_1_406' title='bbox 2220 1888 2278 1922; x_wconf 80' lang='lat'>2,6</span> <span class='ocrx_word' id='word_1_407' title='bbox 2303 1881 2391 1923; x_wconf 85' lang='lat' dir='ltr'>(inde</span> 
     </span>
     <span class='ocr_line' id='line_1_41' title="bbox 163 1921 1854 1968; baseline 0.002 -14"><span class='ocrx_word' id='word_1_408' title='bbox 163 1921 212 1954; x_wconf 82' lang='lat' dir='ltr'>B⁸</span> <span class='ocrx_word' id='word_1_409' title='bbox 233 1924 267 1953; x_wconf 91' lang='grc' dir='ltr'><em>Ε</em></span> <span class='ocrx_word' id='word_1_410' title='bbox 283 1923 314 1963; x_wconf 83' lang='grc'><em>9,</em></span> <span class='ocrx_word' id='word_1_411' title='bbox 329 1929 363 1955; x_wconf 82' lang='lat'>25</span> <span class='ocrx_word' id='word_1_412' title='bbox 384 1935 420 1965; x_wconf 84' lang='lat' dir='ltr'>p.</span> <span class='ocrx_word' id='word_1_413' title='bbox 436 1924 499 1956; x_wconf 87' lang='grc'>295</span> <span class='ocrx_word' id='word_1_414' title='bbox 525 1924 653 1965; x_wconf 79' lang='grc' dir='ltr'><em>ΖαοΙι.).</em></span> <span class='ocrx_word' id='word_1_415' title='bbox 676 1943 719 1948; x_wconf 84' lang='lat'><em>-</em></span> <span class='ocrx_word' id='word_1_416' title='bbox 748 1925 837 1968; x_wconf 76' lang='lat' dir='ltr'>Epic.</span> <span class='ocrx_word' id='word_1_417' title='bbox 866 1925 987 1958; x_wconf 76' lang='lat' dir='ltr'>Theod.</span> <span class='ocrx_word' id='word_1_418' title='bbox 1014 1926 1070 1966; x_wconf 86' lang='lat'>93,</span> <span class='ocrx_word' id='word_1_419' title='bbox 1093 1926 1214 1958; x_wconf 76' lang='lat' dir='ltr'>Alban.</span> <span class='ocrx_word' id='word_1_420' title='bbox 1237 1927 1267 1966; x_wconf 87' lang='lat'>7,</span> <span class='ocrx_word' id='word_1_421' title='bbox 1290 1933 1317 1958; x_wconf 84' lang='lat'>5.</span> <span class='ocrx_word' id='word_1_422' title='bbox 1364 1925 1486 1958; x_wconf 80' lang='lat' dir='ltr'>Iulian.</span> <span class='ocrx_word' id='word_1_423' title='bbox 1514 1932 1609 1958; x_wconf 85' lang='lat' dir='ltr'>const.</span> <span class='ocrx_word' id='word_1_424' title='bbox 1635 1925 1854 1958; x_wconf 89' lang='lat' dir='ltr'>LXXXVI.</span> 
     </span>
    </p>
   </div>
   <div class='ocr_carea' id='block_1_16' title="bbox 611 1986 1632 1993">
    <p class='ocr_par' dir='ltr' id='par_1_19' title="bbox 611 1986 1632 1993">
     <span class='ocr_line' id='line_1_42' title="bbox 611 1986 1632 1993; baseline 0 0"><span class='ocrx_word' id='word_1_425' title='bbox 611 1986 1632 1993; x_wconf 95' lang='lat' dir='ltr'> </span> 
     </span>
    </p>
   </div>
   <div class='ocr_carea' id='block_1_17' title="bbox 1206 2044 1350 2083">
    <p class='ocr_par' dir='ltr' id='par_1_20' title="bbox 1206 2044 1350 2083">
     <span class='ocr_line' id='line_1_43' title="bbox 1206 2044 1350 2083; baseline 0.007 -2"><span class='ocrx_word' id='word_1_426' title='bbox 1206 2044 1350 2083; x_wconf 88' lang='lat' dir='ltr'>XCIII.</span> 
     </span>
    </p>
   </div>
   <div class='ocr_carea' id='block_1_18' title="bbox 164 2112 2392 2296">
    <p class='ocr_par' dir='ltr' id='par_1_21' title="bbox 164 2112 2392 2296">
     <span class='ocr_line' id='line_1_44' title="bbox 164 2112 2390 2196; baseline 0.003 -6"><span class='ocrx_word' id='word_1_427' title='bbox 164 2156 236 2190; x_wconf 85' lang='lat' dir='ltr'>NE</span> <span class='ocrx_word' id='word_1_428' title='bbox 266 2154 321 2191; x_wconf 89' lang='lat' dir='ltr'>SI</span> <span class='ocrx_word' id='word_1_429' title='bbox 347 2154 470 2190; x_wconf 89' lang='lat' dir='ltr'>LITE</span> <span class='ocrx_word' id='word_1_430' title='bbox 497 2154 632 2190; x_wconf 84' lang='lat' dir='ltr'><em>APUD</em></span> <span class='ocrx_word' id='word_1_431' title='bbox 663 2112 1822 2195; x_wconf 37' lang='lat' dir='ltr'>APPELlATIOJeJ‘}ffssssigssl‘iffTibjvalffcffiTchNTES</span> <span class='ocrx_word' id='word_1_432' title='bbox 1850 2159 1919 2195; x_wconf 90' lang='lat' dir='ltr'>AD</span> <span class='ocrx_word' id='word_1_433' title='bbox 1950 2158 2205 2196; x_wconf 83' lang='lat' dir='ltr'>ARBITROS</span> <span class='ocrx_word' id='word_1_434' title='bbox 2236 2160 2390 2196; x_wconf 87' lang='lat' dir='ltr'><strong><em>VENE-</em></strong></span> 
     </span>
     <span class='ocr_line' id='line_1_45' title="bbox 165 2199 2392 2246; baseline 0.003 -10"><span class='ocrx_word' id='word_1_435' title='bbox 165 2200 292 2236; x_wconf 84' lang='lat' dir='ltr'>RINT</span> <span class='ocrx_word' id='word_1_436' title='bbox 319 2200 389 2235; x_wconf 87' lang='lat' dir='ltr'>ET</span> <span class='ocrx_word' id='word_1_437' title='bbox 417 2199 641 2235; x_wconf 85' lang='lat' dir='ltr'>INTEREA</span> <span class='ocrx_word' id='word_1_438' title='bbox 666 2201 934 2237; x_wconf 83' lang='lat' dir='ltr'>BIENNIIJM</span> <span class='ocrx_word' id='word_1_439' title='bbox 957 2202 1271 2238; x_wconf 82' lang='lat' dir='ltr'>TRANSIERIT</span> <span class='ocrx_word' id='word_1_440' title='bbox 1296 2203 1463 2246; x_wconf 77' lang='lat' dir='ltr'><em>ATQUE</em></span> <span class='ocrx_word' id='word_1_441' title='bbox 1487 2203 1653 2239; x_wconf 82' lang='lat' dir='ltr'>LITEM</span> <span class='ocrx_word' id='word_1_442' title='bbox 1674 2203 1874 2240; x_wconf 85' lang='lat' dir='ltr'>ITERUM</span> <span class='ocrx_word' id='word_1_443' title='bbox 1894 2204 1960 2239; x_wconf 86' lang='lat' dir='ltr'>AD</span> <span class='ocrx_word' id='word_1_444' title='bbox 1984 2204 2392 2243; x_wconf 83' lang='lat' dir='ltr'>APPELLATIONIS</span> 
     </span>
     <span class='ocr_line' id='line_1_46' title="bbox 298 2244 2262 2296; baseline 0.003 -16"><span class='ocrx_word' id='word_1_445' title='bbox 298 2244 519 2281; x_wconf 80' lang='lat' dir='ltr'>IUDICEM</span> <span class='ocrx_word' id='word_1_446' title='bbox 539 2244 742 2281; x_wconf 76' lang='lat' dir='ltr'><em>REDJRE</em></span> <span class='ocrx_word' id='word_1_447' title='bbox 764 2245 1059 2289; x_wconf 86' lang='lat' dir='ltr'><em>CONTINGAT,</em></span> <span class='ocrx_word' id='word_1_448' title='bbox 1087 2247 1346 2284; x_wconf 83' lang='lat' dir='ltr'><strong><em>DECURSUS</em></strong></span> <span class='ocrx_word' id='word_1_449' title='bbox 1369 2248 1589 2284; x_wconf 85' lang='lat' dir='ltr'>BIENNII</span> <span class='ocrx_word' id='word_1_450' title='bbox 1611 2248 1911 2285; x_wconf 83' lang='lat' dir='ltr'><em>OPPONATUR</em></span> <span class='ocrx_word' id='word_1_451' title='bbox 1936 2250 1981 2294; x_wconf 88' lang='grc' dir='ltr'>[Α</span> <span class='ocrx_word' id='word_1_452' title='bbox 2014 2248 2262 2296; x_wconf 78' lang='lat' dir='ltr'>VICTOREJ.</span> 
     </span>
    </p>
   </div>
   <div class='ocr_carea' id='block_1_19' title="bbox 316 2300 2238 2395">
    <p class='ocr_par' dir='ltr' id='par_1_22' title="bbox 316 2300 2238 2395">
     <span class='ocr_line' id='line_1_47' title="bbox 316 2300 2238 2384; baseline 0.003 -48"><span class='ocrx_word' id='word_1_453' title='bbox 316 2301 415 2337; x_wconf 89' lang='lat' dir='ltr'>Idem</span> <span class='ocrx_word' id='word_1_454' title='bbox 439 2303 626 2347; x_wconf 78' lang='lat' dir='ltr'>Auqustus</span> <span class='ocrx_word' id='word_1_455' title='bbox 649 2300 809 2337; x_wconf 74' lang='lat' dir='ltr'>Iohanni</span> <span class='ocrx_word' id='word_1_456' title='bbox 832 2302 1097 2348; x_wconf 76' lang='lat' dir='ltr'>qloriosissimo</span> <span class='ocrx_word' id='word_1_457' title='bbox 1131 2304 1311 2384; x_wconf 35' lang='lat' dir='ltr'>‘rae-fect?</span> <span class='ocrx_word' id='word_1_458' title='bbox 1333 2305 1523 2356; x_wconf 80' lang='lat' dir='ltr'>praetorio</span> <span class='ocrx_word' id='word_1_459' title='bbox 1541 2316 1614 2351; x_wconf 86' lang='lat' dir='ltr'>per</span> <span class='ocrx_word' id='word_1_460' title='bbox 1640 2304 1820 2341; x_wconf 78' lang='lat' dir='ltr'>Orientem</span> <span class='ocrx_word' id='word_1_461' title='bbox 1844 2306 1991 2347; x_wconf 85' lang='lat' dir='ltr'>iterum,</span> <span class='ocrx_word' id='word_1_462' title='bbox 2016 2316 2066 2341; x_wconf 79' lang='lat' dir='ltr'>ex</span> <span class='ocrx_word' id='word_1_463' title='bbox 2090 2306 2238 2342; x_wconf 88' lang='lat' dir='ltr'>consule</span> 
     </span>
     <span class='ocr_line' id='line_1_48' title="bbox 1056 2351 1492 2395; baseline 0 -11"><span class='ocrx_word' id='word_1_464' title='bbox 1056 2360 1098 2384; x_wconf 90' lang='lat' dir='ltr'>or</span> <span class='ocrx_word' id='word_1_465' title='bbox 1125 2359 1244 2384; x_wconf 82' lang='lat' dir='ltr'>mario</span> <span class='ocrx_word' id='word_1_466' title='bbox 1268 2360 1287 2384; x_wconf 87' lang='lat' dir='ltr'>e</span> <span class='ocrx_word' id='word_1_467' title='bbox 1318 2351 1492 2395; x_wconf 81' lang='lat' dir='ltr'>patricio.</span> 
     </span>
    </p>
   </div>
   <div class='ocr_carea' id='block_1_20' title="bbox 155 2412 2390 2779">
    <p class='ocr_par' dir='ltr' id='par_1_23' title="bbox 155 2412 2390 2779">
     <span class='ocr_line' id='line_1_49' title="bbox 297 2412 2389 2463; baseline 0.002 -15"><span class='ocrx_word' id='word_1_468' title='bbox 297 2412 565 2459; x_wconf 83' lang='lat' dir='ltr'>Praefatio.</span> <span class='ocrx_word' id='word_1_469' title='bbox 613 2413 862 2450; x_wconf 78' lang='lat' dir='ltr'>Subiectorum</span> <span class='ocrx_word' id='word_1_470' title='bbox 887 2418 1092 2450; x_wconf 88' lang='lat' dir='ltr'>nostrorum</span> <span class='ocrx_word' id='word_1_471' title='bbox 1118 2416 1428 2462; x_wconf 80' lang='lat' dir='ltr'>interpellationes</span> <span class='ocrx_word' id='word_1_472' title='bbox 1451 2415 1556 2451; x_wconf 88' lang='lat' dir='ltr'>nobis</span> <span class='ocrx_word' id='word_1_473' title='bbox 1579 2416 1696 2462; x_wconf 73' lang='lat' dir='ltr'>lequm</span> <span class='ocrx_word' id='word_1_474' title='bbox 1722 2417 1929 2452; x_wconf 79' lang='lat' dir='ltr'>occasiones</span> <span class='ocrx_word' id='word_1_475' title='bbox 1946 2420 2142 2463; x_wconf 80' lang='lat' dir='ltr'>praestant</span> <span class='ocrx_word' id='word_1_476' title='bbox 2164 2417 2214 2452; x_wconf 83' lang='lat' dir='ltr'>ad</span> <span class='ocrx_word' id='word_1_477' title='bbox 2237 2418 2389 2454; x_wconf 87' lang='lat' dir='ltr'>salutem</span> 
     </span>
     <span class='ocr_line' id='line_1_50' title="bbox 162 2458 2390 2509; baseline 0.002 -14"><span class='ocrx_word' id='word_1_478' title='bbox 162 2459 402 2495; x_wconf 86' lang='lat' dir='ltr'>subiectorum</span> <span class='ocrx_word' id='word_1_479' title='bbox 429 2458 779 2494; x_wconf 83' lang='lat' dir='ltr'>conscribendarum.</span> <span class='ocrx_word' id='word_1_480' title='bbox 825 2459 1003 2495; x_wconf 86' lang='lat' dir='ltr'>Adierunt</span> <span class='ocrx_word' id='word_1_481' title='bbox 1026 2461 1118 2496; x_wconf 84' lang='lat' dir='ltr'>enim</span> <span class='ocrx_word' id='word_1_482' title='bbox 1142 2472 1210 2496; x_wconf 90' lang='lat' dir='ltr'>nos</span> <span class='ocrx_word' id='word_1_483' title='bbox 1233 2461 1379 2507; x_wconf 84' lang='lat' dir='ltr'>quidam</span> <span class='ocrx_word' id='word_1_484' title='bbox 1403 2460 1571 2503; x_wconf 85' lang='lat' dir='ltr'>dicentes,</span> <span class='ocrx_word' id='word_1_485' title='bbox 1604 2472 1682 2496; x_wconf 87' lang='lat' dir='ltr'>cum</span> <span class='ocrx_word' id='word_1_486' title='bbox 1708 2462 1770 2497; x_wconf 80' lang='lat' dir='ltr'>lex</span> <span class='ocrx_word' id='word_1_487' title='bbox 1793 2461 1915 2498; x_wconf 85' lang='lat' dir='ltr'>iubeat</span> <span class='ocrx_word' id='word_1_488' title='bbox 1938 2474 2016 2498; x_wconf 86' lang='lat' dir='ltr'>eum</span> <span class='ocrx_word' id='word_1_489' title='bbox 2047 2462 2112 2508; x_wconf 86' lang='lat' dir='ltr'>qui</span> <span class='ocrx_word' id='word_1_490' title='bbox 2134 2463 2333 2509; x_wconf 86' lang='lat' dir='ltr'>appellarit</span> <span class='ocrx_word' id='word_1_491' title='bbox 2355 2468 2390 2500; x_wconf 89' lang='lat' dir='ltr'>et</span> 
     </span>
     <span class='ocr_line' id='line_1_51' title="bbox 158 2504 2389 2555; baseline 0.001 -14"><span class='ocrx_word' id='word_1_492' title='bbox 158 2516 228 2551; x_wconf 84' lang='lat' dir='ltr'>per</span> <span class='ocrx_word' id='word_1_493' title='bbox 252 2504 428 2540; x_wconf 84' lang='lat' dir='ltr'>biennium</span> <span class='ocrx_word' id='word_1_494' title='bbox 454 2504 616 2546; x_wconf 78' lang='lat' dir='ltr'>tacuerit,</span> <span class='ocrx_word' id='word_1_495' title='bbox 650 2505 705 2540; x_wconf 85' lang='lat' dir='ltr'>vel</span> <span class='ocrx_word' id='word_1_496' title='bbox 728 2505 823 2540; x_wconf 82' lang='lat' dir='ltr'>litem</span> <span class='ocrx_word' id='word_1_497' title='bbox 855 2506 969 2551; x_wconf 72' lang='lat' dir='ltr'>eqerit</span> <span class='ocrx_word' id='word_1_498' title='bbox 999 2505 1143 2552; x_wconf 81' lang='lat' dir='ltr'>quidem</span> <span class='ocrx_word' id='word_1_499' title='bbox 1175 2517 1290 2552; x_wconf 86' lang='lat' dir='ltr'>neque</span> <span class='ocrx_word' id='word_1_500' title='bbox 1313 2517 1397 2542; x_wconf 84' lang='lat' dir='ltr'>vero</span> <span class='ocrx_word' id='word_1_501' title='bbox 1418 2510 1632 2552; x_wconf 87' lang='lat' dir='ltr'>persecutus</span> <span class='ocrx_word' id='word_1_502' title='bbox 1653 2507 1713 2548; x_wconf 87' lang='lat' dir='ltr'>sit,</span> <span class='ocrx_word' id='word_1_503' title='bbox 1746 2507 2006 2553; x_wconf 82' lang='lat' dir='ltr'>appellationis</span> <span class='ocrx_word' id='word_1_504' title='bbox 2037 2508 2290 2544; x_wconf 79' lang='lat' dir='ltr'>certaminibus</span> <span class='ocrx_word' id='word_1_505' title='bbox 2307 2510 2389 2555; x_wconf 88' lang='lat' dir='ltr'>pri-</span> 
     </span>
     <span class='ocr_line' id='line_1_52' title="bbox 163 2549 2389 2600; baseline 0.002 -14"><span class='ocrx_word' id='word_1_506' title='bbox 163 2550 243 2586; x_wconf 86' lang='lat' dir='ltr'>vari</span> <span class='ocrx_word' id='word_1_507' title='bbox 267 2554 375 2595; x_wconf 86' lang='lat' dir='ltr'>atque</span> <span class='ocrx_word' id='word_1_508' title='bbox 396 2549 571 2585; x_wconf 85' lang='lat' dir='ltr'>sententia</span> <span class='ocrx_word' id='word_1_509' title='bbox 595 2550 809 2594; x_wconf 79' lang='lat' dir='ltr'>confirmata</span> <span class='ocrx_word' id='word_1_510' title='bbox 834 2550 905 2584; x_wconf 88' lang='lat' dir='ltr'>iam</span> <span class='ocrx_word' id='word_1_511' title='bbox 930 2550 1082 2586; x_wconf 88' lang='lat' dir='ltr'>ulterius</span> <span class='ocrx_word' id='word_1_512' title='bbox 1103 2553 1300 2597; x_wconf 81' lang='lat' dir='ltr'>procedere</span> <span class='ocrx_word' id='word_1_513' title='bbox 1322 2553 1482 2597; x_wconf 84' lang='lat' dir='ltr'>nequire,</span> <span class='ocrx_word' id='word_1_514' title='bbox 1505 2551 1570 2587; x_wconf 88' lang='lat' dir='ltr'>sed</span> <span class='ocrx_word' id='word_1_515' title='bbox 1592 2554 1710 2586; x_wconf 88' lang='lat' dir='ltr'>ratam</span> <span class='ocrx_word' id='word_1_516' title='bbox 1731 2551 1815 2593; x_wconf 75' lang='lat' dir='ltr'>fieri</span> <span class='ocrx_word' id='word_1_517' title='bbox 1838 2553 1982 2598; x_wconf 86' lang='lat' dir='ltr'>utrique</span> <span class='ocrx_word' id='word_1_518' title='bbox 2004 2553 2229 2595; x_wconf 81' lang='lat' dir='ltr'>sententiam,</span> <span class='ocrx_word' id='word_1_519' title='bbox 2259 2554 2389 2600; x_wconf 90' lang='lat' dir='ltr'>[ipsum</span> 
     </span>
     <span class='ocr_line' id='line_1_53' title="bbox 162 2594 2388 2644; baseline 0.002 -14"><span class='ocrx_word' id='word_1_520' title='bbox 162 2600 197 2631; x_wconf 87' lang='lat' dir='ltr'>et</span> <span class='ocrx_word' id='word_1_521' title='bbox 220 2594 465 2630; x_wconf 84' lang='lat' dir='ltr'>adversarium</span> <span class='ocrx_word' id='word_1_522' title='bbox 489 2594 576 2637; x_wconf 83' lang='lat' dir='ltr'>eius]</span> <span class='ocrx_word' id='word_1_523' title='bbox 611 2609 741 2626; x_wconf 59' lang='lat'>******</span> <span class='ocrx_word' id='word_1_524' title='bbox 776 2594 837 2630; x_wconf 89' lang='lat' dir='ltr'>lite</span> <span class='ocrx_word' id='word_1_525' title='bbox 865 2595 903 2629; x_wconf 91' lang='lat' dir='ltr'>in</span> <span class='ocrx_word' id='word_1_526' title='bbox 931 2595 1066 2631; x_wconf 85' lang='lat' dir='ltr'>iudicio</span> <span class='ocrx_word' id='word_1_527' title='bbox 1099 2602 1181 2631; x_wconf 89' lang='lat' dir='ltr'>tuae</span> <span class='ocrx_word' id='word_1_528' title='bbox 1211 2596 1442 2632; x_wconf 86' lang='lat' dir='ltr'>sublimitatis</span> <span class='ocrx_word' id='word_1_529' title='bbox 1472 2596 1613 2643; x_wconf 76' lang='lat' dir='ltr'>aqitata</span> <span class='ocrx_word' id='word_1_530' title='bbox 1645 2596 1822 2633; x_wconf 82' lang='lat' dir='ltr'>destitisse</span> <span class='ocrx_word' id='word_1_531' title='bbox 1851 2597 1896 2633; x_wconf 89' lang='lat' dir='ltr'>ab</span> <span class='ocrx_word' id='word_1_532' title='bbox 1921 2598 2065 2633; x_wconf 88' lang='lat' dir='ltr'>actione</span> <span class='ocrx_word' id='word_1_533' title='bbox 2094 2598 2196 2644; x_wconf 86' lang='lat' dir='ltr'>apud</span> <span class='ocrx_word' id='word_1_534' title='bbox 2224 2602 2256 2634; x_wconf 92' lang='lat' dir='ltr'>te</span> <span class='ocrx_word' id='word_1_535' title='bbox 2279 2604 2388 2643; x_wconf 89' lang='lat' dir='ltr'>mota,</span> 
     </span>
     <span class='ocr_line' id='line_1_54' title="bbox 162 2639 2388 2690; baseline 0.003 -15"><span class='ocrx_word' id='word_1_536' title='bbox 162 2639 321 2675; x_wconf 81' lang='lat' dir='ltr'>arbitros</span> <span class='ocrx_word' id='word_1_537' title='bbox 344 2644 461 2675; x_wconf 90' lang='lat' dir='ltr'>autem</span> <span class='ocrx_word' id='word_1_538' title='bbox 485 2650 687 2676; x_wconf 85' lang='lat' dir='ltr'>communes</span> <span class='ocrx_word' id='word_1_539' title='bbox 710 2651 760 2676; x_wconf 82' lang='lat' dir='ltr'>ex</span> <span class='ocrx_word' id='word_1_540' title='bbox 782 2640 919 2686; x_wconf 85' lang='lat' dir='ltr'>scripto</span> <span class='ocrx_word' id='word_1_541' title='bbox 943 2640 1103 2686; x_wconf 71' lang='lat' dir='ltr'>eleqisse,</span> <span class='ocrx_word' id='word_1_542' title='bbox 1136 2646 1245 2687; x_wconf 84' lang='lat' dir='ltr'>atque</span> <span class='ocrx_word' id='word_1_543' title='bbox 1276 2641 1377 2688; x_wconf 90' lang='lat' dir='ltr'>apud</span> <span class='ocrx_word' id='word_1_544' title='bbox 1405 2641 1490 2677; x_wconf 90' lang='lat' dir='ltr'>illos</span> <span class='ocrx_word' id='word_1_545' title='bbox 1520 2641 1726 2678; x_wconf 86' lang='lat' dir='ltr'>convenisse</span> <span class='ocrx_word' id='word_1_546' title='bbox 1757 2647 1792 2677; x_wconf 91' lang='lat' dir='ltr'>et</span> <span class='ocrx_word' id='word_1_547' title='bbox 1815 2642 1994 2689; x_wconf 83' lang='lat' dir='ltr'>quaedam</span> <span class='ocrx_word' id='word_1_548' title='bbox 2026 2643 2132 2679; x_wconf 83' lang='lat' dir='ltr'>etiam</span> <span class='ocrx_word' id='word_1_549' title='bbox 2158 2643 2388 2690; x_wconf 83' lang='lat' dir='ltr'>disceptasse,</span> 
     </span>
     <span class='ocr_line' id='line_1_55' title="bbox 155 2685 2387 2734; baseline 0.002 -14"><span class='ocrx_word' id='word_1_550' title='bbox 155 2690 288 2733; x_wconf 87' lang='lat' dir='ltr'>postea</span> <span class='ocrx_word' id='word_1_551' title='bbox 312 2696 396 2721; x_wconf 86' lang='lat' dir='ltr'>vero</span> <span class='ocrx_word' id='word_1_552' title='bbox 420 2685 624 2730; x_wconf 73' lang='lat' dir='ltr'>neqlexisse</span> <span class='ocrx_word' id='word_1_553' title='bbox 654 2685 783 2721; x_wconf 87' lang='lat' dir='ltr'>electos</span> <span class='ocrx_word' id='word_1_554' title='bbox 814 2685 950 2721; x_wconf 85' lang='lat' dir='ltr'>iudices</span> <span class='ocrx_word' id='word_1_555' title='bbox 981 2697 1095 2732; x_wconf 82' lang='lat' dir='ltr'>neque</span> <span class='ocrx_word' id='word_1_556' title='bbox 1126 2686 1221 2722; x_wconf 88' lang='lat' dir='ltr'>litem</span> <span class='ocrx_word' id='word_1_557' title='bbox 1254 2686 1355 2733; x_wconf 88' lang='lat' dir='ltr'>apud</span> <span class='ocrx_word' id='word_1_558' title='bbox 1385 2698 1446 2722; x_wconf 89' lang='lat' dir='ltr'>eos</span> <span class='ocrx_word' id='word_1_559' title='bbox 1475 2691 1608 2722; x_wconf 87' lang='lat' dir='ltr'>motam</span> <span class='ocrx_word' id='word_1_560' title='bbox 1632 2697 1708 2722; x_wconf 88' lang='lat' dir='ltr'>esse</span> <span class='ocrx_word' id='word_1_561' title='bbox 1727 2692 1961 2734; x_wconf 88' lang='lat' dir='ltr'>persecutos,</span> <span class='ocrx_word' id='word_1_562' title='bbox 1993 2688 2058 2724; x_wconf 88' lang='lat' dir='ltr'>sed</span> <span class='ocrx_word' id='word_1_563' title='bbox 2080 2688 2222 2724; x_wconf 88' lang='lat' dir='ltr'>biennio</span> <span class='ocrx_word' id='word_1_564' title='bbox 2253 2693 2387 2726; x_wconf 80' lang='lat' dir='ltr'>exacto</span> 
     </span>
     <span class='ocr_line' id='line_1_56' title="bbox 162 2730 2389 2779; baseline 0.002 -13"><span class='ocrx_word' id='word_1_565' title='bbox 162 2730 391 2766; x_wconf 84' lang='lat' dir='ltr'>adversarios</span> <span class='ocrx_word' id='word_1_566' title='bbox 413 2730 491 2765; x_wconf 87' lang='lat' dir='ltr'>eius</span> <span class='ocrx_word' id='word_1_567' title='bbox 514 2730 644 2766; x_wconf 88' lang='lat' dir='ltr'>abusos</span> <span class='ocrx_word' id='word_1_568' title='bbox 663 2741 740 2766; x_wconf 86' lang='lat' dir='ltr'>esse</span> <span class='ocrx_word' id='word_1_569' title='bbox 763 2741 817 2773; x_wconf 87' lang='lat' dir='ltr'>eo,</span> <span class='ocrx_word' id='word_1_570' title='bbox 850 2731 950 2776; x_wconf 84' lang='lat' dir='ltr'>quod</span> <span class='ocrx_word' id='word_1_571' title='bbox 971 2731 1009 2765; x_wconf 85' lang='lat' dir='ltr'>in</span> <span class='ocrx_word' id='word_1_572' title='bbox 1035 2735 1096 2767; x_wconf 84' lang='lat' dir='ltr'>tuo</span> <span class='ocrx_word' id='word_1_573' title='bbox 1121 2731 1255 2767; x_wconf 84' lang='lat' dir='ltr'>iudicio</span> <span class='ocrx_word' id='word_1_574' title='bbox 1279 2732 1454 2767; x_wconf 87' lang='lat' dir='ltr'>eiusmodi</span> <span class='ocrx_word' id='word_1_575' title='bbox 1479 2731 1523 2766; x_wconf 91' lang='lat' dir='ltr'>lis</span> <span class='ocrx_word' id='word_1_576' title='bbox 1546 2732 1711 2767; x_wconf 77' lang='lat' dir='ltr'>exerceri</span> <span class='ocrx_word' id='word_1_577' title='bbox 1733 2743 1806 2768; x_wconf 90' lang='lat' dir='ltr'>non</span> <span class='ocrx_word' id='word_1_578' title='bbox 1831 2732 1903 2767; x_wconf 89' lang='lat' dir='ltr'>iam</span> <span class='ocrx_word' id='word_1_579' title='bbox 1921 2737 2059 2779; x_wconf 84' lang='lat' dir='ltr'>posset,</span> <span class='ocrx_word' id='word_1_580' title='bbox 2091 2733 2156 2769; x_wconf 89' lang='lat' dir='ltr'>sed</span> <span class='ocrx_word' id='word_1_581' title='bbox 2179 2735 2389 2779; x_wconf 77' lang='lat' dir='ltr'>confirmari</span> 
     </span>
    </p>
   </div>
   <div class='ocr_carea' id='block_1_21' title="bbox 161 2820 1241 3815">
    <p class='ocr_par' dir='ltr' id='par_1_24' title="bbox 161 2820 1241 3815">
     <span class='ocr_line' id='line_1_57' title="bbox 215 2820 1238 2867; baseline -0.001 -11"><span class='ocrx_word' id='word_1_582' title='bbox 215 2824 335 2856; x_wconf 87' lang='lat' dir='ltr'>2rubr.</span> <span class='ocrx_word' id='word_1_583' title='bbox 360 2823 449 2866; x_wconf 80' lang='grc' dir='ltr'><em>Περὶ</em></span> <span class='ocrx_word' id='word_1_584' title='bbox 473 2822 632 2866; x_wconf 76' lang='grc' dir='ltr'><em>ἐφέσεων</em></span> <span class='ocrx_word' id='word_1_585' title='bbox 658 2823 778 2856; x_wconf 77' lang='grc' dir='ltr'><em>ΤΙιεοιΙ.</em></span> <span class='ocrx_word' id='word_1_586' title='bbox 803 2823 879 2855; x_wconf 77' lang='lat' dir='ltr'>Ath.</span> <span class='ocrx_word' id='word_1_587' title='bbox 894 2834 913 2858; x_wconf 83' lang='grc' dir='ltr'><em>ς</em></span> <span class='ocrx_word' id='word_1_588' title='bbox 945 2824 1033 2867; x_wconf 83' lang='grc' dir='ltr'><em>Περὶ</em></span> <span class='ocrx_word' id='word_1_589' title='bbox 1058 2820 1238 2864; x_wconf 78' lang='grc' dir='ltr'><em>ἐκκλήτων</em></span> 
     </span>
     <span class='ocr_line' id='line_1_58' title="bbox 162 2866 1238 2913; baseline -0.001 -12"><span class='ocrx_word' id='word_1_590' title='bbox 162 2869 259 2901; x_wconf 73' lang='lat' dir='ltr'>index</span> <span class='ocrx_word' id='word_1_591' title='bbox 283 2868 313 2900; x_wconf 88' lang='lat' dir='ltr'><em>L</em></span> <span class='ocrx_word' id='word_1_592' title='bbox 339 2869 371 2900; x_wconf 88' lang='lat' dir='ltr'>in</span> <span class='ocrx_word' id='word_1_593' title='bbox 396 2881 457 2911; x_wconf 74' lang='lat' dir='ltr'>my.</span> <span class='ocrx_word' id='word_1_594' title='bbox 482 2869 493 2909; x_wconf 78' lang='grc' dir='ltr'>ΙΙ</span> <span class='ocrx_word' id='word_1_595' title='bbox 520 2868 678 2912; x_wconf 80' lang='grc' dir='ltr'><em>ἐφέσεων</em></span> <span class='ocrx_word' id='word_1_596' title='bbox 705 2869 761 2909; x_wconf 90' lang='grc' dir='ltr'>Μ]</span> <span class='ocrx_word' id='word_1_597' title='bbox 787 2869 939 2913; x_wconf 77' lang='grc' dir='ltr'><em>ἐφέσεως</em></span> <span class='ocrx_word' id='word_1_598' title='bbox 962 2869 993 2900; x_wconf 93' lang='lat' dir='ltr'><em>L</em></span> <span class='ocrx_word' id='word_1_599' title='bbox 1008 2869 1092 2911; x_wconf 78' lang='lat' dir='ltr'>vuly.</span> <span class='ocrx_word' id='word_1_600' title='bbox 1117 2869 1128 2910; x_wconf 79' lang='grc' dir='ltr'>ΙΙ</span> <span class='ocrx_word' id='word_1_601' title='bbox 1160 2870 1180 2901; x_wconf 90' lang='grc'>4</span> <span class='ocrx_word' id='word_1_602' title='bbox 1204 2866 1238 2900; x_wconf 85' lang='grc' dir='ltr'><em>οἱ</em></span> 
     </span>
     <span class='ocr_line' id='line_1_59' title="bbox 162 2909 1236 2958; baseline 0 -13"><span class='ocrx_word' id='word_1_603' title='bbox 162 2910 389 2958; x_wconf 81' lang='grc' dir='ltr'><em>λιτιγάτορες]</em></span> <span class='ocrx_word' id='word_1_604' title='bbox 423 2911 460 2945; x_wconf 87' lang='grc' dir='ltr'><em>οἱ</em></span> <span class='ocrx_word' id='word_1_605' title='bbox 482 2912 686 2957; x_wconf 80' lang='grc' dir='ltr'><em>κρινόμενοι</em></span> <span class='ocrx_word' id='word_1_606' title='bbox 711 2915 806 2946; x_wconf 71' lang='lat' dir='ltr'>index</span> <span class='ocrx_word' id='word_1_607' title='bbox 831 2914 861 2946; x_wconf 91' lang='lat' dir='ltr'><em>L</em></span> <span class='ocrx_word' id='word_1_608' title='bbox 887 2915 919 2946; x_wconf 88' lang='lat' dir='ltr'>in</span> <span class='ocrx_word' id='word_1_609' title='bbox 944 2926 1046 2956; x_wconf 75' lang='lat' dir='ltr'>mary.</span> <span class='ocrx_word' id='word_1_610' title='bbox 1076 2913 1088 2956; x_wconf 87' lang='grc' dir='ltr'>ΙΙ</span> <span class='ocrx_word' id='word_1_611' title='bbox 1117 2915 1136 2946; x_wconf 95' lang='grc'><em>9</em></span> <span class='ocrx_word' id='word_1_612' title='bbox 1161 2909 1236 2947; x_wconf 81' lang='grc' dir='ltr'>άπὸ</span> 
     </span>
     <span class='ocr_line' id='line_1_60' title="bbox 161 2955 1237 3002; baseline 0 -11"><span class='ocrx_word' id='word_1_613' title='bbox 161 2958 225 2991; x_wconf 80' lang='grc' dir='ltr'>τοῦ</span> <span class='ocrx_word' id='word_1_614' title='bbox 251 2957 462 2999; x_wconf 79' lang='grc' dir='ltr'><em>νικήσαντος</em></span> <span class='ocrx_word' id='word_1_615' title='bbox 486 2958 540 2998; x_wconf 89' lang='grc' dir='ltr'>Μ,</span> <span class='ocrx_word' id='word_1_616' title='bbox 566 2971 622 2991; x_wconf 86' lang='lat' dir='ltr'>om.</span> <span class='ocrx_word' id='word_1_617' title='bbox 637 2960 668 2991; x_wconf 92' lang='lat' dir='ltr'><strong><em>L</em></strong></span> <span class='ocrx_word' id='word_1_618' title='bbox 693 2958 705 3001; x_wconf 73' lang='lat' dir='ltr'>ss</span> <span class='ocrx_word' id='word_1_619' title='bbox 731 2961 771 2992; x_wconf 90' lang='lat'>10</span> <span class='ocrx_word' id='word_1_620' title='bbox 797 2956 942 3002; x_wconf 84' lang='grc' dir='ltr'><em>ἐπάρχῳ</em></span> <span class='ocrx_word' id='word_1_621' title='bbox 964 2958 1052 2999; x_wconf 70' lang='lat' dir='ltr'>Am]</span> <span class='ocrx_word' id='word_1_622' title='bbox 1085 2955 1237 3001; x_wconf 77' lang='grc' dir='ltr'><em>ὑπάρχω</em></span> 
     </span>
     <span class='ocr_line' id='line_1_61' title="bbox 163 2999 1237 3047; baseline 0.001 -12"><span class='ocrx_word' id='word_1_623' title='bbox 163 3002 234 3035; x_wconf 87' lang='lat' dir='ltr'>ML</span> <span class='ocrx_word' id='word_1_624' title='bbox 251 3005 261 3044; x_wconf 88' lang='grc' dir='ltr'>ΙΙ</span> <span class='ocrx_word' id='word_1_625' title='bbox 290 3005 327 3036; x_wconf 92' lang='grc'>11</span> <span class='ocrx_word' id='word_1_626' title='bbox 354 3003 416 3044; x_wconf 78' lang='grc' dir='ltr'><em>τῆς</em></span> <span class='ocrx_word' id='word_1_627' title='bbox 440 3003 543 3036; x_wconf 87' lang='lat' dir='ltr'>om.L</span> <span class='ocrx_word' id='word_1_628' title='bbox 569 3001 582 3046; x_wconf 89' lang='grc' dir='ltr'>ΙΙ</span> <span class='ocrx_word' id='word_1_629' title='bbox 606 2999 802 3047; x_wconf 81' lang='grc' dir='ltr'><em>ὂρδιναρίω</em></span> <span class='ocrx_word' id='word_1_630' title='bbox 818 3004 899 3044; x_wconf 91' lang='lat' dir='ltr'>ML,</span> <span class='ocrx_word' id='word_1_631' title='bbox 912 3017 994 3036; x_wconf 87' lang='lat' dir='ltr'>corr.</span> <span class='ocrx_word' id='word_1_632' title='bbox 1008 3004 1203 3037; x_wconf 83' lang='lat' dir='ltr'>Haloander</span> <span class='ocrx_word' id='word_1_633' title='bbox 1226 3003 1237 3047; x_wconf 74' lang='grc' dir='ltr'>ΙΙ</span> 
     </span>
     <span class='ocr_line' id='line_1_62' title="bbox 165 3045 1236 3091; baseline -0.001 -10"><span class='ocrx_word' id='word_1_634' title='bbox 165 3049 204 3081; x_wconf 90' lang='grc'>13</span> <span class='ocrx_word' id='word_1_635' title='bbox 221 3047 309 3088; x_wconf 80' lang='grc' dir='ltr'><em>τῶν]</em></span> <span class='ocrx_word' id='word_1_636' title='bbox 334 3046 425 3089; x_wconf 70' lang='grc' dir='ltr'><em>τὴνῗ</em></span> <span class='ocrx_word' id='word_1_637' title='bbox 438 3047 486 3080; x_wconf 84' lang='lat' dir='ltr'>L¹</span> <span class='ocrx_word' id='word_1_638' title='bbox 505 3047 517 3091; x_wconf 87' lang='grc' dir='ltr'>ΙΙ</span> <span class='ocrx_word' id='word_1_639' title='bbox 536 3049 575 3081; x_wconf 90' lang='grc'>16</span> <span class='ocrx_word' id='word_1_640' title='bbox 596 3059 689 3081; x_wconf 84' lang='grc' dir='ltr'><em>τινες</em></span> <span class='ocrx_word' id='word_1_641' title='bbox 714 3045 943 3090; x_wconf 81' lang='grc' dir='ltr'><em>ἐποιήσαντο]</em></span> <span class='ocrx_word' id='word_1_642' title='bbox 969 3049 1103 3090; x_wconf 83' lang='lat' dir='ltr'>quidam</span> <span class='ocrx_word' id='word_1_643' title='bbox 1126 3050 1236 3090; x_wconf 85' lang='lat' dir='ltr'>patro-</span> 
     </span>
     <span class='ocr_line' id='line_1_63' title="bbox 162 3090 1239 3138; baseline 0.001 -14"><span class='ocrx_word' id='word_1_644' title='bbox 162 3103 226 3124; x_wconf 85' lang='lat' dir='ltr'>nus</span> <span class='ocrx_word' id='word_1_645' title='bbox 245 3092 325 3124; x_wconf 76' lang='lat' dir='ltr'>fecit</span> <span class='ocrx_word' id='word_1_646' title='bbox 341 3104 359 3127; x_wconf 81' lang='grc' dir='ltr'><em>ς</em></span> <span class='ocrx_word' id='word_1_647' title='bbox 377 3092 389 3134; x_wconf 76' lang='grc' dir='ltr'>ΙΙ</span> <span class='ocrx_word' id='word_1_648' title='bbox 405 3090 612 3136; x_wconf 78' lang='grc' dir='ltr'><em>βουλομένω</em></span> <span class='ocrx_word' id='word_1_649' title='bbox 634 3095 684 3126; x_wconf 80' lang='lat' dir='ltr'>La</span> <span class='ocrx_word' id='word_1_650' title='bbox 702 3093 714 3135; x_wconf 77' lang='grc' dir='ltr'>ΙΙ</span> <span class='ocrx_word' id='word_1_651' title='bbox 733 3096 770 3127; x_wconf 82' lang='grc'>17</span> <span class='ocrx_word' id='word_1_652' title='bbox 797 3095 928 3138; x_wconf 80' lang='grc' dir='ltr'><em>ἑφέντα</em></span> <span class='ocrx_word' id='word_1_653' title='bbox 953 3095 1012 3126; x_wconf 84' lang='grc' dir='ltr'><em>καὶ</em></span> <span class='ocrx_word' id='word_1_654' title='bbox 1036 3095 1089 3129; x_wconf 53' lang='grc' dir='ltr'>Ιρς</span> <span class='ocrx_word' id='word_1_655' title='bbox 1113 3094 1167 3134; x_wconf 87' lang='lat' dir='ltr'>(cf.</span> <span class='ocrx_word' id='word_1_656' title='bbox 1194 3094 1239 3126; x_wconf 85' lang='lat' dir='ltr'>ad</span> 
     </span>
     <span class='ocr_line' id='line_1_64' title="bbox 163 3134 1237 3183; baseline 0 -12"><span class='ocrx_word' id='word_1_657' title='bbox 163 3139 239 3177; x_wconf 81' lang='grc'><em>460,</em></span> <span class='ocrx_word' id='word_1_658' title='bbox 258 3139 298 3179; x_wconf 83' lang='grc'>4)]</span> <span class='ocrx_word' id='word_1_659' title='bbox 331 3137 460 3181; x_wconf 76' lang='grc' dir='ltr'><em>ἐφέτην</em></span> <span class='ocrx_word' id='word_1_660' title='bbox 484 3138 531 3170; x_wconf 93' lang='grc' dir='ltr'><strong>Μ</strong></span> <span class='ocrx_word' id='word_1_661' title='bbox 552 3137 564 3181; x_wconf 91' lang='grc' dir='ltr'>ΙΙ</span> <span class='ocrx_word' id='word_1_662' title='bbox 595 3139 635 3172; x_wconf 88' lang='grc'>18</span> <span class='ocrx_word' id='word_1_663' title='bbox 659 3134 921 3183; x_wconf 82' lang='grc' dir='ltr'><em>ἀγωνισάμενοι</em></span> <span class='ocrx_word' id='word_1_664' title='bbox 946 3138 993 3171; x_wconf 88' lang='lat' dir='ltr'>L¹</span> <span class='ocrx_word' id='word_1_665' title='bbox 1021 3138 1033 3180; x_wconf 78' lang='grc' dir='ltr'>ΙΙ</span> <span class='ocrx_word' id='word_1_666' title='bbox 1063 3140 1105 3171; x_wconf 88' lang='grc'><strong>20</strong></span> <span class='ocrx_word' id='word_1_667' title='bbox 1130 3136 1237 3171; x_wconf 85' lang='grc' dir='ltr'><em>δύνα-</em></span> 
     </span>
     <span class='ocr_line' id='line_1_65' title="bbox 162 3179 1238 3225; baseline 0.001 -10"><span class='ocrx_word' id='word_1_668' title='bbox 162 3182 256 3215; x_wconf 90' lang='grc' dir='ltr'><em>σθαι</em></span> <span class='ocrx_word' id='word_1_669' title='bbox 289 3195 347 3215; x_wconf 89' lang='lat' dir='ltr'>om.</span> <span class='ocrx_word' id='word_1_670' title='bbox 372 3183 403 3215; x_wconf 92' lang='lat' dir='ltr'><em>L</em></span> <span class='ocrx_word' id='word_1_671' title='bbox 431 3183 443 3225; x_wconf 75' lang='grc' dir='ltr'>ΙΙ</span> <span class='ocrx_word' id='word_1_672' title='bbox 474 3184 513 3216; x_wconf 95' lang='grc'><strong>21</strong></span> <span class='ocrx_word' id='word_1_673' title='bbox 550 3179 661 3216; x_wconf 77' lang='grc' dir='ltr'><em>αὐτὸν</em></span> <span class='ocrx_word' id='word_1_674' title='bbox 694 3180 733 3215; x_wconf 81' lang='grc' dir='ltr'>δὲ</span> <span class='ocrx_word' id='word_1_675' title='bbox 763 3186 822 3215; x_wconf 82' lang='grc' dir='ltr'>καὶ</span> <span class='ocrx_word' id='word_1_676' title='bbox 852 3182 920 3216; x_wconf 88' lang='grc' dir='ltr'>τὸν</span> <span class='ocrx_word' id='word_1_677' title='bbox 952 3179 1140 3216; x_wconf 78' lang='grc' dir='ltr'><em>ἀντίδικον</em></span> <span class='ocrx_word' id='word_1_678' title='bbox 1170 3182 1238 3216; x_wconf 88' lang='grc' dir='ltr'>τὸν</span> 
     </span>
     <span class='ocr_line' id='line_1_66' title="bbox 163 3223 1235 3271; baseline 0.002 -12"><span class='ocrx_word' id='word_1_679' title='bbox 163 3223 274 3260; x_wconf 74' lang='grc' dir='ltr'><em>αὐτοῦ</em></span> <span class='ocrx_word' id='word_1_680' title='bbox 299 3229 344 3268; x_wconf 85' lang='lat' dir='ltr'>(in</span> <span class='ocrx_word' id='word_1_681' title='bbox 362 3240 463 3270; x_wconf 76' lang='lat' dir='ltr'>marq.</span> <span class='ocrx_word' id='word_1_682' title='bbox 483 3228 618 3261; x_wconf 88' lang='lat' dir='ltr'>lacunae</span> <span class='ocrx_word' id='word_1_683' title='bbox 640 3236 744 3261; x_wconf 84' lang='lat' dir='ltr'>notam</span> <span class='ocrx_word' id='word_1_684' title='bbox 761 3230 855 3261; x_wconf 80' lang='lat' dir='ltr'>habet</span> <span class='ocrx_word' id='word_1_685' title='bbox 871 3229 915 3269; x_wconf 84' lang='lat' dir='ltr'>L)</span> <span class='ocrx_word' id='word_1_686' title='bbox 940 3229 1030 3269; x_wconf 88' lang='lat' dir='ltr'>ML]</span> <span class='ocrx_word' id='word_1_687' title='bbox 1055 3230 1133 3261; x_wconf 77' lang='lat' dir='ltr'>haec</span> <span class='ocrx_word' id='word_1_688' title='bbox 1147 3236 1235 3271; x_wconf 85' lang='lat' dir='ltr'>post-</span> 
     </span>
     <span class='ocr_line' id='line_1_67' title="bbox 162 3273 1236 3316; baseline 0.002 -11"><span class='ocrx_word' id='word_1_689' title='bbox 162 3275 286 3306; x_wconf 83' lang='lat' dir='ltr'>modum</span> <span class='ocrx_word' id='word_1_690' title='bbox 317 3273 512 3316; x_wconf 76' lang='lat' dir='ltr'>interpolata</span> <span class='ocrx_word' id='word_1_691' title='bbox 535 3280 625 3313; x_wconf 85' lang='lat' dir='ltr'>sunt,</span> <span class='ocrx_word' id='word_1_692' title='bbox 659 3286 727 3306; x_wconf 83' lang='lat' dir='ltr'>cum</span> <span class='ocrx_word' id='word_1_693' title='bbox 750 3274 944 3306; x_wconf 85' lang='lat' dir='ltr'>novellarum</span> <span class='ocrx_word' id='word_1_694' title='bbox 977 3274 1118 3307; x_wconf 84' lang='lat' dir='ltr'>collectio</span> <span class='ocrx_word' id='word_1_695' title='bbox 1148 3275 1236 3307; x_wconf 80' lang='lat' dir='ltr'>insti-</span> 
     </span>
     <span class='ocr_line' id='line_1_68' title="bbox 163 3319 1236 3360; baseline 0.001 -10"><span class='ocrx_word' id='word_1_696' title='bbox 163 3325 311 3359; x_wconf 83' lang='lat' dir='ltr'>tueretur,</span> <span class='ocrx_word' id='word_1_697' title='bbox 337 3319 465 3351; x_wconf 83' lang='lat' dir='ltr'>resectis</span> <span class='ocrx_word' id='word_1_698' title='bbox 489 3319 533 3350; x_wconf 80' lang='lat' dir='ltr'>eis</span> <span class='ocrx_word' id='word_1_699' title='bbox 557 3331 640 3360; x_wconf 87' lang='lat' dir='ltr'>quae</span> <span class='ocrx_word' id='word_1_700' title='bbox 665 3320 710 3351; x_wconf 87' lang='lat' dir='ltr'>ad</span> <span class='ocrx_word' id='word_1_701' title='bbox 730 3326 847 3352; x_wconf 87' lang='lat' dir='ltr'>certam</span> <span class='ocrx_word' id='word_1_702' title='bbox 872 3319 955 3351; x_wconf 83' lang='lat' dir='ltr'>litem</span> <span class='ocrx_word' id='word_1_703' title='bbox 981 3319 1164 3352; x_wconf 84' lang='lat' dir='ltr'>nominatim</span> <span class='ocrx_word' id='word_1_704' title='bbox 1188 3332 1236 3352; x_wconf 89' lang='lat' dir='ltr'>re-</span> 
     </span>
     <span class='ocr_line' id='line_1_69' title="bbox 161 3363 1237 3407; baseline 0 -10"><span class='ocrx_word' id='word_1_705' title='bbox 161 3365 303 3406; x_wconf 80' lang='lat' dir='ltr'>spiciunt</span> <span class='ocrx_word' id='word_1_706' title='bbox 317 3363 374 3406; x_wconf 87' lang='lat' dir='ltr'>(cf.</span> <span class='ocrx_word' id='word_1_707' title='bbox 392 3364 438 3395; x_wconf 85' lang='lat' dir='ltr'>ad</span> <span class='ocrx_word' id='word_1_708' title='bbox 451 3375 479 3396; x_wconf 86' lang='lat' dir='ltr'>v.</span> <span class='ocrx_word' id='word_1_709' title='bbox 491 3370 534 3396; x_wconf 84' lang='lat'>16.</span> <span class='ocrx_word' id='word_1_710' title='bbox 553 3364 630 3404; x_wconf 88' lang='grc'>460,</span> <span class='ocrx_word' id='word_1_711' title='bbox 644 3365 690 3405; x_wconf 83' lang='lat'>4):</span> <span class='ocrx_word' id='word_1_712' title='bbox 715 3366 815 3396; x_wconf 84' lang='lat' dir='ltr'>verba</span> <span class='ocrx_word' id='word_1_713' title='bbox 831 3364 972 3407; x_wconf 75' lang='lat' dir='ltr'>qenuina</span> <span class='ocrx_word' id='word_1_714' title='bbox 989 3365 1130 3396; x_wconf 85' lang='lat' dir='ltr'>servavit</span> <span class='ocrx_word' id='word_1_715' title='bbox 1149 3372 1237 3397; x_wconf 84' lang='lat' dir='ltr'>vetus</span> 
     </span>
     <span class='ocr_line' id='line_1_70' title="bbox 163 3408 1237 3452; baseline 0 -11"><span class='ocrx_word' id='word_1_716' title='bbox 163 3410 318 3452; x_wconf 79' lang='lat' dir='ltr'>interpres</span> <span class='ocrx_word' id='word_1_717' title='bbox 342 3408 543 3451; x_wconf 84' lang='lat' dir='ltr'>Hisychium</span> <span class='ocrx_word' id='word_1_718' title='bbox 559 3410 668 3440; x_wconf 80' lang='lat' dir='ltr'>autem</span> <span class='ocrx_word' id='word_1_719' title='bbox 690 3411 722 3441; x_wconf 85' lang='lat' dir='ltr'>et</span> <span class='ocrx_word' id='word_1_720' title='bbox 741 3408 945 3441; x_wconf 86' lang='lat' dir='ltr'>adversarios</span> <span class='ocrx_word' id='word_1_721' title='bbox 966 3409 1036 3441; x_wconf 84' lang='lat' dir='ltr'>eius</span> <span class='ocrx_word' id='word_1_722' title='bbox 1054 3409 1237 3441; x_wconf 86' lang='lat' dir='ltr'>exercuisse</span> 
     </span>
     <span class='ocr_line' id='line_1_71' title="bbox 163 3453 1237 3496; baseline 0.001 -11"><span class='ocrx_word' id='word_1_723' title='bbox 163 3453 294 3495; x_wconf 87' lang='lat' dir='ltr'>quidem</span> <span class='ocrx_word' id='word_1_724' title='bbox 319 3453 412 3486; x_wconf 85' lang='lat' dir='ltr'>litem</span> <span class='ocrx_word' id='word_1_725' title='bbox 436 3453 525 3496; x_wconf 86' lang='lat' dir='ltr'>apud</span> <span class='ocrx_word' id='word_1_726' title='bbox 547 3453 729 3496; x_wconf 82' lang='lat' dir='ltr'>pedaneum</span> <span class='ocrx_word' id='word_1_727' title='bbox 754 3453 912 3494; x_wconf 88' lang='lat' dir='ltr'>iudicem,</span> <span class='ocrx_word' id='word_1_728' title='bbox 936 3453 1105 3486; x_wconf 81' lang='lat' dir='ltr'>addictum</span> <span class='ocrx_word' id='word_1_729' title='bbox 1128 3457 1237 3487; x_wconf 82' lang='lat' dir='ltr'>autem</span> 
     </span>
     <span class='ocr_line' id='line_1_72' title="bbox 164 3498 1237 3541; baseline 0.002 -11"><span class='ocrx_word' id='word_1_730' title='bbox 164 3499 304 3531; x_wconf 89' lang='lat' dir='ltr'>eundem</span> <span class='ocrx_word' id='word_1_731' title='bbox 319 3499 518 3541; x_wconf 86' lang='lat' dir='ltr'>Hisychium</span> <span class='ocrx_word' id='word_1_732' title='bbox 540 3498 729 3541; x_wconf 83' lang='lat' dir='ltr'>appellasse,</span> <span class='ocrx_word' id='word_1_733' title='bbox 754 3502 786 3531; x_wconf 88' lang='lat' dir='ltr'>et</span> <span class='ocrx_word' id='word_1_734' title='bbox 809 3509 939 3531; x_wconf 87' lang='lat' dir='ltr'>causam</span> <span class='ocrx_word' id='word_1_735' title='bbox 960 3499 1102 3540; x_wconf 85' lang='lat' dir='ltr'>contigit</span> <span class='ocrx_word' id='word_1_736' title='bbox 1125 3510 1237 3532; x_wconf 88' lang='lat' dir='ltr'>recur-</span> 
     </span>
     <span class='ocr_line' id='line_1_73' title="bbox 164 3539 1239 3589; baseline 0.002 -13"><span class='ocrx_word' id='word_1_737' title='bbox 164 3554 235 3576; x_wconf 86' lang='lat' dir='ltr'>rere</span> <span class='ocrx_word' id='word_1_738' title='bbox 266 3544 306 3576; x_wconf 85' lang='lat' dir='ltr'>ad</span> <span class='ocrx_word' id='word_1_739' title='bbox 335 3547 425 3577; x_wconf 83' lang='lat' dir='ltr'>tuam</span> <span class='ocrx_word' id='word_1_740' title='bbox 457 3543 678 3585; x_wconf 74' lang='lat' dir='ltr'>cognitionem</span> <span class='ocrx_word' id='word_1_741' title='bbox 707 3556 725 3580; x_wconf 83' lang='grc' dir='ltr'><em>ς</em></span> <span class='ocrx_word' id='word_1_742' title='bbox 756 3544 767 3587; x_wconf 91' lang='grc' dir='ltr'>ΙΙ</span> <span class='ocrx_word' id='word_1_743' title='bbox 799 3546 841 3578; x_wconf 85' lang='grc'><strong>23</strong></span> <span class='ocrx_word' id='word_1_744' title='bbox 866 3539 1148 3589; x_wconf 76' lang='grc' dir='ltr'><em>ἀγωνιζομένους</em></span> <span class='ocrx_word' id='word_1_745' title='bbox 1172 3546 1203 3577; x_wconf 92' lang='lat' dir='ltr'><em>L</em></span> <span class='ocrx_word' id='word_1_746' title='bbox 1228 3546 1239 3587; x_wconf 88' lang='grc' dir='ltr'>ΙΙ</span> 
     </span>
     <span class='ocr_line' id='line_1_74' title="bbox 165 3585 1238 3634; baseline 0.002 -13"><span class='ocrx_word' id='word_1_747' title='bbox 165 3590 206 3622; x_wconf 87' lang='grc'><strong>25</strong></span> <span class='ocrx_word' id='word_1_748' title='bbox 232 3587 416 3634; x_wconf 79' lang='grc' dir='ltr'><em>ἐγγράφως</em></span> <span class='ocrx_word' id='word_1_749' title='bbox 436 3590 508 3630; x_wconf 86' lang='grc' dir='ltr'>Μς]</span> <span class='ocrx_word' id='word_1_750' title='bbox 533 3591 592 3621; x_wconf 81' lang='grc' dir='ltr'><em>καὶ</em></span> <span class='ocrx_word' id='word_1_751' title='bbox 616 3587 800 3634; x_wconf 80' lang='grc' dir='ltr'><em>ἐγγράφως</em></span> <span class='ocrx_word' id='word_1_752' title='bbox 823 3590 851 3622; x_wconf 89' lang='lat' dir='ltr'><em>L</em></span> <span class='ocrx_word' id='word_1_753' title='bbox 876 3585 1058 3634; x_wconf 80' lang='grc' dir='ltr'><em>(ἀγράφως</em></span> <span class='ocrx_word' id='word_1_754' title='bbox 1078 3603 1139 3622; x_wconf 88' lang='grc' dir='ltr'><em>ηοη</em></span> <span class='ocrx_word' id='word_1_755' title='bbox 1156 3597 1238 3623; x_wconf 85' lang='lat' dir='ltr'>recte</span> 
     </span>
     <span class='ocr_line' id='line_1_75' title="bbox 165 3631 1238 3678; baseline 0.003 -13"><span class='ocrx_word' id='word_1_756' title='bbox 165 3635 246 3666; x_wconf 84' lang='lat' dir='ltr'>coni.</span> <span class='ocrx_word' id='word_1_757' title='bbox 266 3635 464 3677; x_wconf 80' lang='lat' dir='ltr'>Zachariae)</span> <span class='ocrx_word' id='word_1_758' title='bbox 489 3634 501 3678; x_wconf 82' lang='grc' dir='ltr'>ΙΙ</span> <span class='ocrx_word' id='word_1_759' title='bbox 524 3635 567 3667; x_wconf 85' lang='grc'><strong>26</strong></span> <span class='ocrx_word' id='word_1_760' title='bbox 591 3637 650 3667; x_wconf 83' lang='grc' dir='ltr'><em>καὶ</em></span> <span class='ocrx_word' id='word_1_761' title='bbox 674 3647 730 3668; x_wconf 88' lang='lat' dir='ltr'>om.</span> <span class='ocrx_word' id='word_1_762' title='bbox 748 3647 767 3671; x_wconf 86' lang='grc' dir='ltr'><em>ς</em></span> <span class='ocrx_word' id='word_1_763' title='bbox 793 3636 803 3676; x_wconf 73' lang='lat' dir='ltr'>{l</span> <span class='ocrx_word' id='word_1_764' title='bbox 827 3631 866 3667; x_wconf 79' lang='grc' dir='ltr'>δὲ</span> <span class='ocrx_word' id='word_1_765' title='bbox 888 3634 1150 3678; x_wconf 81' lang='grc' dir='ltr'><em>περιφρονῆσαι</em></span> <span class='ocrx_word' id='word_1_766' title='bbox 1174 3635 1238 3675; x_wconf 66' lang='lat' dir='ltr'>Le]</span> 
     </span>
     <span class='ocr_line' id='line_1_76' title="bbox 166 3674 1241 3724; baseline 0.004 -14"><span class='ocrx_word' id='word_1_767' title='bbox 166 3674 356 3721; x_wconf 72' lang='grc' dir='ltr'><em>ἀθυμῆσαι</em></span> <span class='ocrx_word' id='word_1_768' title='bbox 370 3679 426 3719; x_wconf 88' lang='grc' dir='ltr'>Μ,</span> <span class='ocrx_word' id='word_1_769' title='bbox 451 3682 538 3722; x_wconf 83' lang='lat' dir='ltr'>quod</span> <span class='ocrx_word' id='word_1_770' title='bbox 551 3681 677 3713; x_wconf 84' lang='lat' dir='ltr'>videtur</span> <span class='ocrx_word' id='word_1_771' title='bbox 695 3688 875 3724; x_wconf 86' lang='lat' dir='ltr'>corruptum</span> <span class='ocrx_word' id='word_1_772' title='bbox 896 3693 934 3712; x_wconf 76' lang='lat' dir='ltr'>ex</span> <span class='ocrx_word' id='word_1_773' title='bbox 954 3679 1167 3724; x_wconf 76' lang='grc' dir='ltr'><em>ῥαθυμῆσαι</em></span> <span class='ocrx_word' id='word_1_774' title='bbox 1191 3682 1241 3714; x_wconf 85' lang='lat' dir='ltr'>vel</span> 
     </span>
     <span class='ocr_line' id='line_1_77' title="bbox 165 3719 1239 3767; baseline 0.003 -12"><span class='ocrx_word' id='word_1_775' title='bbox 165 3719 471 3767; x_wconf 81' lang='grc' dir='ltr'><em>ἇπορραθυμῆσαι</em></span> <span class='ocrx_word' id='word_1_776' title='bbox 494 3721 689 3766; x_wconf 72' lang='grc' dir='ltr'><em>(ἀθετῆσαι</em></span> <span class='ocrx_word' id='word_1_777' title='bbox 712 3725 915 3767; x_wconf 71' lang='lat' dir='ltr'>Homberyk,</span> <span class='ocrx_word' id='word_1_778' title='bbox 937 3720 1112 3767; x_wconf 80' lang='grc' dir='ltr'><em>ἀμελῆσαι</em></span> <span class='ocrx_word' id='word_1_779' title='bbox 1140 3726 1239 3759; x_wconf 77' lang='lat' dir='ltr'>Oseu-</span> 
     </span>
     <span class='ocr_line' id='line_1_78' title="bbox 166 3766 1240 3815; baseline 0.002 -14"><span class='ocrx_word' id='word_1_780' title='bbox 166 3770 319 3813; x_wconf 66' lang='lat' dir='ltr'>bruyyen)</span> <span class='ocrx_word' id='word_1_781' title='bbox 337 3769 349 3813; x_wconf 82' lang='grc' dir='ltr'>ΙΙ</span> <span class='ocrx_word' id='word_1_782' title='bbox 367 3771 408 3803; x_wconf 84' lang='grc'><strong>27</strong></span> <span class='ocrx_word' id='word_1_783' title='bbox 425 3770 502 3804; x_wconf 82' lang='grc' dir='ltr'>τῶν</span> <span class='ocrx_word' id='word_1_784' title='bbox 518 3766 607 3815; x_wconf 55' lang='grc' dir='ltr'><em>παρ)</em></span> <span class='ocrx_word' id='word_1_785' title='bbox 625 3767 744 3804; x_wconf 78' lang='grc' dir='ltr'><em>αὐτοῖς</em></span> <span class='ocrx_word' id='word_1_786' title='bbox 764 3772 985 3805; x_wconf 77' lang='grc' dir='ltr'><em>κινουμένων</em></span> <span class='ocrx_word' id='word_1_787' title='bbox 998 3771 1048 3803; x_wconf 82' lang='lat' dir='ltr'>La</span> <span class='ocrx_word' id='word_1_788' title='bbox 1064 3770 1076 3814; x_wconf 75' lang='lat' dir='ltr'>ss</span> <span class='ocrx_word' id='word_1_789' title='bbox 1096 3771 1138 3804; x_wconf 85' lang='lat'>29</span> <span class='ocrx_word' id='word_1_790' title='bbox 1158 3769 1240 3803; x_wconf 81' lang='grc' dir='ltr'><em>τοὺς</em></span> 
     </span>
    </p>
   </div>
   <div class='ocr_carea' id='block_1_22' title="bbox 1306 2817 2387 2950">
    <p class='ocr_par' dir='ltr' id='par_1_25' title="bbox 1306 2817 2387 2950">
     <span class='ocr_line' id='line_1_79' title="bbox 1308 2817 2386 2869; baseline 0.004 -14"><span class='ocrx_word' id='word_1_791' title='bbox 1308 2817 1509 2856; x_wconf 80' lang='grc' dir='ltr'><em>ἀντιδίκους</em></span> <span class='ocrx_word' id='word_1_792' title='bbox 1531 2822 1614 2856; x_wconf 77' lang='grc' dir='ltr'><em>τοὺς</em></span> <span class='ocrx_word' id='word_1_793' title='bbox 1634 2820 1744 2857; x_wconf 80' lang='grc' dir='ltr'><em>αὐτοῦ</em></span> <span class='ocrx_word' id='word_1_794' title='bbox 1762 2825 1825 2865; x_wconf 59' lang='grc' dir='ltr'>ᾗς]</span> <span class='ocrx_word' id='word_1_795' title='bbox 1851 2838 1908 2858; x_wconf 89' lang='lat' dir='ltr'>om.</span> <span class='ocrx_word' id='word_1_796' title='bbox 1925 2825 1965 2857; x_wconf 91' lang='lat' dir='ltr'><em>M</em></span> <span class='ocrx_word' id='word_1_797' title='bbox 1981 2824 1993 2867; x_wconf 92' lang='grc' dir='ltr'>ΙΙ</span> <span class='ocrx_word' id='word_1_798' title='bbox 2010 2824 2063 2866; x_wconf 78' lang='grc' dir='ltr'><em>τῷ</em></span> <span class='ocrx_word' id='word_1_799' title='bbox 2078 2823 2131 2866; x_wconf 80' lang='grc' dir='ltr'>(τὸ</span> <span class='ocrx_word' id='word_1_800' title='bbox 2148 2826 2191 2867; x_wconf 90' lang='lat' dir='ltr'>L)</span> <span class='ocrx_word' id='word_1_801' title='bbox 2206 2827 2332 2869; x_wconf 79' lang='grc' dir='ltr'><em>μηκέτι</em></span> <span class='ocrx_word' id='word_1_802' title='bbox 2344 2846 2386 2851; x_wconf 90' lang='lat'>—-</span> 
     </span>
     <span class='ocr_line' id='line_1_80' title="bbox 1307 2865 2387 2913; baseline 0.003 -11"><span class='ocrx_word' id='word_1_803' title='bbox 1307 2869 1345 2902; x_wconf 89' lang='lat'>31</span> <span class='ocrx_word' id='word_1_804' title='bbox 1372 2865 1463 2913; x_wconf 80' lang='grc' dir='ltr'><em>δίκῃ]</em></span> <span class='ocrx_word' id='word_1_805' title='bbox 1493 2868 1572 2909; x_wconf 85' lang='lat' dir='ltr'>quia</span> <span class='ocrx_word' id='word_1_806' title='bbox 1595 2879 1663 2901; x_wconf 90' lang='lat' dir='ltr'>non</span> <span class='ocrx_word' id='word_1_807' title='bbox 1686 2869 1789 2912; x_wconf 89' lang='lat' dir='ltr'>possit</span> <span class='ocrx_word' id='word_1_808' title='bbox 1812 2880 1832 2902; x_wconf 88' lang='lat' dir='ltr'>a</span> <span class='ocrx_word' id='word_1_809' title='bbox 1856 2869 2074 2902; x_wconf 86' lang='lat' dir='ltr'>condemnato</span> <span class='ocrx_word' id='word_1_810' title='bbox 2098 2872 2243 2903; x_wconf 85' lang='lat' dir='ltr'>exerceri</span> <span class='ocrx_word' id='word_1_811' title='bbox 2267 2872 2303 2904; x_wconf 90' lang='lat' dir='ltr'>in</span> <span class='ocrx_word' id='word_1_812' title='bbox 2329 2874 2387 2905; x_wconf 88' lang='lat' dir='ltr'>tuo</span> 
     </span>
     <span class='ocr_line' id='line_1_81' title="bbox 1306 2912 1642 2950; baseline 0 -5"><span class='ocrx_word' id='word_1_813' title='bbox 1306 2912 1431 2945; x_wconf 89' lang='lat' dir='ltr'>iudicio</span> <span class='ocrx_word' id='word_1_814' title='bbox 1456 2913 1533 2945; x_wconf 83' lang='lat' dir='ltr'>talis</span> <span class='ocrx_word' id='word_1_815' title='bbox 1556 2912 1598 2945; x_wconf 83' lang='lat' dir='ltr'>lis</span> <span class='ocrx_word' id='word_1_816' title='bbox 1622 2925 1642 2950; x_wconf 78' lang='grc' dir='ltr'><em>ς</em></span> 
     </span>
    </p>
   </div>
   <div class='ocr_carea' id='block_1_23' title="bbox 1306 3001 2387 3811">
    <p class='ocr_par' dir='ltr' id='par_1_26' title="bbox 1306 3001 2387 3811">
     <span class='ocr_line' id='line_1_82' title="bbox 1366 3001 2386 3048; baseline 0.002 -12"><span class='ocrx_word' id='word_1_817' title='bbox 1366 3004 1406 3037; x_wconf 85' lang='grc' dir='ltr'>1Ο</span> <span class='ocrx_word' id='word_1_818' title='bbox 1431 3002 1515 3044; x_wconf 89' lang='lat' dir='ltr'>Imp.</span> <span class='ocrx_word' id='word_1_819' title='bbox 1541 3015 1599 3035; x_wconf 86' lang='lat' dir='ltr'>om.</span> <span class='ocrx_word' id='word_1_820' title='bbox 1615 3003 1648 3035; x_wconf 92' lang='lat' dir='ltr'><em>T</em></span> <span class='ocrx_word' id='word_1_821' title='bbox 1669 3001 1682 3046; x_wconf 84' lang='grc' dir='ltr'>ΙΙ</span> <span class='ocrx_word' id='word_1_822' title='bbox 1705 3003 1792 3044; x_wconf 87' lang='lat' dir='ltr'>Aug.</span> <span class='ocrx_word' id='word_1_823' title='bbox 1818 3016 1875 3035; x_wconf 89' lang='lat' dir='ltr'>om.</span> <span class='ocrx_word' id='word_1_824' title='bbox 1891 3004 1924 3036; x_wconf 85' lang='lat' dir='ltr'><strong><em>R</em></strong></span> <span class='ocrx_word' id='word_1_825' title='bbox 1950 3002 1962 3047; x_wconf 78' lang='lat' dir='ltr'>ss</span> <span class='ocrx_word' id='word_1_826' title='bbox 1986 3006 2054 3046; x_wconf 89' lang='lat' dir='ltr'>pp.]</span> <span class='ocrx_word' id='word_1_827' title='bbox 2080 3008 2220 3047; x_wconf 62' lang='lat' dir='ltr'>§porum</span> <span class='ocrx_word' id='word_1_828' title='bbox 2242 3006 2275 3038; x_wconf 95' lang='lat' dir='ltr'><strong><em>V</em></strong></span> <span class='ocrx_word' id='word_1_829' title='bbox 2291 3016 2386 3048; x_wconf 88' lang='lat' dir='ltr'>prae-</span> 
     </span>
     <span class='ocr_line' id='line_1_83' title="bbox 1306 3045 2387 3095; baseline 0.003 -15"><span class='ocrx_word' id='word_1_830' title='bbox 1306 3047 1489 3090; x_wconf 86' lang='lat' dir='ltr'>positorum</span> <span class='ocrx_word' id='word_1_831' title='bbox 1506 3047 1537 3080; x_wconf 92' lang='grc' dir='ltr'><em>Τ</em></span> <span class='ocrx_word' id='word_1_832' title='bbox 1544 3045 1557 3091; x_wconf 81' lang='grc' dir='ltr'>Η</span> <span class='ocrx_word' id='word_1_833' title='bbox 1570 3057 1697 3079; x_wconf 85' lang='lat' dir='ltr'>excons.</span> <span class='ocrx_word' id='word_1_834' title='bbox 1712 3048 1745 3080; x_wconf 88' lang='lat' dir='ltr'><em>R</em></span> <span class='ocrx_word' id='word_1_835' title='bbox 1756 3049 1789 3080; x_wconf 90' lang='lat' dir='ltr'><strong><em>V</em></strong></span> <span class='ocrx_word' id='word_1_836' title='bbox 1804 3059 1871 3080; x_wconf 82' lang='lat' dir='ltr'>exc.</span> <span class='ocrx_word' id='word_1_837' title='bbox 1888 3049 1920 3080; x_wconf 91' lang='lat' dir='ltr'><em>T</em></span> <span class='ocrx_word' id='word_1_838' title='bbox 1933 3048 1945 3091; x_wconf 86' lang='grc' dir='ltr'>ΙΙ</span> <span class='ocrx_word' id='word_1_839' title='bbox 1966 3050 2002 3082; x_wconf 96' lang='grc'>11</span> <span class='ocrx_word' id='word_1_840' title='bbox 2019 3049 2206 3082; x_wconf 85' lang='lat' dir='ltr'>ordinarios</span> <span class='ocrx_word' id='word_1_841' title='bbox 2218 3051 2251 3083; x_wconf 81' lang='lat' dir='ltr'><em>R</em></span> <span class='ocrx_word' id='word_1_842' title='bbox 2274 3062 2322 3083; x_wconf 90' lang='lat' dir='ltr'>or.</span> <span class='ocrx_word' id='word_1_843' title='bbox 2335 3051 2387 3095; x_wconf 77' lang='grc' dir='ltr'>ΤΙΙ</span> 
     </span>
     <span class='ocr_line' id='line_1_84' title="bbox 1307 3092 2386 3138; baseline 0.003 -13"><span class='ocrx_word' id='word_1_844' title='bbox 1307 3096 1406 3136; x_wconf 88' lang='lat' dir='ltr'>atque</span> <span class='ocrx_word' id='word_1_845' title='bbox 1421 3094 1452 3125; x_wconf 81' lang='lat' dir='ltr'><em>R</em></span> <span class='ocrx_word' id='word_1_846' title='bbox 1462 3093 1506 3133; x_wconf 96' lang='lat' dir='ltr'>V]</span> <span class='ocrx_word' id='word_1_847' title='bbox 1524 3105 1582 3125; x_wconf 88' lang='lat' dir='ltr'>om.</span> <span class='ocrx_word' id='word_1_848' title='bbox 1595 3093 1627 3125; x_wconf 87' lang='lat' dir='ltr'><em>T</em></span> <span class='ocrx_word' id='word_1_849' title='bbox 1648 3094 1680 3124; x_wconf 83' lang='lat' dir='ltr'>et</span> <span class='ocrx_word' id='word_1_850' title='bbox 1693 3094 1777 3136; x_wconf 76' lang='lat' dir='ltr'>vuly.</span> <span class='ocrx_word' id='word_1_851' title='bbox 1795 3092 1807 3136; x_wconf 88' lang='grc' dir='ltr'>ΙΙ</span> <span class='ocrx_word' id='word_1_852' title='bbox 1826 3093 1979 3135; x_wconf 80' lang='lat' dir='ltr'>patritios</span> <span class='ocrx_word' id='word_1_853' title='bbox 1992 3094 2025 3126; x_wconf 85' lang='lat' dir='ltr'><em>R</em></span> <span class='ocrx_word' id='word_1_854' title='bbox 2048 3094 2137 3137; x_wconf 85' lang='lat' dir='ltr'>patri</span> <span class='ocrx_word' id='word_1_855' title='bbox 2151 3096 2183 3128; x_wconf 94' lang='lat' dir='ltr'><em>T</em></span> <span class='ocrx_word' id='word_1_856' title='bbox 2196 3095 2208 3138; x_wconf 89' lang='grc' dir='ltr'>ΙΙ</span> <span class='ocrx_word' id='word_1_857' title='bbox 2229 3097 2268 3129; x_wconf 93' lang='grc'>13</span> <span class='ocrx_word' id='word_1_858' title='bbox 2282 3096 2386 3128; x_wconf 87' lang='lat' dir='ltr'>inter-</span> 
     </span>
     <span class='ocr_line' id='line_1_85' title="bbox 1306 3137 2384 3180; baseline 0.005 -10"><span class='ocrx_word' id='word_1_859' title='bbox 1306 3137 1503 3180; x_wconf 84' lang='lat' dir='ltr'>pellationes</span> <span class='ocrx_word' id='word_1_860' title='bbox 1516 3139 1585 3177; x_wconf 87' lang='lat' dir='ltr'>cet.]</span> <span class='ocrx_word' id='word_1_861' title='bbox 1610 3148 1689 3170; x_wconf 85' lang='lat' dir='ltr'>ones</span> <span class='ocrx_word' id='word_1_862' title='bbox 1713 3156 1756 3161; x_wconf 91' lang='lat'>—-</span> <span class='ocrx_word' id='word_1_863' title='bbox 1784 3138 1824 3171; x_wconf 89' lang='lat'>18</span> <span class='ocrx_word' id='word_1_864' title='bbox 1848 3137 2110 3180; x_wconf 81' lang='lat' dir='ltr'>appellationum</span> <span class='ocrx_word' id='word_1_865' title='bbox 2132 3152 2193 3173; x_wconf 86' lang='lat' dir='ltr'>scr.</span> <span class='ocrx_word' id='word_1_866' title='bbox 2207 3141 2257 3173; x_wconf 79' lang='lat' dir='ltr'>R²</span> <span class='ocrx_word' id='word_1_867' title='bbox 2272 3142 2305 3174; x_wconf 83' lang='lat' dir='ltr'>in</span> <span class='ocrx_word' id='word_1_868' title='bbox 2318 3154 2384 3175; x_wconf 85' lang='lat' dir='ltr'>ras.</span> 
     </span>
     <span class='ocr_line' id='line_1_86' title="bbox 1307 3182 2383 3228; baseline 0.001 -11"><span class='ocrx_word' id='word_1_869' title='bbox 1307 3185 1325 3217; x_wconf 89' lang='lat'><strong>3</strong></span> <span class='ocrx_word' id='word_1_870' title='bbox 1342 3182 1419 3226; x_wconf 68' lang='lat' dir='ltr'>²211.ss</span> <span class='ocrx_word' id='word_1_871' title='bbox 1448 3184 1489 3216; x_wconf 91' lang='grc'>14</span> <span class='ocrx_word' id='word_1_872' title='bbox 1512 3182 1715 3215; x_wconf 86' lang='lat' dir='ltr'>occasionem</span> <span class='ocrx_word' id='word_1_873' title='bbox 1740 3183 1772 3215; x_wconf 92' lang='lat' dir='ltr'><em>T</em></span> <span class='ocrx_word' id='word_1_874' title='bbox 1793 3182 1805 3225; x_wconf 80' lang='grc' dir='ltr'>ΙΙ</span> <span class='ocrx_word' id='word_1_875' title='bbox 1836 3184 1876 3217; x_wconf 90' lang='grc'><strong>16</strong></span> <span class='ocrx_word' id='word_1_876' title='bbox 1894 3183 2061 3216; x_wconf 88' lang='lat' dir='ltr'>uolentem</span> <span class='ocrx_word' id='word_1_877' title='bbox 2082 3185 2133 3217; x_wconf 83' lang='lat' dir='ltr'>Va</span> <span class='ocrx_word' id='word_1_878' title='bbox 2151 3183 2164 3227; x_wconf 81' lang='lat' dir='ltr'>ss</span> <span class='ocrx_word' id='word_1_879' title='bbox 2187 3185 2383 3228; x_wconf 84' lang='lat' dir='ltr'>appellatio-</span> 
     </span>
     <span class='ocr_line' id='line_1_87' title="bbox 1307 3226 2383 3274; baseline 0.003 -13"><span class='ocrx_word' id='word_1_880' title='bbox 1307 3239 1382 3261; x_wconf 89' lang='lat' dir='ltr'>nem</span> <span class='ocrx_word' id='word_1_881' title='bbox 1401 3229 1433 3261; x_wconf 92' lang='lat' dir='ltr'><em>T</em></span> <span class='ocrx_word' id='word_1_882' title='bbox 1451 3226 1672 3270; x_wconf 50' lang='lat' dir='ltr'>appellatione</span> <span class='ocrx_word' id='word_1_883' title='bbox 1697 3227 1747 3259; x_wconf 93' lang='lat' dir='ltr'>V¹</span> <span class='ocrx_word' id='word_1_884' title='bbox 1772 3226 1785 3270; x_wconf 82' lang='grc' dir='ltr'>ΙΙ</span> <span class='ocrx_word' id='word_1_885' title='bbox 1814 3229 1853 3262; x_wconf 89' lang='grc'>19</span> <span class='ocrx_word' id='word_1_886' title='bbox 1878 3228 2004 3269; x_wconf 87' lang='lat' dir='ltr'>cadere]</span> <span class='ocrx_word' id='word_1_887' title='bbox 2030 3229 2141 3261; x_wconf 88' lang='lat' dir='ltr'>eadem</span> <span class='ocrx_word' id='word_1_888' title='bbox 2164 3230 2211 3262; x_wconf 85' lang='lat' dir='ltr'>V¹</span> <span class='ocrx_word' id='word_1_889' title='bbox 2232 3230 2244 3274; x_wconf 78' lang='lat' dir='ltr'>ss</span> <span class='ocrx_word' id='word_1_890' title='bbox 2269 3234 2301 3262; x_wconf 88' lang='lat' dir='ltr'>et</span> <span class='ocrx_word' id='word_1_891' title='bbox 2326 3244 2383 3264; x_wconf 88' lang='lat' dir='ltr'>om.</span> 
     </span>
     <span class='ocr_line' id='line_1_88' title="bbox 1306 3271 2385 3315; baseline 0.005 -12"><span class='ocrx_word' id='word_1_892' title='bbox 1306 3274 1356 3306; x_wconf 86' lang='lat' dir='ltr'>R¹</span> <span class='ocrx_word' id='word_1_893' title='bbox 1375 3274 1386 3315; x_wconf 77' lang='grc' dir='ltr'>Η</span> <span class='ocrx_word' id='word_1_894' title='bbox 1409 3274 1450 3307; x_wconf 85' lang='grc'><strong>20</strong></span> <span class='ocrx_word' id='word_1_895' title='bbox 1477 3273 1643 3313; x_wconf 81' lang='lat' dir='ltr'>utrimque</span> <span class='ocrx_word' id='word_1_896' title='bbox 1667 3271 1744 3315; x_wconf 78' lang='lat' dir='ltr'>R211</span> <span class='ocrx_word' id='word_1_897' title='bbox 1772 3274 1809 3306; x_wconf 86' lang='lat'>21</span> <span class='ocrx_word' id='word_1_898' title='bbox 1834 3273 1998 3305; x_wconf 80' lang='lat' dir='ltr'>sententia</span> <span class='ocrx_word' id='word_1_899' title='bbox 2019 3274 2069 3306; x_wconf 87' lang='lat' dir='ltr'>V¹</span> <span class='ocrx_word' id='word_1_900' title='bbox 2093 3274 2164 3306; x_wconf 89' lang='lat' dir='ltr'>fieri</span> <span class='ocrx_word' id='word_1_901' title='bbox 2185 3276 2385 3308; x_wconf 77' lang='lat' dir='ltr'>sententiam</span> 
     </span>
     <span class='ocr_line' id='line_1_89' title="bbox 1307 3317 2385 3361; baseline 0.003 -10"><span class='ocrx_word' id='word_1_902' title='bbox 1307 3320 1385 3361; x_wconf 69' lang='lat' dir='ltr'>Rau</span> <span class='ocrx_word' id='word_1_903' title='bbox 1412 3317 1609 3360; x_wconf 84' lang='lat' dir='ltr'>Hisychium</span> <span class='ocrx_word' id='word_1_904' title='bbox 1633 3319 1756 3357; x_wconf 78' lang='lat' dir='ltr'>autem]</span> <span class='ocrx_word' id='word_1_905' title='bbox 1787 3317 1967 3350; x_wconf 80' lang='lat' dir='ltr'>histichum</span> <span class='ocrx_word' id='word_1_906' title='bbox 1991 3320 2101 3351; x_wconf 81' lang='lat' dir='ltr'>autem</span> <span class='ocrx_word' id='word_1_907' title='bbox 2126 3320 2238 3352; x_wconf 88' lang='lat' dir='ltr'>chium</span> <span class='ocrx_word' id='word_1_908' title='bbox 2259 3321 2329 3353; x_wconf 90' lang='lat' dir='ltr'>eius</span> <span class='ocrx_word' id='word_1_909' title='bbox 2354 3322 2385 3354; x_wconf 80' lang='lat' dir='ltr'><em>R</em></span> 
     </span>
     <span class='ocr_line' id='line_1_90' title="bbox 1306 3362 2384 3406; baseline 0.003 -10"><span class='ocrx_word' id='word_1_910' title='bbox 1306 3363 1455 3406; x_wconf 85' lang='lat' dir='ltr'>sychium</span> <span class='ocrx_word' id='word_1_911' title='bbox 1472 3365 1582 3396; x_wconf 85' lang='lat' dir='ltr'>autem</span> <span class='ocrx_word' id='word_1_912' title='bbox 1599 3362 1707 3394; x_wconf 80' lang='lat' dir='ltr'>thium</span> <span class='ocrx_word' id='word_1_913' title='bbox 1729 3363 1775 3395; x_wconf 84' lang='lat' dir='ltr'>eis</span> <span class='ocrx_word' id='word_1_914' title='bbox 1796 3363 1830 3395; x_wconf 92' lang='lat' dir='ltr'><strong><em>V</em></strong></span> <span class='ocrx_word' id='word_1_915' title='bbox 1844 3362 2020 3396; x_wconf 87' lang='lat' dir='ltr'>insithium</span> <span class='ocrx_word' id='word_1_916' title='bbox 2037 3367 2147 3396; x_wconf 84' lang='lat' dir='ltr'>autem</span> <span class='ocrx_word' id='word_1_917' title='bbox 2170 3365 2241 3398; x_wconf 87' lang='lat' dir='ltr'>eius</span> <span class='ocrx_word' id='word_1_918' title='bbox 2263 3366 2295 3398; x_wconf 92' lang='lat' dir='ltr'><em>T</em></span> <span class='ocrx_word' id='word_1_919' title='bbox 2314 3366 2384 3398; x_wconf 88' lang='lat' dir='ltr'>He-</span> 
     </span>
     <span class='ocr_line' id='line_1_91' title="bbox 1308 3408 2383 3452; baseline 0.002 -10"><span class='ocrx_word' id='word_1_920' title='bbox 1308 3409 1459 3452; x_wconf 84' lang='lat' dir='ltr'>sychium</span> <span class='ocrx_word' id='word_1_921' title='bbox 1475 3412 1584 3440; x_wconf 84' lang='lat' dir='ltr'>autem</span> <span class='ocrx_word' id='word_1_922' title='bbox 1602 3408 1688 3450; x_wconf 73' lang='lat' dir='ltr'>vuly.</span> <span class='ocrx_word' id='word_1_923' title='bbox 1715 3408 1919 3450; x_wconf 84' lang='lat' dir='ltr'>Hesychium</span> <span class='ocrx_word' id='word_1_924' title='bbox 1936 3411 2046 3441; x_wconf 84' lang='lat' dir='ltr'>autem</span> <span class='ocrx_word' id='word_1_925' title='bbox 2063 3410 2170 3442; x_wconf 89' lang='lat' dir='ltr'>thium</span> <span class='ocrx_word' id='word_1_926' title='bbox 2183 3411 2218 3451; x_wconf 89' lang='lat' dir='ltr'>(i.</span> <span class='ocrx_word' id='word_1_927' title='bbox 2227 3424 2252 3443; x_wconf 90' lang='lat' dir='ltr'>e.</span> <span class='ocrx_word' id='word_1_928' title='bbox 2268 3410 2383 3452; x_wconf 83' lang='grc' dir='ltr'><em>θεῖον,</em></span> 
     </span>
     <span class='ocr_line' id='line_1_92' title="bbox 1308 3452 2385 3499; baseline 0.004 -13"><span class='ocrx_word' id='word_1_929' title='bbox 1308 3458 1349 3496; x_wconf 84' lang='lat' dir='ltr'>cs.</span> <span class='ocrx_word' id='word_1_930' title='bbox 1377 3467 1448 3487; x_wconf 83' lang='lat' dir='ltr'>nov.</span> <span class='ocrx_word' id='word_1_931' title='bbox 1476 3452 1642 3487; x_wconf 81' lang='lat' dir='ltr'>CXVIII</span> <span class='ocrx_word' id='word_1_932' title='bbox 1669 3465 1694 3485; x_wconf 91' lang='lat' dir='ltr'>c.</span> <span class='ocrx_word' id='word_1_933' title='bbox 1722 3454 1754 3494; x_wconf 88' lang='grc'>3)</span> <span class='ocrx_word' id='word_1_934' title='bbox 1786 3452 1856 3485; x_wconf 83' lang='lat' dir='ltr'>eius</span> <span class='ocrx_word' id='word_1_935' title='bbox 1886 3465 1924 3486; x_wconf 75' lang='lat' dir='ltr'>esc</span> <span class='ocrx_word' id='word_1_936' title='bbox 1960 3454 2206 3499; x_wconf 77' lang='lat' dir='ltr'>Osenbru’qqeni</span> <span class='ocrx_word' id='word_1_937' title='bbox 2234 3457 2385 3499; x_wconf 81' lang='lat' dir='ltr'>opinione</span> 
     </span>
     <span class='ocr_line' id='line_1_93' title="bbox 1311 3497 2385 3546; baseline 0.001 -14"><span class='ocrx_word' id='word_1_938' title='bbox 1311 3499 1487 3532; x_wconf 83' lang='lat' dir='ltr'>Heimbaclz</span> <span class='ocrx_word' id='word_1_939' title='bbox 1503 3499 1514 3538; x_wconf 81' lang='grc' dir='ltr'>ΙΙ</span> <span class='ocrx_word' id='word_1_940' title='bbox 1535 3499 1575 3531; x_wconf 86' lang='grc'><strong>23</strong></span> <span class='ocrx_word' id='word_1_941' title='bbox 1593 3497 1718 3529; x_wconf 85' lang='lat' dir='ltr'>dictum</span> <span class='ocrx_word' id='word_1_942' title='bbox 1748 3498 1979 3542; x_wconf 76' lang='lat' dir='ltr'>Osenbrit‘yyen</span> <span class='ocrx_word' id='word_1_943' title='bbox 2003 3499 2105 3532; x_wconf 85' lang='lat' dir='ltr'>deleto</span> <span class='ocrx_word' id='word_1_944' title='bbox 2128 3513 2195 3534; x_wconf 85' lang='lat' dir='ltr'>voc.</span> <span class='ocrx_word' id='word_1_945' title='bbox 2221 3501 2361 3534; x_wconf 82' lang='lat' dir='ltr'>eundem</span> <span class='ocrx_word' id='word_1_946' title='bbox 2373 3501 2385 3546; x_wconf 62' lang='lat' dir='ltr'>{ff</span> 
     </span>
     <span class='ocr_line' id='line_1_94' title="bbox 1307 3542 2383 3588; baseline 0.003 -12"><span class='ocrx_word' id='word_1_947' title='bbox 1307 3543 1469 3588; x_wconf 88' lang='lat' dir='ltr'>ysichium</span> <span class='ocrx_word' id='word_1_948' title='bbox 1487 3543 1563 3576; x_wconf 79' lang='lat' dir='ltr'>RV</span> <span class='ocrx_word' id='word_1_949' title='bbox 1586 3542 1762 3575; x_wconf 83' lang='lat' dir='ltr'>insithium</span> <span class='ocrx_word' id='word_1_950' title='bbox 1785 3544 1818 3576; x_wconf 91' lang='lat' dir='ltr'><em>T</em></span> <span class='ocrx_word' id='word_1_951' title='bbox 1842 3543 2045 3586; x_wconf 85' lang='lat' dir='ltr'>Hesychium</span> <span class='ocrx_word' id='word_1_952' title='bbox 2068 3546 2155 3588; x_wconf 80' lang='lat' dir='ltr'>vulq.</span> <span class='ocrx_word' id='word_1_953' title='bbox 2172 3544 2185 3588; x_wconf 86' lang='grc' dir='ltr'>ΙΙ</span> <span class='ocrx_word' id='word_1_954' title='bbox 2210 3547 2253 3579; x_wconf 85' lang='grc'><strong>24</strong></span> <span class='ocrx_word' id='word_1_955' title='bbox 2276 3547 2383 3579; x_wconf 81' lang='lat' dir='ltr'>conti-</span> 
     </span>
     <span class='ocr_line' id='line_1_95' title="bbox 1307 3587 2384 3631; baseline 0.004 -10"><span class='ocrx_word' id='word_1_956' title='bbox 1307 3591 1392 3630; x_wconf 87' lang='lat' dir='ltr'>gisse</span> <span class='ocrx_word' id='word_1_957' title='bbox 1418 3589 1512 3621; x_wconf 80' lang='lat' dir='ltr'>Beck</span> <span class='ocrx_word' id='word_1_958' title='bbox 1530 3587 1542 3631; x_wconf 78' lang='lat' dir='ltr'>ss</span> <span class='ocrx_word' id='word_1_959' title='bbox 1557 3598 1689 3620; x_wconf 88' lang='lat' dir='ltr'>recurre</span> <span class='ocrx_word' id='word_1_960' title='bbox 1716 3588 1748 3621; x_wconf 92' lang='lat' dir='ltr'><em>T</em></span> <span class='ocrx_word' id='word_1_961' title='bbox 1765 3587 1778 3631; x_wconf 73' lang='grc' dir='ltr'>ΙΙ</span> <span class='ocrx_word' id='word_1_962' title='bbox 1805 3589 1846 3622; x_wconf 86' lang='grc'><strong>25</strong></span> <span class='ocrx_word' id='word_1_963' title='bbox 1872 3591 2041 3621; x_wconf 81' lang='lat' dir='ltr'>exercetur</span> <span class='ocrx_word' id='word_1_964' title='bbox 2065 3590 2152 3631; x_wconf 86' lang='lat' dir='ltr'>RV]</span> <span class='ocrx_word' id='word_1_965' title='bbox 2178 3596 2384 3625; x_wconf 83' lang='lat' dir='ltr'>exerceretur</span> 
     </span>
     <span class='ocr_line' id='line_1_96' title="bbox 1310 3632 2384 3679; baseline 0.004 -12"><span class='ocrx_word' id='word_1_966' title='bbox 1310 3635 1435 3677; x_wconf 73' lang='lat' dir='ltr'>Tvuly.</span> <span class='ocrx_word' id='word_1_967' title='bbox 1454 3633 1466 3677; x_wconf 88' lang='grc' dir='ltr'>ΙΙ</span> <span class='ocrx_word' id='word_1_968' title='bbox 1484 3635 1524 3667; x_wconf 82' lang='grc'><strong>27</strong></span> <span class='ocrx_word' id='word_1_969' title='bbox 1550 3643 1722 3665; x_wconf 90' lang='lat' dir='ltr'>commune</span> <span class='ocrx_word' id='word_1_970' title='bbox 1743 3632 1792 3667; x_wconf 87' lang='lat' dir='ltr'>V¹</span> <span class='ocrx_word' id='word_1_971' title='bbox 1811 3634 1822 3674; x_wconf 85' lang='grc' dir='ltr'>ΙΙ</span> <span class='ocrx_word' id='word_1_972' title='bbox 1847 3635 1888 3667; x_wconf 87' lang='grc'><strong>28</strong></span> <span class='ocrx_word' id='word_1_973' title='bbox 1913 3633 2094 3675; x_wconf 79' lang='lat' dir='ltr'>neglegisse</span> <span class='ocrx_word' id='word_1_974' title='bbox 2114 3634 2171 3679; x_wconf 84' lang='lat' dir='ltr'>Vss</span> <span class='ocrx_word' id='word_1_975' title='bbox 2197 3637 2238 3670; x_wconf 86' lang='grc'>29</span> <span class='ocrx_word' id='word_1_976' title='bbox 2263 3637 2384 3670; x_wconf 83' lang='lat' dir='ltr'>electos</span> 
     </span>
     <span class='ocr_line' id='line_1_97' title="bbox 1309 3677 2382 3725; baseline 0.003 -13"><span class='ocrx_word' id='word_1_977' title='bbox 1309 3681 1341 3713; x_wconf 81' lang='lat' dir='ltr'>in</span> <span class='ocrx_word' id='word_1_978' title='bbox 1367 3691 1432 3712; x_wconf 81' lang='lat' dir='ltr'>ras.</span> <span class='ocrx_word' id='word_1_979' title='bbox 1454 3678 1504 3711; x_wconf 78' lang='lat' dir='ltr'>R²</span> <span class='ocrx_word' id='word_1_980' title='bbox 1520 3677 1533 3721; x_wconf 85' lang='grc' dir='ltr'>ΙΙ</span> <span class='ocrx_word' id='word_1_981' title='bbox 1557 3681 1748 3721; x_wconf 82' lang='lat' dir='ltr'>persecutus</span> <span class='ocrx_word' id='word_1_982' title='bbox 1773 3678 1821 3711; x_wconf 77' lang='lat' dir='ltr'>R²</span> <span class='ocrx_word' id='word_1_983' title='bbox 1839 3677 1851 3722; x_wconf 76' lang='lat' dir='ltr'>ss</span> <span class='ocrx_word' id='word_1_984' title='bbox 1875 3680 1915 3713; x_wconf 88' lang='grc'>31</span> <span class='ocrx_word' id='word_1_985' title='bbox 1943 3679 2033 3721; x_wconf 89' lang='lat' dir='ltr'>quia]</span> <span class='ocrx_word' id='word_1_986' title='bbox 2059 3690 2157 3721; x_wconf 89' lang='lat' dir='ltr'>quam</span> <span class='ocrx_word' id='word_1_987' title='bbox 2184 3681 2228 3714; x_wconf 91' lang='lat' dir='ltr'>T¹</span> <span class='ocrx_word' id='word_1_988' title='bbox 2242 3681 2255 3725; x_wconf 86' lang='grc' dir='ltr'>ΙΙ</span> <span class='ocrx_word' id='word_1_989' title='bbox 2281 3693 2300 3714; x_wconf 86' lang='lat' dir='ltr'>a</span> <span class='ocrx_word' id='word_1_990' title='bbox 2323 3695 2382 3715; x_wconf 88' lang='lat' dir='ltr'>om.</span> 
     </span>
     <span class='ocr_line' id='line_1_98' title="bbox 1310 3723 2382 3769; baseline 0.004 -12"><span class='ocrx_word' id='word_1_991' title='bbox 1310 3724 1415 3757; x_wconf 79' lang='lat' dir='ltr'>R¹V¹</span> <span class='ocrx_word' id='word_1_992' title='bbox 1431 3723 1443 3767; x_wconf 71' lang='lat'>11</span> <span class='ocrx_word' id='word_1_993' title='bbox 1463 3725 1504 3758; x_wconf 86' lang='lat'>32</span> <span class='ocrx_word' id='word_1_994' title='bbox 1525 3723 1567 3756; x_wconf 85' lang='lat' dir='ltr'>lis</span> <span class='ocrx_word' id='word_1_995' title='bbox 1591 3737 1648 3757; x_wconf 89' lang='lat' dir='ltr'>om.</span> <span class='ocrx_word' id='word_1_996' title='bbox 1668 3723 1716 3757; x_wconf 91' lang='lat' dir='ltr'>T¹</span> <span class='ocrx_word' id='word_1_997' title='bbox 1733 3723 1744 3767; x_wconf 82' lang='grc' dir='ltr'>ΙΙ</span> <span class='ocrx_word' id='word_1_998' title='bbox 1763 3724 1829 3765; x_wconf 89' lang='lat' dir='ltr'>sed]</span> <span class='ocrx_word' id='word_1_999' title='bbox 1855 3726 1887 3757; x_wconf 76' lang='lat' dir='ltr'>et</span> <span class='ocrx_word' id='word_1_1000' title='bbox 1903 3724 1951 3757; x_wconf 65' lang='lat'>12¹</span> <span class='ocrx_word' id='word_1_1001' title='bbox 1967 3725 1979 3768; x_wconf 77' lang='grc' dir='ltr'><strong>Η</strong></span> <span class='ocrx_word' id='word_1_1002' title='bbox 1998 3727 2164 3767; x_wconf 86' lang='lat' dir='ltr'>oporteret</span> <span class='ocrx_word' id='word_1_1003' title='bbox 2185 3726 2261 3768; x_wconf 92' lang='lat' dir='ltr'>VT]</span> <span class='ocrx_word' id='word_1_1004' title='bbox 2286 3738 2382 3769; x_wconf 90' lang='lat' dir='ltr'>opor—</span> 
     </span>
     <span class='ocr_line' id='line_1_99' title="bbox 1309 3769 1667 3811; baseline -0.003 -9"><span class='ocrx_word' id='word_1_1005' title='bbox 1309 3772 1358 3802; x_wconf 78' lang='lat' dir='ltr'>tet</span> <span class='ocrx_word' id='word_1_1006' title='bbox 1380 3770 1413 3802; x_wconf 84' lang='lat' dir='ltr'><strong><em>R</em></strong></span> <span class='ocrx_word' id='word_1_1007' title='bbox 1448 3771 1600 3811; x_wconf 79' lang='lat' dir='ltr'>oportere</span> <span class='ocrx_word' id='word_1_1008' title='bbox 1624 3769 1667 3802; x_wconf 85' lang='lat' dir='ltr'>al.</span> 
     </span>
    </p>
   </div>
   <div class='ocr_carea' id='block_1_24' title="bbox 2040 3826 2106 3860">
    <p class='ocr_par' dir='ltr' id='par_1_27' title="bbox 2040 3826 2106 3860">
     <span class='ocr_line' id='line_1_100' title="bbox 2040 3826 2106 3860; baseline 0.015 -1"><span class='ocrx_word' id='word_1_1009' title='bbox 2040 3826 2106 3860; x_wconf 85' lang='lat'>58*</span> 
     </span>
    </p>
   </div>
  </div>
 </body>
</html>
