<?xml version="1.0" encoding="UTF-8"?>
<!DOCTYPE html PUBLIC "-//W3C//DTD XHTML 1.0 Transitional//EN"
    "http://www.w3.org/TR/xhtml1/DTD/xhtml1-transitional.dtd">
<html xmlns="http://www.w3.org/1999/xhtml" xml:lang="en" lang="en">
 <head>
  <title>
</title>
<meta http-equiv="Content-Type" content="text/html;charset=utf-8" />
  <meta name='ocr-system' content='tesseract 3.04.00' />
  <meta name='ocr-capabilities' content='ocr_page ocr_carea ocr_par ocr_line ocrx_word'/>
</head>
<body>
  <div class='ocr_page' id='page_1' title='image "./corpusiuriscivil03krueuoft_0096.png"; bbox 0 0 2618 4010; ppageno 0'>
   <div class='ocr_carea' id='block_1_1' title="bbox 261 113 1386 180">
    <p class='ocr_par' dir='ltr' id='par_1_1' title="bbox 261 113 1386 180">
     <span class='ocr_line' id='line_1_1' title="bbox 261 113 1386 180; baseline -0.002 -12"><span class='ocrx_word' id='word_1_1' title='bbox 261 125 368 170; x_wconf 79' lang='lat' dir='ltr'><strong>Nov.</strong></span> <span class='ocrx_word' id='word_1_2' title='bbox 399 125 495 168; x_wconf 85' lang='lat' dir='ltr'><strong>vm</strong></span> <span class='ocrx_word' id='word_1_3' title='bbox 523 138 583 180; x_wconf 82' lang='lat' dir='ltr'><strong>pr.</strong></span> <span class='ocrx_word' id='word_1_4' title='bbox 1332 113 1386 166; x_wconf 78' lang='grc'><strong>66</strong></span> 
     </span>
    </p>
   </div>
   <div class='ocr_carea' id='block_1_2' title="bbox 1159 181 1276 186">
    <p class='ocr_par' dir='ltr' id='par_1_2' title="bbox 1159 181 1276 186">
     <span class='ocr_line' id='line_1_2' title="bbox 1159 181 1276 186; baseline 0 0"><span class='ocrx_word' id='word_1_5' title='bbox 1159 181 1276 186; x_wconf 95' lang='lat' dir='ltr'><strong> </strong></span> 
     </span>
    </p>
   </div>
   <div class='ocr_carea' id='block_1_3' title="bbox 258 230 1332 422">
    <p class='ocr_par' dir='ltr' id='par_1_3' title="bbox 258 230 1332 422">
     <span class='ocr_line' id='line_1_3' title="bbox 261 230 1331 280; baseline -0.004 -10"><span class='ocrx_word' id='word_1_6' title='bbox 261 233 575 278; x_wconf 72' lang='grc' dir='ltr'><strong><em>ἐλαττωθήσεται·</em></strong></span> <span class='ocrx_word' id='word_1_7' title='bbox 608 230 632 268; x_wconf 74' lang='grc' dir='ltr'><em>ἃ</em></span> <span class='ocrx_word' id='word_1_8' title='bbox 667 232 734 280; x_wconf 80' lang='grc' dir='ltr'><strong><em>γὰρ</em></strong></span> <span class='ocrx_word' id='word_1_9' title='bbox 769 231 875 279; x_wconf 78' lang='grc' dir='ltr'><strong><em>ἐχρῆν</em></strong></span> <span class='ocrx_word' id='word_1_10' title='bbox 907 234 956 269; x_wconf 79' lang='grc' dir='ltr'><strong><em>εἰς</em></strong></span> <span class='ocrx_word' id='word_1_11' title='bbox 989 232 1031 268; x_wconf 81' lang='grc' dir='ltr'><strong>τὸ</strong></span> <span class='ocrx_word' id='word_1_12' title='bbox 1063 231 1236 278; x_wconf 86' lang='grc' dir='ltr'><strong><em>δημόσιον</em></strong></span> <span class='ocrx_word' id='word_1_13' title='bbox 1269 233 1331 267; x_wconf 78' lang='grc' dir='ltr'><strong><em>εἰς·</em></strong></span> 
     </span>
     <span class='ocr_line' id='line_1_4' title="bbox 261 275 1332 325; baseline -0.003 -10"><span class='ocrx_word' id='word_1_14' title='bbox 261 282 438 323; x_wconf 74' lang='grc' dir='ltr'><strong><em>αχθῆναι,</em></strong></span> <span class='ocrx_word' id='word_1_15' title='bbox 466 280 528 314; x_wconf 85' lang='grc' dir='ltr'><strong>τοῦ</strong></span> <span class='ocrx_word' id='word_1_16' title='bbox 552 278 620 321; x_wconf 84' lang='grc' dir='ltr'><strong>τὴν</strong></span> <span class='ocrx_word' id='word_1_17' title='bbox 642 275 753 325; x_wconf 74' lang='grc' dir='ltr'><strong><em>ἀρχὴν</em></strong></span> <span class='ocrx_word' id='word_1_18' title='bbox 775 281 916 322; x_wconf 74' lang='grc' dir='ltr'><strong><em>ἔχοντος</em></strong></span> <span class='ocrx_word' id='word_1_19' title='bbox 938 279 1119 325; x_wconf 76' lang='grc' dir='ltr'><strong><em>καθἀραῐς</em></strong></span> <span class='ocrx_word' id='word_1_20' title='bbox 1149 281 1332 324; x_wconf 77' lang='grc' dir='ltr'><em>χρωμένου</em></span> 
     </span>
     <span class='ocr_line' id='line_1_5' title="bbox 258 321 1332 370; baseline -0.003 -10"><span class='ocrx_word' id='word_1_21' title='bbox 258 329 337 360; x_wconf 84' lang='grc' dir='ltr'><strong><em>ταῖς</em></strong></span> <span class='ocrx_word' id='word_1_22' title='bbox 365 328 480 370; x_wconf 85' lang='grc' dir='ltr'><strong><em>χερσί,</em></strong></span> <span class='ocrx_word' id='word_1_23' title='bbox 510 325 625 358; x_wconf 86' lang='grc' dir='ltr'><strong><em>ταῦτα</em></strong></span> <span class='ocrx_word' id='word_1_24' title='bbox 655 325 705 357; x_wconf 83' lang='grc' dir='ltr'><strong><em>εἰς</em></strong></span> <span class='ocrx_word' id='word_1_25' title='bbox 733 322 802 367; x_wconf 89' lang='grc' dir='ltr'><strong>τὴν</strong></span> <span class='ocrx_word' id='word_1_26' title='bbox 822 325 958 358; x_wconf 77' lang='grc' dir='ltr'><strong><em>οἰκείαν</em></strong></span> <span class='ocrx_word' id='word_1_27' title='bbox 981 324 1184 370; x_wconf 73' lang='grc' dir='ltr'><strong><em>θεραπείαν</em></strong></span> <span class='ocrx_word' id='word_1_28' title='bbox 1207 321 1332 367; x_wconf 73' lang='grc' dir='ltr'><strong><em>λαβὼν</em></strong></span> 
     </span>
     <span class='ocr_line' id='line_1_6' title="bbox 258 364 1331 422; baseline -0.002 -18"><span class='ocrx_word' id='word_1_29' title='bbox 258 372 278 404; x_wconf 85' lang='grc' dir='ltr'><strong><em>ὁ</em></strong></span> <span class='ocrx_word' id='word_1_30' title='bbox 299 369 366 413; x_wconf 85' lang='grc' dir='ltr'><strong>τὴν</strong></span> <span class='ocrx_word' id='word_1_31' title='bbox 387 367 503 422; x_wconf 59' lang='grc' dir='ltr'><strong><em>ᾆρχὴν</em></strong></span> <span class='ocrx_word' id='word_1_32' title='bbox 520 370 614 422; x_wconf 73' lang='grc' dir='ltr'><strong><em>ἔχων</em></strong></span> <span class='ocrx_word' id='word_1_33' title='bbox 633 366 772 414; x_wconf 80' lang='grc' dir='ltr'><strong><em>ἄπορόν</em></strong></span> <span class='ocrx_word' id='word_1_34' title='bbox 785 381 826 403; x_wconf 77' lang='grc' dir='ltr'><strong>τε</strong></span> <span class='ocrx_word' id='word_1_35' title='bbox 848 366 1034 422; x_wconf 69' lang='grc' dir='ltr'><strong><em>ἀποφήνας</em></strong></span> <span class='ocrx_word' id='word_1_36' title='bbox 1056 364 1141 422; x_wconf 56' lang='grc' dir='ltr'><strong><em>ἧιιῖν</em></strong></span> <span class='ocrx_word' id='word_1_37' title='bbox 1163 366 1229 401; x_wconf 85' lang='grc' dir='ltr'><strong>τὸν</strong></span> <span class='ocrx_word' id='word_1_38' title='bbox 1251 379 1331 402; x_wconf 85' lang='grc' dir='ltr'><strong><em>συν-</em></strong></span> 
     </span>
    </p>
   </div>
   <div class='ocr_carea' id='block_1_4' title="bbox 1865 127 2476 175">
    <p class='ocr_par' dir='ltr' id='par_1_4' title="bbox 1865 127 2476 175">
     <span class='ocr_line' id='line_1_7' title="bbox 1865 127 2476 175; baseline 0 -7"><span class='ocrx_word' id='word_1_39' title='bbox 1865 135 1926 168; x_wconf 78' lang='lat' dir='ltr'><strong>u&#39;r</strong></span> <span class='ocrx_word' id='word_1_40' title='bbox 1953 134 2128 168; x_wconf 73' lang='lat' dir='ltr'><strong>mmcns</strong></span> <span class='ocrx_word' id='word_1_41' title='bbox 2157 135 2254 167; x_wconf 74' lang='lat' dir='ltr'><strong>smn</strong></span> <span class='ocrx_word' id='word_1_42' title='bbox 2282 127 2476 175; x_wconf 60' lang='lat' dir='ltr'><strong>Quoou&#39;o&#39;*</strong></span> 
     </span>
    </p>
   </div>
   <div class='ocr_carea' id='block_1_5' title="bbox 1398 232 2463 414">
    <p class='ocr_par' dir='ltr' id='par_1_5' title="bbox 1398 232 2463 414">
     <span class='ocr_line' id='line_1_8' title="bbox 1399 232 2462 287; baseline 0 -19"><span class='ocrx_word' id='word_1_43' title='bbox 1399 243 1457 277; x_wconf 84' lang='lat' dir='ltr'><strong>ea,</strong></span> <span class='ocrx_word' id='word_1_44' title='bbox 1483 243 1572 286; x_wconf 83' lang='lat' dir='ltr'><strong>quae</strong></span> <span class='ocrx_word' id='word_1_45' title='bbox 1595 232 1782 277; x_wconf 77' lang='lat' dir='ltr'><strong>oportebat</strong></span> <span class='ocrx_word' id='word_1_46' title='bbox 1803 233 1842 268; x_wconf 88' lang='lat' dir='ltr'><strong>in</strong></span> <span class='ocrx_word' id='word_1_47' title='bbox 1862 233 1990 286; x_wconf 70' lang='lat' dir='ltr'><strong>iiscum</strong></span> <span class='ocrx_word' id='word_1_48' title='bbox 2011 234 2144 275; x_wconf 85' lang='lat' dir='ltr'><strong>inferri,</strong></span> <span class='ocrx_word' id='word_1_49' title='bbox 2168 244 2211 287; x_wconf 74' lang='lat' dir='ltr'><strong>eo</strong></span> <span class='ocrx_word' id='word_1_50' title='bbox 2233 235 2294 280; x_wconf 85' lang='lat' dir='ltr'><strong>qui</strong></span> <span class='ocrx_word' id='word_1_51' title='bbox 2316 234 2462 270; x_wconf 86' lang='lat' dir='ltr'><strong>admini-</strong></span> 
     </span>
     <span class='ocr_line' id='line_1_9' title="bbox 1399 277 2462 368; baseline 0.003 -13"><span class='ocrx_word' id='word_1_52' title='bbox 1399 281 1604 330; x_wconf 61' lang='lat' dir='ltr'><strong>⁸“⁸‘¹⁹⁰⁶m</strong></span> <span class='ocrx_word' id='word_1_53' title='bbox 1631 277 2462 368; x_wconf 48' lang='lat' dir='ltr'><strong>Qtsskmpfflgeffitffmufflssffisstssssffinssmd</strong></span> 
     </span>
     <span class='ocr_line' id='line_1_10' title="bbox 1398 332 2463 414; baseline 0.001 -13"><span class='ocrx_word' id='word_1_54' title='bbox 1398 332 1593 409; x_wconf 44' lang='lat' dir='ltr'><strong>pra-{gama</strong></span> <span class='ocrx_word' id='word_1_55' title='bbox 1606 332 1755 411; x_wconf 69' lang='lat' dir='ltr'><strong>1inopem</strong></span> <span class='ocrx_word' id='word_1_56' title='bbox 1777 365 1911 403; x_wconf 85' lang='lat' dir='ltr'><strong>faciens</strong></span> <span class='ocrx_word' id='word_1_57' title='bbox 1935 335 2281 412; x_wconf 75' lang='lat' dir='ltr'><strong>nobisqcollatorem,</strong></span> <span class='ocrx_word' id='word_1_58' title='bbox 2310 369 2463 414; x_wconf 86' lang='lat' dir='ltr'><strong>inopiam</strong></span> 
     </span>
    </p>
   </div>
   <div class='ocr_carea' id='block_1_6' title="bbox 257 408 2462 464">
    <p class='ocr_par' dir='ltr' id='par_1_6' title="bbox 257 408 2462 464">
     <span class='ocr_line' id='line_1_11' title="bbox 257 408 2462 464; baseline -0.001 -15"><span class='ocrx_word' id='word_1_59' title='bbox 257 414 437 456; x_wconf 80' lang='grc' dir='ltr'><strong><em>τελεστην,</em></strong></span> <span class='ocrx_word' id='word_1_60' title='bbox 464 426 530 456; x_wconf 86' lang='grc' dir='ltr'><strong>την</strong></span> <span class='ocrx_word' id='word_1_61' title='bbox 553 418 710 458; x_wconf 84' lang='grc' dir='ltr'><strong><em>απορίαν</em></strong></span> <span class='ocrx_word' id='word_1_62' title='bbox 733 415 867 448; x_wconf 72' lang='grc' dir='ltr'><strong><em>ἐκείνου</em></strong></span> <span class='ocrx_word' id='word_1_63' title='bbox 890 427 958 456; x_wconf 82' lang='grc' dir='ltr'><strong>την</strong></span> <span class='ocrx_word' id='word_1_64' title='bbox 981 408 1030 447; x_wconf 82' lang='grc' dir='ltr'><strong>δι’</strong></span> <span class='ocrx_word' id='word_1_65' title='bbox 1057 424 1170 446; x_wconf 88' lang='grc' dir='ltr'><strong><em>αυτον</em></strong></span> <span class='ocrx_word' id='word_1_66' title='bbox 1190 415 1331 459; x_wconf 83' lang='grc' dir='ltr'><strong><em>γενομέ-</em></strong></span> <span class='ocrx_word' id='word_1_67' title='bbox 1366 415 1386 447; x_wconf 85' lang='grc'><strong>5</strong></span> <span class='ocrx_word' id='word_1_68' title='bbox 1399 412 1504 464; x_wconf 67' lang='lat' dir='ltr'><strong>illius,</strong></span> <span class='ocrx_word' id='word_1_69' title='bbox 1529 421 1619 456; x_wconf 76' lang='lat' dir='ltr'><strong>quae</strong></span> <span class='ocrx_word' id='word_1_70' title='bbox 1643 421 1707 455; x_wconf 88' lang='lat' dir='ltr'><strong>per</strong></span> <span class='ocrx_word' id='word_1_71' title='bbox 1729 411 1844 456; x_wconf 80' lang='lat' dir='ltr'><strong>ipsum</strong></span> <span class='ocrx_word' id='word_1_72' title='bbox 1861 413 1987 457; x_wconf 79' lang='lat' dir='ltr'><strong>agitur,</strong></span> <span class='ocrx_word' id='word_1_73' title='bbox 2010 414 2114 450; x_wconf 82' lang='lat' dir='ltr'><strong>nobis</strong></span> <span class='ocrx_word' id='word_1_74' title='bbox 2133 418 2284 460; x_wconf 77' lang='lat' dir='ltr'><strong>reputat.</strong></span> <span class='ocrx_word' id='word_1_75' title='bbox 2322 414 2462 458; x_wconf 71' lang='lat' dir='ltr'><strong>Quanta</strong></span> 
     </span>
    </p>
   </div>
   <div class='ocr_carea' id='block_1_7' title="bbox 257 456 1332 649">
    <p class='ocr_par' dir='ltr' id='par_1_7' title="bbox 257 456 1332 649">
     <span class='ocr_line' id='line_1_12' title="bbox 258 456 1332 505; baseline -0.002 -13"><span class='ocrx_word' id='word_1_76' title='bbox 258 472 326 502; x_wconf 85' lang='grc' dir='ltr'><strong>νην</strong></span> <span class='ocrx_word' id='word_1_77' title='bbox 359 459 443 502; x_wconf 79' lang='grc' dir='ltr'><strong><em>ἡμῖν</em></strong></span> <span class='ocrx_word' id='word_1_78' title='bbox 477 457 738 505; x_wconf 76' lang='grc' dir='ltr'><strong><em>ὑπολογίζεται.</em></strong></span> <span class='ocrx_word' id='word_1_79' title='bbox 792 456 894 493; x_wconf 85' lang='grc' dir='ltr'><strong><em>Πόσα</em></strong></span> <span class='ocrx_word' id='word_1_80' title='bbox 931 456 971 492; x_wconf 76' lang='grc' dir='ltr'><strong>δὲ</strong></span> <span class='ocrx_word' id='word_1_81' title='bbox 1003 456 1114 501; x_wconf 78' lang='grc' dir='ltr'><strong><em>ἀσεβῆ</em></strong></span> <span class='ocrx_word' id='word_1_82' title='bbox 1148 460 1208 490; x_wconf 81' lang='grc' dir='ltr'><strong>καὶ</strong></span> <span class='ocrx_word' id='word_1_83' title='bbox 1241 456 1332 491; x_wconf 80' lang='grc' dir='ltr'><strong><em>ἄλλα</em></strong></span> 
     </span>
     <span class='ocr_line' id='line_1_13' title="bbox 257 499 1330 551; baseline -0.003 -13"><span class='ocrx_word' id='word_1_84' title='bbox 257 509 396 551; x_wconf 83' lang='grc' dir='ltr'><strong><em>γίνεται</em></strong></span> <span class='ocrx_word' id='word_1_85' title='bbox 419 503 468 537; x_wconf 83' lang='grc' dir='ltr'><strong><em>εἰς</em></strong></span> <span class='ocrx_word' id='word_1_86' title='bbox 481 502 549 547; x_wconf 82' lang='grc' dir='ltr'><strong>τὴν</strong></span> <span class='ocrx_word' id='word_1_87' title='bbox 570 504 650 538; x_wconf 82' lang='grc' dir='ltr'><strong>τῶν</strong></span> <span class='ocrx_word' id='word_1_88' title='bbox 667 502 814 539; x_wconf 77' lang='grc' dir='ltr'><strong><em>κλοπῶν</em></strong></span> <span class='ocrx_word' id='word_1_89' title='bbox 832 501 973 538; x_wconf 79' lang='grc' dir='ltr'><strong><em>τούτων</em></strong></span> <span class='ocrx_word' id='word_1_90' title='bbox 989 501 1135 536; x_wconf 76' lang='grc' dir='ltr'><strong><em>εἰκότως</em></strong></span> <span class='ocrx_word' id='word_1_91' title='bbox 1157 499 1330 548; x_wconf 78' lang='grc' dir='ltr'><strong><em>ἀναφερό-</em></strong></span> 
     </span>
     <span class='ocr_line' id='line_1_14' title="bbox 258 545 1330 596; baseline -0.001 -15"><span class='ocrx_word' id='word_1_92' title='bbox 258 562 349 591; x_wconf 66' lang='grc' dir='ltr'><strong><em>μενα</em></strong></span> <span class='ocrx_word' id='word_1_93' title='bbox 370 548 570 594; x_wconf 81' lang='grc' dir='ltr'><strong><em>πρόφασιν;</em></strong></span> <span class='ocrx_word' id='word_1_94' title='bbox 596 547 632 582; x_wconf 82' lang='grc' dir='ltr'><strong><em>οἱ</em></strong></span> <span class='ocrx_word' id='word_1_95' title='bbox 649 548 716 596; x_wconf 83' lang='grc' dir='ltr'><strong><em>γὰρ</em></strong></span> <span class='ocrx_word' id='word_1_96' title='bbox 739 548 784 592; x_wconf 88' lang='grc' dir='ltr'><strong>δὴ</strong></span> <span class='ocrx_word' id='word_1_97' title='bbox 806 548 868 582; x_wconf 81' lang='grc' dir='ltr'><strong>τὰς</strong></span> <span class='ocrx_word' id='word_1_98' title='bbox 888 545 992 593; x_wconf 79' lang='grc' dir='ltr'><strong><em>ἀρχὰς</em></strong></span> <span class='ocrx_word' id='word_1_99' title='bbox 1010 548 1149 590; x_wconf 85' lang='grc' dir='ltr'><strong><em>ἔχοντες</em></strong></span> <span class='ocrx_word' id='word_1_100' title='bbox 1171 546 1233 581; x_wconf 81' lang='grc' dir='ltr'><strong>τὰς</strong></span> <span class='ocrx_word' id='word_1_101' title='bbox 1255 549 1330 581; x_wconf 83' lang='grc' dir='ltr'><strong><em>έπι-</em></strong></span> 
     </span>
     <span class='ocr_line' id='line_1_15' title="bbox 257 590 1332 649; baseline -0.004 -21"><span class='ocrx_word' id='word_1_102' title='bbox 257 597 407 646; x_wconf 59' lang='grc' dir='ltr'><strong><em>χωρίονς</em></strong></span> <span class='ocrx_word' id='word_1_103' title='bbox 431 594 480 627; x_wconf 83' lang='grc' dir='ltr'><strong><em>εἰς</em></strong></span> <span class='ocrx_word' id='word_1_104' title='bbox 504 592 547 627; x_wconf 83' lang='grc' dir='ltr'><strong>τὸ</strong></span> <span class='ocrx_word' id='word_1_105' title='bbox 570 592 698 649; x_wconf 41' lang='lat' dir='ltr'><strong>Hypata.</strong></span> <span class='ocrx_word' id='word_1_106' title='bbox 712 597 937 642; x_wconf 71' lang='grc' dir='ltr'><strong><em>προς-ἔχοντες</em></strong></span> <span class='ocrx_word' id='word_1_107' title='bbox 959 594 1065 626; x_wconf 78' lang='grc' dir='ltr'><strong><em>τοῦτο</em></strong></span> <span class='ocrx_word' id='word_1_108' title='bbox 1088 590 1238 627; x_wconf 84' lang='grc' dir='ltr'><strong><em>πολλοὺς</em></strong></span> <span class='ocrx_word' id='word_1_109' title='bbox 1264 593 1332 635; x_wconf 78' lang='grc' dir='ltr'><strong>μὲν</strong></span> 
     </span>
    </p>
   </div>
   <div class='ocr_carea' id='block_1_8' title="bbox 1398 455 2466 636">
    <p class='ocr_par' dir='ltr' id='par_1_8' title="bbox 1398 455 2466 636">
     <span class='ocr_line' id='line_1_16' title="bbox 1398 455 2466 501; baseline 0.002 -11"><span class='ocrx_word' id='word_1_110' title='bbox 1398 457 1507 501; x_wconf 80' lang='lat' dir='ltr'><strong>impia</strong></span> <span class='ocrx_word' id='word_1_111' title='bbox 1529 459 1566 491; x_wconf 90' lang='lat' dir='ltr'><strong>et</strong></span> <span class='ocrx_word' id='word_1_112' title='bbox 1588 456 1658 491; x_wconf 87' lang='lat' dir='ltr'><strong>alia</strong></span> <span class='ocrx_word' id='word_1_113' title='bbox 1672 455 1773 497; x_wconf 88' lang='lat' dir='ltr'><strong>fiunt,</strong></span> <span class='ocrx_word' id='word_1_114' title='bbox 1796 456 1842 491; x_wconf 89' lang='lat' dir='ltr'><strong>ad</strong></span> <span class='ocrx_word' id='word_1_115' title='bbox 1861 456 1986 492; x_wconf 89' lang='lat' dir='ltr'><strong>horum</strong></span> <span class='ocrx_word' id='word_1_116' title='bbox 2007 460 2182 494; x_wconf 85' lang='lat' dir='ltr'><strong>furtorum</strong></span> <span class='ocrx_word' id='word_1_117' title='bbox 2205 459 2328 494; x_wconf 89' lang='lat' dir='ltr'><strong>merito</strong></span> <span class='ocrx_word' id='word_1_118' title='bbox 2351 458 2466 493; x_wconf 82' lang='lat' dir='ltr'><strong>relata</strong></span> 
     </span>
     <span class='ocr_line' id='line_1_17' title="bbox 1399 500 2465 548; baseline 0.001 -12"><span class='ocrx_word' id='word_1_119' title='bbox 1399 500 1640 536; x_wconf 81' lang='lat' dir='ltr'><strong>occasionem!</strong></span> <span class='ocrx_word' id='word_1_120' title='bbox 1676 500 2008 538; x_wconf 86' lang='lat' dir='ltr'><strong>Administrationes</strong></span> <span class='ocrx_word' id='word_1_121' title='bbox 2022 513 2173 548; x_wconf 85' lang='lat' dir='ltr'><strong>namque</strong></span> <span class='ocrx_word' id='word_1_122' title='bbox 2190 505 2361 539; x_wconf 86' lang='lat' dir='ltr'><strong>habentes</strong></span> <span class='ocrx_word' id='word_1_123' title='bbox 2383 513 2465 548; x_wconf 88' lang='lat' dir='ltr'><strong>pro-</strong></span> 
     </span>
     <span class='ocr_line' id='line_1_18' title="bbox 1398 546 2466 593; baseline 0.002 -13"><span class='ocrx_word' id='word_1_124' title='bbox 1398 546 1566 581; x_wconf 86' lang='lat' dir='ltr'><strong>vinciales</strong></span> <span class='ocrx_word' id='word_1_125' title='bbox 1601 546 1646 581; x_wconf 87' lang='lat' dir='ltr'><strong>ad</strong></span> <span class='ocrx_word' id='word_1_126' title='bbox 1680 546 1774 580; x_wconf 89' lang='lat' dir='ltr'><strong>hanc</strong></span> <span class='ocrx_word' id='word_1_127' title='bbox 1804 547 2044 590; x_wconf 81' lang='lat' dir='ltr'><strong>acceptionem</strong></span> <span class='ocrx_word' id='word_1_128' title='bbox 2075 549 2302 593; x_wconf 79' lang='lat' dir='ltr'><strong>respicientes</strong></span> <span class='ocrx_word' id='word_1_129' title='bbox 2336 549 2466 583; x_wconf 86' lang='lat' dir='ltr'><strong>multos</strong></span> 
     </span>
     <span class='ocr_line' id='line_1_19' title="bbox 1399 591 2465 636; baseline 0.006 -11"><span class='ocrx_word' id='word_1_130' title='bbox 1399 591 1539 636; x_wconf 88' lang='lat' dir='ltr'><strong>quidem</strong></span> <span class='ocrx_word' id='word_1_131' title='bbox 1573 601 1715 626; x_wconf 85' lang='lat' dir='ltr'><strong>reorum</strong></span> <span class='ocrx_word' id='word_1_132' title='bbox 1745 591 1943 634; x_wconf 87' lang='lat' dir='ltr'><strong>dimittunt,</strong></span> <span class='ocrx_word' id='word_1_133' title='bbox 1979 592 2168 629; x_wconf 85' lang='lat' dir='ltr'><strong>vendentes</strong></span> <span class='ocrx_word' id='word_1_134' title='bbox 2202 594 2253 629; x_wconf 90' lang='lat' dir='ltr'><strong>eis</strong></span> <span class='ocrx_word' id='word_1_135' title='bbox 2286 593 2465 631; x_wconf 72' lang='lat' dir='ltr'><strong>delictum,</strong></span> 
     </span>
    </p>
   </div>
   <div class='ocr_carea' id='block_1_9' title="bbox 262 635 2467 684">
    <p class='ocr_par' dir='ltr' id='par_1_9' title="bbox 262 635 2467 684">
     <span class='ocr_line' id='line_1_20' title="bbox 262 635 2467 684; baseline 0 -12"><span class='ocrx_word' id='word_1_136' title='bbox 262 652 336 673; x_wconf 84' lang='grc' dir='ltr'><strong>των</strong></span> <span class='ocrx_word' id='word_1_137' title='bbox 366 636 588 672; x_wconf 75' lang='grc' dir='ltr'><strong><em>υπευθύνων</em></strong></span> <span class='ocrx_word' id='word_1_138' title='bbox 610 651 754 684; x_wconf 79' lang='grc' dir='ltr'><strong><em>αφιασι,</em></strong></span> <span class='ocrx_word' id='word_1_139' title='bbox 784 637 987 672; x_wconf 76' lang='grc' dir='ltr'><strong><em>πωλοῦντες</em></strong></span> <span class='ocrx_word' id='word_1_140' title='bbox 1011 635 1130 671; x_wconf 79' lang='grc' dir='ltr'><strong><em>αὐτοῖς</em></strong></span> <span class='ocrx_word' id='word_1_141' title='bbox 1151 637 1194 671; x_wconf 80' lang='grc' dir='ltr'><strong><em>τὸ</em></strong></span> <span class='ocrx_word' id='word_1_142' title='bbox 1217 635 1330 680; x_wconf 84' lang='grc' dir='ltr'><strong><em>πλημ-</em></strong></span> <span class='ocrx_word' id='word_1_143' title='bbox 1348 638 1387 670; x_wconf 90' lang='grc'><strong>10</strong></span> <span class='ocrx_word' id='word_1_144' title='bbox 1399 636 1569 681; x_wconf 88' lang='lat' dir='ltr'><strong>plurimos</strong></span> <span class='ocrx_word' id='word_1_145' title='bbox 1600 640 1718 671; x_wconf 88' lang='lat' dir='ltr'><strong>autem</strong></span> <span class='ocrx_word' id='word_1_146' title='bbox 1747 635 1970 670; x_wconf 87' lang='lat' dir='ltr'><strong>innoxiorum</strong></span> <span class='ocrx_word' id='word_1_147' title='bbox 1999 637 2251 682; x_wconf 87' lang='lat' dir='ltr'><strong>condemnant,</strong></span> <span class='ocrx_word' id='word_1_148' title='bbox 2282 642 2324 674; x_wconf 91' lang='lat' dir='ltr'><strong>ut</strong></span> <span class='ocrx_word' id='word_1_149' title='bbox 2350 638 2467 674; x_wconf 85' lang='lat' dir='ltr'><strong>noxiis</strong></span> 
     </span>
    </p>
   </div>
   <div class='ocr_carea' id='block_1_10' title="bbox 258 681 1333 865">
    <p class='ocr_par' dir='ltr' id='par_1_10' title="bbox 258 681 1333 865">
     <span class='ocr_line' id='line_1_21' title="bbox 259 681 1331 728; baseline -0.003 -10"><span class='ocrx_word' id='word_1_150' title='bbox 259 682 414 728; x_wconf 75' lang='grc' dir='ltr'><strong><em>μέλημα,</em></strong></span> <span class='ocrx_word' id='word_1_151' title='bbox 443 682 593 718; x_wconf 77' lang='grc' dir='ltr'><strong><em>πολλοὺς</em></strong></span> <span class='ocrx_word' id='word_1_152' title='bbox 621 682 661 718; x_wconf 79' lang='grc' dir='ltr'><strong>δὲ</strong></span> <span class='ocrx_word' id='word_1_153' title='bbox 691 686 767 718; x_wconf 78' lang='grc' dir='ltr'><strong>τῶν</strong></span> <span class='ocrx_word' id='word_1_154' title='bbox 798 681 1014 717; x_wconf 73' lang='grc' dir='ltr'><strong><em>ἀνευθύνων</em></strong></span> <span class='ocrx_word' id='word_1_155' title='bbox 1044 686 1331 727; x_wconf 85' lang='grc' dir='ltr'><strong><em>κατακρίνουσιν,</em></strong></span> 
     </span>
     <span class='ocr_line' id='line_1_22' title="bbox 258 723 1331 775; baseline -0.003 -13"><span class='ocrx_word' id='word_1_156' title='bbox 258 729 320 762; x_wconf 78' lang='grc' dir='ltr'><strong>ἵνα</strong></span> <span class='ocrx_word' id='word_1_157' title='bbox 345 731 415 762; x_wconf 82' lang='grc' dir='ltr'><strong><em>τοῖς</em></strong></span> <span class='ocrx_word' id='word_1_158' title='bbox 438 726 656 763; x_wconf 73' lang='grc' dir='ltr'><strong><em>ὑπευθύνοις</em></strong></span> <span class='ocrx_word' id='word_1_159' title='bbox 686 732 921 775; x_wconf 82' lang='grc' dir='ltr'><strong><em>χαρίσωνται·</em></strong></span> <span class='ocrx_word' id='word_1_160' title='bbox 957 730 1017 760; x_wconf 86' lang='grc' dir='ltr'><strong>καὶ</strong></span> <span class='ocrx_word' id='word_1_161' title='bbox 1048 729 1155 762; x_wconf 90' lang='grc' dir='ltr'><strong><em>τοῦτο</em></strong></span> <span class='ocrx_word' id='word_1_162' title='bbox 1177 723 1241 761; x_wconf 80' lang='grc' dir='ltr'><strong>οὐκ</strong></span> <span class='ocrx_word' id='word_1_163' title='bbox 1271 729 1331 761; x_wconf 81' lang='grc' dir='ltr'><strong>ἐπὶ</strong></span> 
     </span>
     <span class='ocr_line' id='line_1_23' title="bbox 258 768 1333 819; baseline -0.002 -12"><span class='ocrx_word' id='word_1_164' title='bbox 258 776 336 808; x_wconf 84' lang='grc' dir='ltr'><strong><em>ταῖς</em></strong></span> <span class='ocrx_word' id='word_1_165' title='bbox 357 776 587 819; x_wconf 85' lang='grc' dir='ltr'><strong><em>χρηματικαῖς</em></strong></span> <span class='ocrx_word' id='word_1_166' title='bbox 608 771 722 817; x_wconf 79' lang='grc' dir='ltr'><strong><em>μόνον</em></strong></span> <span class='ocrx_word' id='word_1_167' title='bbox 740 771 958 819; x_wconf 78' lang='grc' dir='ltr'><strong><em>πράττουσιν</em></strong></span> <span class='ocrx_word' id='word_1_168' title='bbox 979 773 1123 813; x_wconf 79' lang='grc' dir='ltr'><strong><em>αἰτίαις,</em></strong></span> <span class='ocrx_word' id='word_1_169' title='bbox 1153 770 1242 806; x_wconf 79' lang='grc' dir='ltr'><strong><em>ἀλλὰ</em></strong></span> <span class='ocrx_word' id='word_1_170' title='bbox 1266 768 1333 805; x_wconf 78' lang='grc' dir='ltr'><strong>κάν</strong></span> 
     </span>
     <span class='ocr_line' id='line_1_24' title="bbox 258 815 1333 865; baseline -0.002 -13"><span class='ocrx_word' id='word_1_171' title='bbox 258 822 332 853; x_wconf 87' lang='grc' dir='ltr'><strong><em>τοῖς</em></strong></span> <span class='ocrx_word' id='word_1_172' title='bbox 354 817 579 865; x_wconf 77' lang='grc' dir='ltr'><strong><em>ἐγκλήμασιν,</em></strong></span> <span class='ocrx_word' id='word_1_173' title='bbox 611 819 708 852; x_wconf 70' lang='grc' dir='ltr'><strong><em>ἔνθα</em></strong></span> <span class='ocrx_word' id='word_1_174' title='bbox 737 822 819 862; x_wconf 83' lang='grc' dir='ltr'><strong><em>περὶ</em></strong></span> <span class='ocrx_word' id='word_1_175' title='bbox 850 819 960 859; x_wconf 77' lang='grc' dir='ltr'><strong><em>ψυχῆς</em></strong></span> <span class='ocrx_word' id='word_1_176' title='bbox 991 819 1091 851; x_wconf 82' lang='grc' dir='ltr'><strong><em>ἐστιν</em></strong></span> <span class='ocrx_word' id='word_1_177' title='bbox 1115 815 1134 851; x_wconf 87' lang='grc' dir='ltr'>ὁ</span> <span class='ocrx_word' id='word_1_178' title='bbox 1161 816 1333 851; x_wconf 84' lang='grc' dir='ltr'><strong><em>κίνδυνος.</em></strong></span> 
     </span>
    </p>
   </div>
   <div class='ocr_carea' id='block_1_11' title="bbox 1399 681 2470 860">
    <p class='ocr_par' dir='ltr' id='par_1_11' title="bbox 1399 681 2470 860">
     <span class='ocr_line' id='line_1_25' title="bbox 1399 681 2468 728; baseline 0.001 -13"><span class='ocrx_word' id='word_1_179' title='bbox 1399 683 1600 726; x_wconf 81' lang='lat' dir='ltr'><strong>praestent:</strong></span> <span class='ocrx_word' id='word_1_180' title='bbox 1637 685 1672 716; x_wconf 85' lang='lat' dir='ltr'><strong>et</strong></span> <span class='ocrx_word' id='word_1_181' title='bbox 1702 681 1770 716; x_wconf 91' lang='lat' dir='ltr'><strong>hoc</strong></span> <span class='ocrx_word' id='word_1_182' title='bbox 1801 691 1873 715; x_wconf 93' lang='lat' dir='ltr'><strong>non</strong></span> <span class='ocrx_word' id='word_1_183' title='bbox 1905 681 2018 716; x_wconf 91' lang='lat' dir='ltr'><strong>solum</strong></span> <span class='ocrx_word' id='word_1_184' title='bbox 2044 683 2082 717; x_wconf 88' lang='lat' dir='ltr'><strong>in</strong></span> <span class='ocrx_word' id='word_1_185' title='bbox 2111 684 2328 728; x_wconf 84' lang='lat' dir='ltr'><strong>pecuniariis</strong></span> <span class='ocrx_word' id='word_1_186' title='bbox 2350 685 2468 727; x_wconf 86' lang='lat' dir='ltr'><strong>agitur</strong></span> 
     </span>
     <span class='ocr_line' id='line_1_26' title="bbox 1401 725 2469 769; baseline 0 -8"><span class='ocrx_word' id='word_1_187' title='bbox 1401 727 1536 769; x_wconf 88' lang='lat' dir='ltr'><strong>causis,</strong></span> <span class='ocrx_word' id='word_1_188' title='bbox 1561 726 1623 761; x_wconf 87' lang='lat' dir='ltr'><strong>sed</strong></span> <span class='ocrx_word' id='word_1_189' title='bbox 1646 726 1753 762; x_wconf 87' lang='lat' dir='ltr'><strong>etiam</strong></span> <span class='ocrx_word' id='word_1_190' title='bbox 1777 726 1812 760; x_wconf 92' lang='lat' dir='ltr'><strong>in</strong></span> <span class='ocrx_word' id='word_1_191' title='bbox 1837 725 2095 768; x_wconf 84' lang='lat' dir='ltr'><strong>criminalibus,</strong></span> <span class='ocrx_word' id='word_1_192' title='bbox 2124 729 2187 763; x_wconf 91' lang='lat' dir='ltr'><strong>ubi</strong></span> <span class='ocrx_word' id='word_1_193' title='bbox 2209 729 2253 763; x_wconf 90' lang='lat' dir='ltr'><strong>de</strong></span> <span class='ocrx_word' id='word_1_194' title='bbox 2275 729 2392 764; x_wconf 87' lang='lat' dir='ltr'><strong>anima</strong></span> <span class='ocrx_word' id='word_1_195' title='bbox 2414 734 2469 762; x_wconf 85' lang='lat' dir='ltr'><strong>est</strong></span> 
     </span>
     <span class='ocr_line' id='line_1_27' title="bbox 1399 770 2469 850; baseline 0.001 -44"><span class='ocrx_word' id='word_1_196' title='bbox 1399 771 1606 850; x_wconf 62' lang='lat' dir='ltr'><strong>Bericulum.</strong></span> <span class='ocrx_word' id='word_1_197' title='bbox 1644 771 1834 815; x_wconf 87' lang='lat' dir='ltr'><strong>Fugaeque</strong></span> <span class='ocrx_word' id='word_1_198' title='bbox 1853 770 1946 805; x_wconf 84' lang='lat' dir='ltr'><strong>fiunt</strong></span> <span class='ocrx_word' id='word_1_199' title='bbox 1961 780 2004 806; x_wconf 87' lang='lat' dir='ltr'><strong>ex</strong></span> <span class='ocrx_word' id='word_1_200' title='bbox 2019 772 2217 815; x_wconf 85' lang='lat' dir='ltr'><strong>provinciis,</strong></span> <span class='ocrx_word' id='word_1_201' title='bbox 2234 778 2271 808; x_wconf 90' lang='lat' dir='ltr'><strong>et</strong></span> <span class='ocrx_word' id='word_1_202' title='bbox 2286 773 2469 809; x_wconf 89' lang='lat' dir='ltr'><strong>confluunt</strong></span> 
     </span>
     <span class='ocr_line' id='line_1_28' title="bbox 1424 816 2470 860; baseline 0.001 -9"><span class='ocrx_word' id='word_1_203' title='bbox 1424 816 1457 851; x_wconf 91' lang='lat' dir='ltr'><strong>ic</strong></span> <span class='ocrx_word' id='word_1_204' title='bbox 1483 826 1603 851; x_wconf 90' lang='lat' dir='ltr'><strong>omnes</strong></span> <span class='ocrx_word' id='word_1_205' title='bbox 1633 816 1928 860; x_wconf 86' lang='lat' dir='ltr'><strong>ingemescentes,</strong></span> <span class='ocrx_word' id='word_1_206' title='bbox 1961 816 2161 852; x_wconf 81' lang='lat' dir='ltr'><strong>sacerdotes</strong></span> <span class='ocrx_word' id='word_1_207' title='bbox 2192 821 2228 852; x_wconf 90' lang='lat' dir='ltr'><strong>et</strong></span> <span class='ocrx_word' id='word_1_208' title='bbox 2250 818 2402 854; x_wconf 85' lang='lat' dir='ltr'><strong>curiales</strong></span> <span class='ocrx_word' id='word_1_209' title='bbox 2434 822 2470 852; x_wconf 89' lang='lat' dir='ltr'><strong>et</strong></span> 
     </span>
    </p>
   </div>
   <div class='ocr_carea' id='block_1_12' title="bbox 259 861 2467 910">
    <p class='ocr_par' dir='ltr' id='par_1_12' title="bbox 259 861 2467 910">
     <span class='ocr_line' id='line_1_29' title="bbox 259 861 2467 910; baseline 0.001 -14"><span class='ocrx_word' id='word_1_210' title='bbox 259 867 371 910; x_wconf 83' lang='grc' dir='ltr'><strong><em>φυγαί</em></strong></span> <span class='ocrx_word' id='word_1_211' title='bbox 391 877 431 897; x_wconf 77' lang='grc' dir='ltr'><strong>τε</strong></span> <span class='ocrx_word' id='word_1_212' title='bbox 454 866 493 897; x_wconf 77' lang='grc' dir='ltr'><strong>ἐκ</strong></span> <span class='ocrx_word' id='word_1_213' title='bbox 515 865 592 898; x_wconf 85' lang='grc' dir='ltr'><strong>τῶν</strong></span> <span class='ocrx_word' id='word_1_214' title='bbox 612 863 796 905; x_wconf 81' lang='grc' dir='ltr'><strong><em>ἐπαρχιων</em></strong></span> <span class='ocrx_word' id='word_1_215' title='bbox 824 866 1006 908; x_wconf 89' lang='grc' dir='ltr'><strong><em>γίνονται,</em></strong></span> <span class='ocrx_word' id='word_1_216' title='bbox 1040 865 1099 896; x_wconf 78' lang='grc' dir='ltr'><strong>καὶ</strong></span> <span class='ocrx_word' id='word_1_217' title='bbox 1127 866 1333 909; x_wconf 82' lang='grc' dir='ltr'><strong><em>συρρέουσιν</em></strong></span> <span class='ocrx_word' id='word_1_218' title='bbox 1349 864 1387 897; x_wconf 84' lang='grc'><strong>15</strong></span> <span class='ocrx_word' id='word_1_219' title='bbox 1401 861 1573 896; x_wconf 84' lang='lat' dir='ltr'><strong>officiales</strong></span> <span class='ocrx_word' id='word_1_220' title='bbox 1598 864 1635 896; x_wconf 79' lang='lat' dir='ltr'><strong>et</strong></span> <span class='ocrx_word' id='word_1_221' title='bbox 1656 871 1880 906; x_wconf 78' lang='lat' dir='ltr'><strong>possessores</strong></span> <span class='ocrx_word' id='word_1_222' title='bbox 1906 865 1940 895; x_wconf 80' lang='lat' dir='ltr'><strong>et</strong></span> <span class='ocrx_word' id='word_1_223' title='bbox 1962 861 2086 906; x_wconf 83' lang='lat' dir='ltr'><strong>populi</strong></span> <span class='ocrx_word' id='word_1_224' title='bbox 2109 866 2145 896; x_wconf 77' lang='lat' dir='ltr'><strong>et</strong></span> <span class='ocrx_word' id='word_1_225' title='bbox 2167 862 2354 907; x_wconf 75' lang='lat' dir='ltr'><strong>agricolae,</strong></span> <span class='ocrx_word' id='word_1_226' title='bbox 2377 863 2467 898; x_wconf 80' lang='lat' dir='ltr'><strong>iudi-</strong></span> 
     </span>
    </p>
   </div>
   <div class='ocr_carea' id='block_1_13' title="bbox 258 904 1334 1097">
    <p class='ocr_par' dir='ltr' id='par_1_13' title="bbox 258 904 1334 1097">
     <span class='ocr_line' id='line_1_30' title="bbox 259 904 1334 960; baseline -0.001 -19"><span class='ocrx_word' id='word_1_227' title='bbox 259 908 426 943; x_wconf 79' lang='grc' dir='ltr'><strong><em>έι·ταῦθ·α</em></strong></span> <span class='ocrx_word' id='word_1_228' title='bbox 451 905 581 942; x_wconf 77' lang='grc' dir='ltr'><strong><em>πάντες</em></strong></span> <span class='ocrx_word' id='word_1_229' title='bbox 609 904 835 960; x_wconf 81' lang='grc' dir='ltr'><strong><em>ὀδυρόμενοι,</em></strong></span> <span class='ocrx_word' id='word_1_230' title='bbox 867 906 967 950; x_wconf 79' lang='grc' dir='ltr'><strong><em>ἱερεῖς</em></strong></span> <span class='ocrx_word' id='word_1_231' title='bbox 997 921 1037 941; x_wconf 85' lang='grc' dir='ltr'><strong>τε</strong></span> <span class='ocrx_word' id='word_1_232' title='bbox 1063 910 1122 941; x_wconf 83' lang='grc' dir='ltr'><strong>καὶ</strong></span> <span class='ocrx_word' id='word_1_233' title='bbox 1145 906 1334 951; x_wconf 83' lang='grc' dir='ltr'><strong><em>βουλευταὶ</em></strong></span> 
     </span>
     <span class='ocr_line' id='line_1_31' title="bbox 259 950 1332 999; baseline -0.001 -12"><span class='ocrx_word' id='word_1_234' title='bbox 259 956 319 987; x_wconf 81' lang='grc' dir='ltr'><strong>καὶ</strong></span> <span class='ocrx_word' id='word_1_235' title='bbox 341 953 522 994; x_wconf 82' lang='grc' dir='ltr'><strong><em>ταξεῶται</em></strong></span> <span class='ocrx_word' id='word_1_236' title='bbox 546 956 604 986; x_wconf 86' lang='grc' dir='ltr'><strong>καὶ</strong></span> <span class='ocrx_word' id='word_1_237' title='bbox 625 964 788 997; x_wconf 84' lang='grc' dir='ltr'><strong><em>κτητορες</em></strong></span> <span class='ocrx_word' id='word_1_238' title='bbox 811 955 870 985; x_wconf 81' lang='grc' dir='ltr'><strong>καὶ</strong></span> <span class='ocrx_word' id='word_1_239' title='bbox 894 950 1047 996; x_wconf 79' lang='grc' dir='ltr'><strong><em>δημόται</em></strong></span> <span class='ocrx_word' id='word_1_240' title='bbox 1081 954 1141 986; x_wconf 84' lang='grc' dir='ltr'><strong>καὶ</strong></span> <span class='ocrx_word' id='word_1_241' title='bbox 1170 956 1332 999; x_wconf 82' lang='grc' dir='ltr'><strong><em>γεωργοί,</em></strong></span> 
     </span>
     <span class='ocr_line' id='line_1_32' title="bbox 258 995 1334 1043; baseline -0.001 -11"><span class='ocrx_word' id='word_1_242' title='bbox 258 1001 336 1032; x_wconf 87' lang='grc' dir='ltr'><strong><em>ταῖς</em></strong></span> <span class='ocrx_word' id='word_1_243' title='bbox 367 999 444 1032; x_wconf 83' lang='grc' dir='ltr'><strong>τῶν</strong></span> <span class='ocrx_word' id='word_1_244' title='bbox 477 995 663 1043; x_wconf 79' lang='grc' dir='ltr'><strong><em>ἀρχόντων</em></strong></span> <span class='ocrx_word' id='word_1_245' title='bbox 682 995 828 1032; x_wconf 79' lang='grc' dir='ltr'><strong><em>κλοπαῖς</em></strong></span> <span class='ocrx_word' id='word_1_246' title='bbox 857 1010 898 1031; x_wconf 81' lang='grc' dir='ltr'><strong>τε</strong></span> <span class='ocrx_word' id='word_1_247' title='bbox 929 996 1074 1032; x_wconf 82' lang='grc' dir='ltr'><strong><em>εἰκότως</em></strong></span> <span class='ocrx_word' id='word_1_248' title='bbox 1099 1000 1158 1030; x_wconf 81' lang='grc' dir='ltr'><strong>καὶ</strong></span> <span class='ocrx_word' id='word_1_249' title='bbox 1181 995 1334 1031; x_wconf 81' lang='grc' dir='ltr'><strong><em>ἀδικίαις</em></strong></span> 
     </span>
     <span class='ocr_line' id='line_1_33' title="bbox 258 1039 1334 1097; baseline 0.001 -22"><span class='ocrx_word' id='word_1_250' title='bbox 258 1040 489 1097; x_wconf 62' lang='grc' dir='ltr'><strong><em>μεμφόμενοι.</em></strong></span> <span class='ocrx_word' id='word_1_251' title='bbox 535 1044 610 1074; x_wconf 84' lang='grc' dir='ltr'><strong>Καὶ</strong></span> <span class='ocrx_word' id='word_1_252' title='bbox 638 1040 678 1075; x_wconf 81' lang='grc' dir='ltr'><strong><em>οὐ</em></strong></span> <span class='ocrx_word' id='word_1_253' title='bbox 704 1043 820 1076; x_wconf 83' lang='grc' dir='ltr'><strong><em>ταῦτα</em></strong></span> <span class='ocrx_word' id='word_1_254' title='bbox 850 1039 895 1085; x_wconf 87' lang='grc' dir='ltr'><strong>δὴ</strong></span> <span class='ocrx_word' id='word_1_255' title='bbox 927 1046 1066 1088; x_wconf 81' lang='grc' dir='ltr'><strong><em>γίνεται</em></strong></span> <span class='ocrx_word' id='word_1_256' title='bbox 1133 1042 1210 1083; x_wconf 87' lang='grc' dir='ltr'><strong><em>’να,</em></strong></span> <span class='ocrx_word' id='word_1_257' title='bbox 1245 1041 1334 1076; x_wconf 81' lang='grc' dir='ltr'><strong><em>ἀλλὰ</em></strong></span> 
     </span>
    </p>
   </div>
   <div class='ocr_carea' id='block_1_14' title="bbox 1399 906 2472 1086">
    <p class='ocr_par' dir='ltr' id='par_1_14' title="bbox 1399 906 2472 1086">
     <span class='ocr_line' id='line_1_34' title="bbox 1402 906 2468 943; baseline 0.002 -2"><span class='ocrx_word' id='word_1_258' title='bbox 1402 917 1481 942; x_wconf 89' lang='lat' dir='ltr'><strong>cum</strong></span> <span class='ocrx_word' id='word_1_259' title='bbox 1505 906 1602 941; x_wconf 84' lang='lat' dir='ltr'><strong>furta</strong></span> <span class='ocrx_word' id='word_1_260' title='bbox 1625 906 1750 941; x_wconf 90' lang='lat' dir='ltr'><strong>merito</strong></span> <span class='ocrx_word' id='word_1_261' title='bbox 1773 910 1810 941; x_wconf 93' lang='lat' dir='ltr'><strong>et</strong></span> <span class='ocrx_word' id='word_1_262' title='bbox 1837 906 2030 940; x_wconf 88' lang='lat' dir='ltr'><strong>iniustitias</strong></span> <span class='ocrx_word' id='word_1_263' title='bbox 2060 911 2280 943; x_wconf 83' lang='lat' dir='ltr'><strong>accusantes.</strong></span> <span class='ocrx_word' id='word_1_264' title='bbox 2325 908 2376 943; x_wconf 81' lang='lat' dir='ltr'><strong>Et</strong></span> <span class='ocrx_word' id='word_1_265' title='bbox 2398 919 2468 943; x_wconf 90' lang='lat' dir='ltr'><strong>non</strong></span> 
     </span>
     <span class='ocr_line' id='line_1_35' title="bbox 1399 950 2471 993; baseline 0.002 -7"><span class='ocrx_word' id='word_1_266' title='bbox 1399 951 1489 987; x_wconf 88' lang='lat' dir='ltr'><strong>haec</strong></span> <span class='ocrx_word' id='word_1_267' title='bbox 1520 952 1611 986; x_wconf 87' lang='lat' dir='ltr'><strong>fiunt</strong></span> <span class='ocrx_word' id='word_1_268' title='bbox 1642 952 1737 993; x_wconf 87' lang='lat' dir='ltr'><strong>sola,</strong></span> <span class='ocrx_word' id='word_1_269' title='bbox 1773 951 1836 986; x_wconf 88' lang='lat' dir='ltr'><strong>sed</strong></span> <span class='ocrx_word' id='word_1_270' title='bbox 1869 951 1974 985; x_wconf 90' lang='lat' dir='ltr'><strong>etiam</strong></span> <span class='ocrx_word' id='word_1_271' title='bbox 2006 950 2188 986; x_wconf 88' lang='lat' dir='ltr'><strong>civitatum</strong></span> <span class='ocrx_word' id='word_1_272' title='bbox 2217 952 2405 988; x_wconf 85' lang='lat' dir='ltr'><strong>seditiones</strong></span> <span class='ocrx_word' id='word_1_273' title='bbox 2435 955 2471 988; x_wconf 88' lang='lat' dir='ltr'><strong>et</strong></span> 
     </span>
     <span class='ocr_line' id='line_1_36' title="bbox 1400 995 2472 1042; baseline 0.002 -11"><span class='ocrx_word' id='word_1_274' title='bbox 1400 997 1564 1042; x_wconf 87' lang='lat' dir='ltr'><strong>publicae</strong></span> <span class='ocrx_word' id='word_1_275' title='bbox 1588 997 1714 1031; x_wconf 85' lang='lat' dir='ltr'><strong>turbae</strong></span> <span class='ocrx_word' id='word_1_276' title='bbox 1743 997 1951 1041; x_wconf 89' lang='lat' dir='ltr'><strong>plerumque</strong></span> <span class='ocrx_word' id='word_1_277' title='bbox 1974 995 2065 1031; x_wconf 91' lang='lat' dir='ltr'><strong>fiunt</strong></span> <span class='ocrx_word' id='word_1_278' title='bbox 2087 1001 2194 1040; x_wconf 88' lang='lat' dir='ltr'><strong>atque</strong></span> <span class='ocrx_word' id='word_1_279' title='bbox 2216 997 2399 1033; x_wconf 87' lang='lat' dir='ltr'><strong>sedantur:</strong></span> <span class='ocrx_word' id='word_1_280' title='bbox 2435 1002 2472 1033; x_wconf 91' lang='lat' dir='ltr'><strong>et</strong></span> 
     </span>
     <span class='ocr_line' id='line_1_37' title="bbox 1401 1041 2471 1086; baseline 0.002 -10"><span class='ocrx_word' id='word_1_281' title='bbox 1401 1042 1542 1077; x_wconf 92' lang='lat' dir='ltr'><strong>omnino</strong></span> <span class='ocrx_word' id='word_1_282' title='bbox 1567 1052 1639 1076; x_wconf 91' lang='lat' dir='ltr'><strong>una</strong></span> <span class='ocrx_word' id='word_1_283' title='bbox 1658 1041 1830 1086; x_wconf 82' lang='lat' dir='ltr'><strong>quaedam</strong></span> <span class='ocrx_word' id='word_1_284' title='bbox 1848 1045 1903 1076; x_wconf 85' lang='lat' dir='ltr'><strong>est</strong></span> <span class='ocrx_word' id='word_1_285' title='bbox 1926 1042 2016 1076; x_wconf 89' lang='lat' dir='ltr'><strong>haec</strong></span> <span class='ocrx_word' id='word_1_286' title='bbox 2033 1042 2187 1076; x_wconf 89' lang='lat' dir='ltr'><strong>omnium</strong></span> <span class='ocrx_word' id='word_1_287' title='bbox 2205 1042 2347 1077; x_wconf 84' lang='lat' dir='ltr'><strong>occasio</strong></span> <span class='ocrx_word' id='word_1_288' title='bbox 2362 1043 2471 1078; x_wconf 86' lang='lat' dir='ltr'><strong>malo-</strong></span> 
     </span>
    </p>
   </div>
   <div class='ocr_carea' id='block_1_15' title="bbox 258 1084 2471 1142">
    <p class='ocr_par' dir='ltr' id='par_1_15' title="bbox 258 1084 2471 1142">
     <span class='ocr_line' id='line_1_38' title="bbox 258 1084 2471 1142; baseline 0.002 -23"><span class='ocrx_word' id='word_1_289' title='bbox 258 1090 317 1119; x_wconf 83' lang='grc' dir='ltr'><strong><em>καὶ</em></strong></span> <span class='ocrx_word' id='word_1_290' title='bbox 342 1100 379 1120; x_wconf 87' lang='grc' dir='ltr'><strong>αι</strong></span> <span class='ocrx_word' id='word_1_291' title='bbox 403 1087 481 1119; x_wconf 83' lang='grc' dir='ltr'><strong>τῶν</strong></span> <span class='ocrx_word' id='word_1_292' title='bbox 509 1084 653 1120; x_wconf 78' lang='grc' dir='ltr'><strong><em>πόλεων</em></strong></span> <span class='ocrx_word' id='word_1_293' title='bbox 675 1084 815 1121; x_wconf 80' lang='grc' dir='ltr'><strong><em>στάσεις</em></strong></span> <span class='ocrx_word' id='word_1_294' title='bbox 837 1090 897 1121; x_wconf 85' lang='grc' dir='ltr'><strong>καὶ</strong></span> <span class='ocrx_word' id='word_1_295' title='bbox 920 1086 956 1120; x_wconf 84' lang='grc' dir='ltr'><strong><em>οἱ</em></strong></span> <span class='ocrx_word' id='word_1_296' title='bbox 983 1086 1086 1132; x_wconf 74' lang='grc' dir='ltr'><strong>δημαὶ</strong></span> <span class='ocrx_word' id='word_1_297' title='bbox 1105 1099 1158 1142; x_wconf 41' lang='grc' dir='ltr'><strong><em>,εις</em></strong></span> <span class='ocrx_word' id='word_1_298' title='bbox 1177 1084 1334 1134; x_wconf 72' lang='grc' dir='ltr'><strong><em>θόρυβοι</em></strong></span> <span class='ocrx_word' id='word_1_299' title='bbox 1346 1089 1388 1122; x_wconf 84' lang='grc'><strong>20</strong></span> <span class='ocrx_word' id='word_1_300' title='bbox 1401 1098 1497 1127; x_wconf 86' lang='lat' dir='ltr'><strong>rum,</strong></span> <span class='ocrx_word' id='word_1_301' title='bbox 1531 1090 1567 1122; x_wconf 77' lang='lat' dir='ltr'><strong>et</strong></span> <span class='ocrx_word' id='word_1_302' title='bbox 1597 1086 1760 1130; x_wconf 81' lang='lat' dir='ltr'><strong>accipere</strong></span> <span class='ocrx_word' id='word_1_303' title='bbox 1791 1086 1997 1130; x_wconf 82' lang='lat' dir='ltr'><strong>suffragium</strong></span> <span class='ocrx_word' id='word_1_304' title='bbox 2021 1097 2043 1121; x_wconf 82' lang='lat' dir='ltr'><strong>a</strong></span> <span class='ocrx_word' id='word_1_305' title='bbox 2065 1086 2243 1122; x_wconf 84' lang='lat' dir='ltr'><strong>iudicibus</strong></span> <span class='ocrx_word' id='word_1_306' title='bbox 2273 1087 2384 1123; x_wconf 75' lang='lat' dir='ltr'><strong>totius</strong></span> <span class='ocrx_word' id='word_1_307' title='bbox 2410 1098 2471 1123; x_wconf 66' lang='grc' dir='ltr'><strong>Πθτ</strong></span> 
     </span>
    </p>
   </div>
   <div class='ocr_carea' id='block_1_16' title="bbox 257 1129 1334 1314">
    <p class='ocr_par' dir='ltr' id='par_1_16' title="bbox 257 1129 1334 1314">
     <span class='ocr_line' id='line_1_39' title="bbox 257 1129 1334 1178; baseline 0 -13"><span class='ocrx_word' id='word_1_308' title='bbox 257 1130 304 1165; x_wconf 81' lang='grc' dir='ltr'><strong>τὰ</strong></span> <span class='ocrx_word' id='word_1_309' title='bbox 335 1129 449 1166; x_wconf 79' lang='grc' dir='ltr'><strong><em>πολλὰ</em></strong></span> <span class='ocrx_word' id='word_1_310' title='bbox 478 1131 671 1176; x_wconf 82' lang='grc' dir='ltr'><strong><em>χρημάτων</em></strong></span> <span class='ocrx_word' id='word_1_311' title='bbox 697 1135 863 1178; x_wconf 85' lang='grc' dir='ltr'><strong><em>γίνονταί</em></strong></span> <span class='ocrx_word' id='word_1_312' title='bbox 889 1145 929 1166; x_wconf 84' lang='grc' dir='ltr'><strong>τε</strong></span> <span class='ocrx_word' id='word_1_313' title='bbox 951 1135 1011 1166; x_wconf 80' lang='grc' dir='ltr'><strong>καὶ</strong></span> <span class='ocrx_word' id='word_1_314' title='bbox 1041 1145 1231 1167; x_wconf 86' lang='grc' dir='ltr'><strong><em>παυονται.</em></strong></span> <span class='ocrx_word' id='word_1_315' title='bbox 1273 1135 1334 1166; x_wconf 82' lang='grc' dir='ltr'><strong>καὶ</strong></span> 
     </span>
     <span class='ocr_line' id='line_1_40' title="bbox 257 1173 1333 1223; baseline 0.004 -15"><span class='ocrx_word' id='word_1_316' title='bbox 257 1173 347 1210; x_wconf 76' lang='grc' dir='ltr'><strong><em>ὅλως</em></strong></span> <span class='ocrx_word' id='word_1_317' title='bbox 368 1179 436 1219; x_wconf 82' lang='grc' dir='ltr'><strong>μία</strong></span> <span class='ocrx_word' id='word_1_318' title='bbox 459 1187 512 1210; x_wconf 91' lang='grc' dir='ltr'><strong>τις</strong></span> <span class='ocrx_word' id='word_1_319' title='bbox 532 1178 631 1211; x_wconf 79' lang='grc' dir='ltr'><strong><em>ἐστὶν</em></strong></span> <span class='ocrx_word' id='word_1_320' title='bbox 653 1174 742 1220; x_wconf 69' lang='grc' dir='ltr'><strong><em>αὓτη</em></strong></span> <span class='ocrx_word' id='word_1_321' title='bbox 767 1177 918 1212; x_wconf 89' lang='grc' dir='ltr'><strong><em>πάντων</em></strong></span> <span class='ocrx_word' id='word_1_322' title='bbox 941 1174 1083 1223; x_wconf 80' lang='grc' dir='ltr'><strong><em>ἀφορμὴ</em></strong></span> <span class='ocrx_word' id='word_1_323' title='bbox 1099 1179 1177 1212; x_wconf 83' lang='grc' dir='ltr'><strong>τῶν</strong></span> <span class='ocrx_word' id='word_1_324' title='bbox 1200 1179 1333 1219; x_wconf 78' lang='grc' dir='ltr'><strong><em>κακῶν,</em></strong></span> 
     </span>
     <span class='ocr_line' id='line_1_41' title="bbox 257 1218 1333 1276; baseline 0.004 -23"><span class='ocrx_word' id='word_1_325' title='bbox 257 1224 316 1254; x_wconf 78' lang='grc' dir='ltr'><strong>καὶ</strong></span> <span class='ocrx_word' id='word_1_326' title='bbox 340 1219 382 1255; x_wconf 89' lang='grc' dir='ltr'><strong>τό</strong></span> <span class='ocrx_word' id='word_1_327' title='bbox 405 1233 446 1268; x_wconf 89' lang='grc' dir='ltr'><strong>γε</strong></span> <span class='ocrx_word' id='word_1_328' title='bbox 469 1218 718 1276; x_wconf 74' lang='grc' dir='ltr'><strong><em>ἀργυρολογεῖν</em></strong></span> <span class='ocrx_word' id='word_1_329' title='bbox 747 1222 809 1256; x_wconf 82' lang='grc' dir='ltr'><strong>τὰς</strong></span> <span class='ocrx_word' id='word_1_330' title='bbox 837 1220 943 1269; x_wconf 78' lang='grc' dir='ltr'><strong><em>ἀρχὰς</em></strong></span> <span class='ocrx_word' id='word_1_331' title='bbox 972 1222 1086 1265; x_wconf 84' lang='grc' dir='ltr'><strong><em>πάσης</em></strong></span> <span class='ocrx_word' id='word_1_332' title='bbox 1115 1225 1192 1256; x_wconf 80' lang='grc' dir='ltr'><strong><em>ἐστὶ</em></strong></span> <span class='ocrx_word' id='word_1_333' title='bbox 1223 1235 1333 1264; x_wconf 88' lang='grc' dir='ltr'><strong><em>πονη-</em></strong></span> 
     </span>
     <span class='ocr_line' id='line_1_42' title="bbox 257 1266 1334 1314; baseline 0.001 -15"><span class='ocrx_word' id='word_1_334' title='bbox 257 1269 333 1312; x_wconf 88' lang='grc' dir='ltr'><strong><em>ρίας</em></strong></span> <span class='ocrx_word' id='word_1_335' title='bbox 351 1269 542 1312; x_wconf 84' lang='grc' dir='ltr'><strong><em>προοίμιον</em></strong></span> <span class='ocrx_word' id='word_1_336' title='bbox 561 1279 601 1300; x_wconf 80' lang='grc' dir='ltr'><strong>τε</strong></span> <span class='ocrx_word' id='word_1_337' title='bbox 620 1270 679 1300; x_wconf 84' lang='grc' dir='ltr'><strong>καὶ</strong></span> <span class='ocrx_word' id='word_1_338' title='bbox 703 1269 828 1314; x_wconf 80' lang='grc' dir='ltr'><strong><em>πέρας·</em></strong></span> <span class='ocrx_word' id='word_1_339' title='bbox 852 1271 912 1301; x_wconf 84' lang='grc' dir='ltr'><strong>καὶ</strong></span> <span class='ocrx_word' id='word_1_340' title='bbox 929 1268 1031 1301; x_wconf 73' lang='grc' dir='ltr'><strong><em>ἔστιν</em></strong></span> <span class='ocrx_word' id='word_1_341' title='bbox 1050 1266 1120 1313; x_wconf 81' lang='grc' dir='ltr'><strong>ἄρα</strong></span> <span class='ocrx_word' id='word_1_342' title='bbox 1143 1270 1203 1301; x_wconf 88' lang='grc' dir='ltr'><strong>καὶ</strong></span> <span class='ocrx_word' id='word_1_343' title='bbox 1226 1269 1334 1302; x_wconf 85' lang='grc' dir='ltr'><strong><em>τοῦτο</em></strong></span> 
     </span>
    </p>
   </div>
   <div class='ocr_carea' id='block_1_17' title="bbox 1401 1131 2474 1311">
    <p class='ocr_par' dir='ltr' id='par_1_17' title="bbox 1401 1131 2474 1311">
     <span class='ocr_line' id='line_1_43' title="bbox 1403 1131 2472 1177; baseline 0.002 -11"><span class='ocrx_word' id='word_1_344' title='bbox 1403 1132 1535 1176; x_wconf 84' lang='lat' dir='ltr'><strong>quitiae</strong></span> <span class='ocrx_word' id='word_1_345' title='bbox 1559 1134 1613 1166; x_wconf 85' lang='lat' dir='ltr'><strong>est</strong></span> <span class='ocrx_word' id='word_1_346' title='bbox 1635 1131 1848 1175; x_wconf 86' lang='lat' dir='ltr'><strong>principium</strong></span> <span class='ocrx_word' id='word_1_347' title='bbox 1871 1136 1906 1166; x_wconf 88' lang='lat' dir='ltr'><strong>et</strong></span> <span class='ocrx_word' id='word_1_348' title='bbox 1934 1132 2122 1167; x_wconf 91' lang='lat' dir='ltr'><strong>terminus:</strong></span> <span class='ocrx_word' id='word_1_349' title='bbox 2165 1137 2219 1167; x_wconf 89' lang='lat' dir='ltr'><strong>est</strong></span> <span class='ocrx_word' id='word_1_350' title='bbox 2243 1141 2383 1177; x_wconf 85' lang='lat' dir='ltr'><strong>quoque</strong></span> <span class='ocrx_word' id='word_1_351' title='bbox 2404 1132 2472 1168; x_wconf 87' lang='lat' dir='ltr'><strong>hoc</strong></span> 
     </span>
     <span class='ocr_line' id='line_1_44' title="bbox 1402 1176 2472 1222; baseline 0.001 -10"><span class='ocrx_word' id='word_1_352' title='bbox 1402 1187 1586 1212; x_wconf 85' lang='lat' dir='ltr'><strong>sacrorum</strong></span> <span class='ocrx_word' id='word_1_353' title='bbox 1610 1176 1830 1220; x_wconf 90' lang='lat' dir='ltr'><strong>eloquiorum</strong></span> <span class='ocrx_word' id='word_1_354' title='bbox 1853 1176 2014 1211; x_wconf 88' lang='lat' dir='ltr'><strong>mirabile</strong></span> <span class='ocrx_word' id='word_1_355' title='bbox 2044 1180 2080 1212; x_wconf 88' lang='lat' dir='ltr'><strong>et</strong></span> <span class='ocrx_word' id='word_1_356' title='bbox 2103 1187 2240 1218; x_wconf 84' lang='lat' dir='ltr'><strong>verum,</strong></span> <span class='ocrx_word' id='word_1_357' title='bbox 2272 1177 2368 1222; x_wconf 90' lang='lat' dir='ltr'><strong>quod</strong></span> <span class='ocrx_word' id='word_1_358' title='bbox 2391 1187 2472 1213; x_wconf 86' lang='lat' dir='ltr'><strong>ava-</strong></span> 
     </span>
     <span class='ocr_line' id='line_1_45' title="bbox 1402 1221 2474 1267; baseline 0.001 -11"><span class='ocrx_word' id='word_1_359' title='bbox 1402 1223 1484 1257; x_wconf 86' lang='lat' dir='ltr'><strong>ritia</strong></span> <span class='ocrx_word' id='word_1_360' title='bbox 1507 1221 1661 1257; x_wconf 90' lang='lat' dir='ltr'><strong>omnium</strong></span> <span class='ocrx_word' id='word_1_361' title='bbox 1685 1222 1732 1256; x_wconf 88' lang='lat' dir='ltr'><strong>sit</strong></span> <span class='ocrx_word' id='word_1_362' title='bbox 1755 1224 1868 1256; x_wconf 86' lang='lat' dir='ltr'><strong>mater</strong></span> <span class='ocrx_word' id='word_1_363' title='bbox 1890 1222 2072 1265; x_wconf 89' lang='lat' dir='ltr'><strong>malorum,</strong></span> <span class='ocrx_word' id='word_1_364' title='bbox 2101 1226 2139 1257; x_wconf 90' lang='lat' dir='ltr'><strong>et</strong></span> <span class='ocrx_word' id='word_1_365' title='bbox 2160 1222 2311 1257; x_wconf 88' lang='lat' dir='ltr'><strong>maxime</strong></span> <span class='ocrx_word' id='word_1_366' title='bbox 2333 1222 2474 1267; x_wconf 84' lang='lat' dir='ltr'><strong>quando</strong></span> 
     </span>
     <span class='ocr_line' id='line_1_46' title="bbox 1401 1267 2470 1311; baseline 0 -10"><span class='ocrx_word' id='word_1_367' title='bbox 1401 1278 1475 1302; x_wconf 89' lang='lat' dir='ltr'><strong>non</strong></span> <span class='ocrx_word' id='word_1_368' title='bbox 1509 1268 1743 1311; x_wconf 88' lang='lat' dir='ltr'><strong>privatorum,</strong></span> <span class='ocrx_word' id='word_1_369' title='bbox 1787 1267 1849 1301; x_wconf 92' lang='lat' dir='ltr'><strong>sed</strong></span> <span class='ocrx_word' id='word_1_370' title='bbox 1882 1267 2037 1302; x_wconf 90' lang='lat' dir='ltr'><strong>iudicum</strong></span> <span class='ocrx_word' id='word_1_371' title='bbox 2081 1267 2242 1303; x_wconf 87' lang='lat' dir='ltr'><strong>inhaeret</strong></span> <span class='ocrx_word' id='word_1_372' title='bbox 2275 1267 2470 1302; x_wconf 84' lang='lat' dir='ltr'><strong>animabus.</strong></span> 
     </span>
    </p>
   </div>
   <div class='ocr_carea' id='block_1_18' title="bbox 257 1310 2472 1359">
    <p class='ocr_par' dir='ltr' id='par_1_18' title="bbox 257 1310 2472 1359">
     <span class='ocr_line' id='line_1_47' title="bbox 257 1310 2472 1359; baseline 0.001 -14"><span class='ocrx_word' id='word_1_373' title='bbox 257 1324 335 1345; x_wconf 86' lang='grc' dir='ltr'><strong>των</strong></span> <span class='ocrx_word' id='word_1_374' title='bbox 364 1311 482 1346; x_wconf 75' lang='grc' dir='ltr'><strong><em>θείων</em></strong></span> <span class='ocrx_word' id='word_1_375' title='bbox 513 1310 644 1359; x_wconf 80' lang='grc' dir='ltr'><strong><em>λογίων</em></strong></span> <span class='ocrx_word' id='word_1_376' title='bbox 675 1312 891 1356; x_wconf 74' lang='grc' dir='ltr'><strong><em>θαυμαστόν</em></strong></span> <span class='ocrx_word' id='word_1_377' title='bbox 921 1326 960 1346; x_wconf 82' lang='grc' dir='ltr'><strong>τε</strong></span> <span class='ocrx_word' id='word_1_378' title='bbox 990 1315 1049 1346; x_wconf 85' lang='grc' dir='ltr'><strong>καὶ</strong></span> <span class='ocrx_word' id='word_1_379' title='bbox 1080 1310 1334 1356; x_wconf 72' lang='grc' dir='ltr'><strong><em>ἀληθέστατον</em></strong></span> <span class='ocrx_word' id='word_1_380' title='bbox 1348 1314 1389 1346; x_wconf 82' lang='lat'><strong>25</strong></span> <span class='ocrx_word' id='word_1_381' title='bbox 1403 1312 1488 1355; x_wconf 79' lang='lat' dir='ltr'><strong>Quis</strong></span> <span class='ocrx_word' id='word_1_382' title='bbox 1513 1312 1605 1346; x_wconf 90' lang='lat' dir='ltr'><strong>enim</strong></span> <span class='ocrx_word' id='word_1_383' title='bbox 1629 1311 1705 1347; x_wconf 86' lang='lat' dir='ltr'><strong>sine</strong></span> <span class='ocrx_word' id='word_1_384' title='bbox 1728 1312 1886 1356; x_wconf 89' lang='lat' dir='ltr'><strong>periculo</strong></span> <span class='ocrx_word' id='word_1_385' title='bbox 1903 1322 1975 1347; x_wconf 90' lang='lat' dir='ltr'><strong>non</strong></span> <span class='ocrx_word' id='word_1_386' title='bbox 1991 1312 2142 1355; x_wconf 83' lang='lat' dir='ltr'><strong>furetur,</strong></span> <span class='ocrx_word' id='word_1_387' title='bbox 2166 1313 2245 1357; x_wconf 87' lang='lat' dir='ltr'><strong>quis</strong></span> <span class='ocrx_word' id='word_1_388' title='bbox 2268 1323 2340 1348; x_wconf 92' lang='lat' dir='ltr'><strong>non</strong></span> <span class='ocrx_word' id='word_1_389' title='bbox 2363 1313 2472 1347; x_wconf 92' lang='lat' dir='ltr'><strong>latro-</strong></span> 
     </span>
    </p>
   </div>
   <div class='ocr_carea' id='block_1_19' title="bbox 257 1354 1335 1534">
    <p class='ocr_par' dir='ltr' id='par_1_19' title="bbox 257 1354 1335 1534">
     <span class='ocr_line' id='line_1_48' title="bbox 257 1354 1333 1404; baseline -0.001 -14"><span class='ocrx_word' id='word_1_390' title='bbox 257 1355 300 1390; x_wconf 83' lang='grc' dir='ltr'><strong>τὸ</strong></span> <span class='ocrx_word' id='word_1_391' title='bbox 332 1354 399 1399; x_wconf 85' lang='grc' dir='ltr'><strong>τὴν</strong></span> <span class='ocrx_word' id='word_1_392' title='bbox 431 1355 520 1402; x_wconf 84' lang='grc' dir='ltr'><strong><em>φιλα</em></strong></span> <span class='ocrx_word' id='word_1_393' title='bbox 541 1360 668 1404; x_wconf 88' lang='grc' dir='ltr'><strong><em>γυρίαν</em></strong></span> <span class='ocrx_word' id='word_1_394' title='bbox 698 1357 849 1391; x_wconf 84' lang='grc' dir='ltr'><strong><em>πάντων</em></strong></span> <span class='ocrx_word' id='word_1_395' title='bbox 879 1357 971 1391; x_wconf 84' lang='grc' dir='ltr'><strong><em>εἶναι</em></strong></span> <span class='ocrx_word' id='word_1_396' title='bbox 1000 1361 1135 1404; x_wconf 77' lang='grc' dir='ltr'><strong><em>μητέρα</em></strong></span> <span class='ocrx_word' id='word_1_397' title='bbox 1166 1359 1245 1391; x_wconf 77' lang='grc' dir='ltr'><strong>τῶν</strong></span> <span class='ocrx_word' id='word_1_398' title='bbox 1273 1371 1333 1390; x_wconf 88' lang='grc' dir='ltr'><strong>κα-</strong></span> 
     </span>
     <span class='ocr_line' id='line_1_49' title="bbox 257 1399 1335 1446; baseline 0.002 -12"><span class='ocrx_word' id='word_1_399' title='bbox 257 1402 344 1442; x_wconf 84' lang='grc' dir='ltr'><strong><em>κῶν,</em></strong></span> <span class='ocrx_word' id='word_1_400' title='bbox 374 1404 435 1434; x_wconf 80' lang='grc' dir='ltr'><strong>καὶ</strong></span> <span class='ocrx_word' id='word_1_401' title='bbox 464 1399 513 1445; x_wconf 81' lang='grc' dir='ltr'><strong>μά</strong></span> <span class='ocrx_word' id='word_1_402' title='bbox 538 1414 621 1436; x_wconf 88' lang='grc' dir='ltr'><strong><em>ιστα</em></strong></span> <span class='ocrx_word' id='word_1_403' title='bbox 643 1399 739 1436; x_wconf 73' lang='grc' dir='ltr'><strong><em>ὅταν</em></strong></span> <span class='ocrx_word' id='word_1_404' title='bbox 761 1401 810 1446; x_wconf 86' lang='grc' dir='ltr'><strong>μὴ</strong></span> <span class='ocrx_word' id='word_1_405' title='bbox 832 1406 909 1437; x_wconf 82' lang='grc' dir='ltr'><strong><em>ταῖς</em></strong></span> <span class='ocrx_word' id='word_1_406' title='bbox 932 1404 1010 1436; x_wconf 76' lang='grc' dir='ltr'><strong>τῶν</strong></span> <span class='ocrx_word' id='word_1_407' title='bbox 1042 1402 1212 1443; x_wconf 77' lang='grc' dir='ltr'><strong><em>ἰδιωτῶν,</em></strong></span> <span class='ocrx_word' id='word_1_408' title='bbox 1247 1400 1335 1436; x_wconf 77' lang='grc' dir='ltr'><strong><em>ἀλλὰ</em></strong></span> 
     </span>
     <span class='ocr_line' id='line_1_50' title="bbox 257 1445 1334 1495; baseline 0.001 -15"><span class='ocrx_word' id='word_1_409' title='bbox 257 1449 335 1480; x_wconf 85' lang='grc' dir='ltr'><strong><em>ταῖς</em></strong></span> <span class='ocrx_word' id='word_1_410' title='bbox 362 1447 441 1480; x_wconf 82' lang='grc' dir='ltr'><strong>τῶν</strong></span> <span class='ocrx_word' id='word_1_411' title='bbox 471 1445 659 1494; x_wconf 78' lang='grc' dir='ltr'><strong><em>ἀρχόντων</em></strong></span> <span class='ocrx_word' id='word_1_412' title='bbox 684 1449 869 1494; x_wconf 81' lang='grc' dir='ltr'><strong><em>ἐγγένηται</em></strong></span> <span class='ocrx_word' id='word_1_413' title='bbox 899 1450 1036 1492; x_wconf 80' lang='grc' dir='ltr'><strong><em>ψυχαῖς.</em></strong></span> <span class='ocrx_word' id='word_1_414' title='bbox 1090 1452 1143 1481; x_wconf 83' lang='grc' dir='ltr'><strong>Τίς</strong></span> <span class='ocrx_word' id='word_1_415' title='bbox 1174 1447 1241 1495; x_wconf 86' lang='grc' dir='ltr'><strong><em>γὰρ</em></strong></span> <span class='ocrx_word' id='word_1_416' title='bbox 1271 1445 1334 1481; x_wconf 80' lang='grc' dir='ltr'><strong>οὐκ</strong></span> 
     </span>
     <span class='ocr_line' id='line_1_51' title="bbox 258 1486 1334 1534; baseline 0.003 -11"><span class='ocrx_word' id='word_1_417' title='bbox 258 1489 306 1525; x_wconf 78' lang='grc' dir='ltr'><strong>ἂν</strong></span> <span class='ocrx_word' id='word_1_418' title='bbox 327 1486 528 1526; x_wconf 78' lang='grc' dir='ltr'><strong><em>ἀκινδύνως</em></strong></span> <span class='ocrx_word' id='word_1_419' title='bbox 550 1491 713 1533; x_wconf 77' lang='grc' dir='ltr'><strong><em>κλέπτοι,</em></strong></span> <span class='ocrx_word' id='word_1_420' title='bbox 733 1496 786 1526; x_wconf 89' lang='grc' dir='ltr'><strong>τίς</strong></span> <span class='ocrx_word' id='word_1_421' title='bbox 810 1490 849 1526; x_wconf 76' lang='grc' dir='ltr'><strong>δὲ</strong></span> <span class='ocrx_word' id='word_1_422' title='bbox 872 1491 934 1527; x_wconf 74' lang='grc' dir='ltr'><strong>οὐκ</strong></span> <span class='ocrx_word' id='word_1_423' title='bbox 957 1491 1002 1526; x_wconf 81' lang='grc' dir='ltr'><strong>ἂν</strong></span> <span class='ocrx_word' id='word_1_424' title='bbox 1029 1491 1253 1534; x_wconf 78' lang='grc' dir='ltr'><strong><em>ληστεύσειεν</em></strong></span> <span class='ocrx_word' id='word_1_425' title='bbox 1275 1490 1334 1526; x_wconf 82' lang='grc' dir='ltr'><strong>ἀν·</strong></span> 
     </span>
    </p>
   </div>
   <div class='ocr_carea' id='block_1_20' title="bbox 1402 1356 2475 1528">
    <p class='ocr_par' dir='ltr' id='par_1_20' title="bbox 1402 1356 2475 1528">
     <span class='ocr_line' id='line_1_52' title="bbox 1405 1356 2472 1402; baseline 0.002 -11"><span class='ocrx_word' id='word_1_426' title='bbox 1405 1357 1582 1392; x_wconf 89' lang='lat' dir='ltr'><strong>cinabitur</strong></span> <span class='ocrx_word' id='word_1_427' title='bbox 1599 1357 1674 1392; x_wconf 89' lang='lat' dir='ltr'><strong>sine</strong></span> <span class='ocrx_word' id='word_1_428' title='bbox 1689 1359 1790 1391; x_wconf 88' lang='lat' dir='ltr'><strong>reatu</strong></span> <span class='ocrx_word' id='word_1_429' title='bbox 1804 1356 2122 1393; x_wconf 84' lang='lat' dir='ltr'><strong>administratorem</strong></span> <span class='ocrx_word' id='word_1_430' title='bbox 2138 1358 2358 1402; x_wconf 81' lang='lat' dir='ltr'><strong>respiciens?</strong></span> <span class='ocrx_word' id='word_1_431' title='bbox 2376 1358 2472 1393; x_wconf 90' lang='lat' dir='ltr'><strong>illum</strong></span> 
     </span>
     <span class='ocr_line' id='line_1_53' title="bbox 1403 1402 2472 1448; baseline 0.002 -12"><span class='ocrx_word' id='word_1_432' title='bbox 1403 1412 1554 1446; x_wconf 88' lang='lat' dir='ltr'><strong>namque</strong></span> <span class='ocrx_word' id='word_1_433' title='bbox 1586 1402 1706 1436; x_wconf 88' lang='lat' dir='ltr'><strong>videns</strong></span> <span class='ocrx_word' id='word_1_434' title='bbox 1736 1402 1853 1437; x_wconf 88' lang='lat' dir='ltr'><strong>omnia</strong></span> <span class='ocrx_word' id='word_1_435' title='bbox 1883 1412 1970 1437; x_wconf 91' lang='lat' dir='ltr'><strong>auro</strong></span> <span class='ocrx_word' id='word_1_436' title='bbox 2001 1403 2225 1446; x_wconf 87' lang='lat' dir='ltr'><strong>vendentem,</strong></span> <span class='ocrx_word' id='word_1_437' title='bbox 2258 1405 2294 1438; x_wconf 90' lang='lat' dir='ltr'><strong>et</strong></span> <span class='ocrx_word' id='word_1_438' title='bbox 2325 1413 2472 1448; x_wconf 89' lang='lat' dir='ltr'><strong>praesu-</strong></span> 
     </span>
     <span class='ocr_line' id='line_1_54' title="bbox 1402 1447 2473 1493; baseline 0.002 -12"><span class='ocrx_word' id='word_1_439' title='bbox 1402 1457 1501 1482; x_wconf 88' lang='lat' dir='ltr'><strong>mens</strong></span> <span class='ocrx_word' id='word_1_440' title='bbox 1526 1447 1627 1491; x_wconf 86' lang='lat' dir='ltr'><strong>quia,</strong></span> <span class='ocrx_word' id='word_1_441' title='bbox 1660 1447 1828 1492; x_wconf 90' lang='lat' dir='ltr'><strong>quicquid</strong></span> <span class='ocrx_word' id='word_1_442' title='bbox 1857 1447 1965 1491; x_wconf 87' lang='lat' dir='ltr'><strong>egerit</strong></span> <span class='ocrx_word' id='word_1_443' title='bbox 1993 1447 2171 1489; x_wconf 91' lang='lat' dir='ltr'><strong>illicitum,</strong></span> <span class='ocrx_word' id='word_1_444' title='bbox 2205 1448 2275 1484; x_wconf 90' lang='lat' dir='ltr'><strong>hoc</strong></span> <span class='ocrx_word' id='word_1_445' title='bbox 2305 1449 2473 1493; x_wconf 87' lang='lat' dir='ltr'><strong>pecunias</strong></span> 
     </span>
     <span class='ocr_line' id='line_1_55' title="bbox 1404 1492 2475 1528; baseline 0.002 -2"><span class='ocrx_word' id='word_1_446' title='bbox 1404 1492 1520 1527; x_wconf 91' lang='lat' dir='ltr'><strong>dando</strong></span> <span class='ocrx_word' id='word_1_447' title='bbox 1552 1493 1708 1527; x_wconf 87' lang='lat' dir='ltr'><strong>redimet.</strong></span> <span class='ocrx_word' id='word_1_448' title='bbox 1755 1492 1849 1526; x_wconf 91' lang='lat' dir='ltr'><strong>Hinc</strong></span> <span class='ocrx_word' id='word_1_449' title='bbox 1879 1492 2105 1527; x_wconf 88' lang='lat' dir='ltr'><strong>homicidium</strong></span> <span class='ocrx_word' id='word_1_450' title='bbox 2136 1497 2171 1527; x_wconf 91' lang='lat' dir='ltr'><strong>et</strong></span> <span class='ocrx_word' id='word_1_451' title='bbox 2201 1493 2412 1528; x_wconf 85' lang='lat' dir='ltr'><strong>adulterium</strong></span> <span class='ocrx_word' id='word_1_452' title='bbox 2439 1495 2475 1528; x_wconf 84' lang='lat' dir='ltr'><strong>et</strong></span> 
     </span>
    </p>
   </div>
   <div class='ocr_carea' id='block_1_21' title="bbox 257 1534 2475 1591">
    <p class='ocr_par' dir='ltr' id='par_1_21' title="bbox 257 1534 2475 1591">
     <span class='ocr_line' id='line_1_56' title="bbox 257 1534 2475 1591; baseline 0.002 -22"><span class='ocrx_word' id='word_1_453' title='bbox 257 1534 414 1578; x_wconf 61' lang='grc' dir='ltr'><strong><em>εὔθυνα,</em></strong></span> <span class='ocrx_word' id='word_1_454' title='bbox 453 1538 500 1571; x_wconf 79' lang='grc' dir='ltr'><strong><em>εἰς</em></strong></span> <span class='ocrx_word' id='word_1_455' title='bbox 534 1536 601 1580; x_wconf 85' lang='grc' dir='ltr'><strong>τὴν</strong></span> <span class='ocrx_word' id='word_1_456' title='bbox 635 1535 745 1591; x_wconf 70' lang='grc' dir='ltr'><strong><em>ἀρχὴν</em></strong></span> <span class='ocrx_word' id='word_1_457' title='bbox 778 1534 1000 1581; x_wconf 74' lang='grc' dir='ltr'><strong><em>ἀποβλέπων</em></strong></span> <span class='ocrx_word' id='word_1_458' title='bbox 1040 1535 1203 1590; x_wconf 69' lang='grc' dir='ltr'><strong><em>κάκείνην</em></strong></span> <span class='ocrx_word' id='word_1_459' title='bbox 1238 1534 1335 1591; x_wconf 50' lang='grc' dir='ltr'><strong><em>(ἱρῶν</em></strong></span> <span class='ocrx_word' id='word_1_460' title='bbox 1350 1539 1390 1570; x_wconf 89' lang='grc'><strong>30</strong></span> <span class='ocrx_word' id='word_1_461' title='bbox 1404 1538 1604 1572; x_wconf 87' lang='lat' dir='ltr'><strong>invasiones</strong></span> <span class='ocrx_word' id='word_1_462' title='bbox 1639 1541 1674 1572; x_wconf 91' lang='lat' dir='ltr'><strong>et</strong></span> <span class='ocrx_word' id='word_1_463' title='bbox 1706 1538 1854 1572; x_wconf 86' lang='lat' dir='ltr'><strong>vulnera</strong></span> <span class='ocrx_word' id='word_1_464' title='bbox 1891 1541 1926 1571; x_wconf 91' lang='lat' dir='ltr'><strong>et</strong></span> <span class='ocrx_word' id='word_1_465' title='bbox 1955 1542 2079 1582; x_wconf 88' lang='lat' dir='ltr'><strong>raptus</strong></span> <span class='ocrx_word' id='word_1_466' title='bbox 2113 1538 2284 1582; x_wconf 85' lang='lat' dir='ltr'><strong>virginum</strong></span> <span class='ocrx_word' id='word_1_467' title='bbox 2315 1542 2352 1573; x_wconf 89' lang='lat' dir='ltr'><strong>et</strong></span> <span class='ocrx_word' id='word_1_468' title='bbox 2381 1548 2475 1574; x_wconf 87' lang='lat' dir='ltr'><strong>com·</strong></span> 
     </span>
    </p>
   </div>
   <div class='ocr_carea' id='block_1_22' title="bbox 256 1578 1335 1774">
    <p class='ocr_par' dir='ltr' id='par_1_22' title="bbox 256 1578 1335 1774">
     <span class='ocr_line' id='line_1_57' title="bbox 256 1578 1334 1629; baseline 0 -14"><span class='ocrx_word' id='word_1_469' title='bbox 256 1578 404 1615; x_wconf 72' lang='grc' dir='ltr'><strong><em>ἅπαντα</em></strong></span> <span class='ocrx_word' id='word_1_470' title='bbox 426 1586 569 1627; x_wconf 86' lang='grc' dir='ltr'><strong><em>χρυσίου</em></strong></span> <span class='ocrx_word' id='word_1_471' title='bbox 592 1594 882 1629; x_wconf 84' lang='grc' dir='ltr'><strong><em>πιπρασκουσαν,</em></strong></span> <span class='ocrx_word' id='word_1_472' title='bbox 906 1586 966 1616; x_wconf 86' lang='grc' dir='ltr'><strong>καὶ</strong></span> <span class='ocrx_word' id='word_1_473' title='bbox 989 1583 1145 1629; x_wconf 75' lang='grc' dir='ltr'><strong><em>θαρρῶν</em></strong></span> <span class='ocrx_word' id='word_1_474' title='bbox 1165 1594 1222 1624; x_wconf 86' lang='grc' dir='ltr'><strong>ως,</strong></span> <span class='ocrx_word' id='word_1_475' title='bbox 1245 1581 1334 1628; x_wconf 79' lang='grc' dir='ltr'><strong><em>οπερ</em></strong></span> 
     </span>
     <span class='ocr_line' id='line_1_58' title="bbox 256 1624 1332 1672; baseline 0.002 -13"><span class='ocrx_word' id='word_1_476' title='bbox 256 1624 303 1660; x_wconf 81' lang='grc' dir='ltr'><strong>ἂν</strong></span> <span class='ocrx_word' id='word_1_477' title='bbox 322 1624 489 1671; x_wconf 78' lang='grc' dir='ltr'><strong><em>πράξειεν</em></strong></span> <span class='ocrx_word' id='word_1_478' title='bbox 511 1626 660 1668; x_wconf 76' lang='grc' dir='ltr'><strong><em>ἄτοπον,</em></strong></span> <span class='ocrx_word' id='word_1_479' title='bbox 686 1628 792 1661; x_wconf 78' lang='grc' dir='ltr'><strong><em>τοῦτο</em></strong></span> <span class='ocrx_word' id='word_1_480' title='bbox 812 1626 976 1672; x_wconf 81' lang='grc' dir='ltr'><strong><em>χρήματα</em></strong></span> <span class='ocrx_word' id='word_1_481' title='bbox 997 1626 1077 1662; x_wconf 75' lang='grc' dir='ltr'><strong><em>δοὺς</em></strong></span> <span class='ocrx_word' id='word_1_482' title='bbox 1101 1628 1332 1670; x_wconf 72' lang='grc' dir='ltr'><strong><em>ἐξωνήσεταις</em></strong></span> 
     </span>
     <span class='ocr_line' id='line_1_59' title="bbox 257 1668 1335 1718; baseline 0.002 -14"><span class='ocrx_word' id='word_1_483' title='bbox 257 1672 431 1705; x_wconf 75' lang='grc' dir='ltr'><strong><em>ἐντεῦθεν</em></strong></span> <span class='ocrx_word' id='word_1_484' title='bbox 461 1668 696 1718; x_wconf 80' lang='grc' dir='ltr'><strong><em>ἀνδροφονίαι</em></strong></span> <span class='ocrx_word' id='word_1_485' title='bbox 719 1685 759 1706; x_wconf 85' lang='grc' dir='ltr'><strong>τε</strong></span> <span class='ocrx_word' id='word_1_486' title='bbox 788 1676 846 1706; x_wconf 87' lang='grc' dir='ltr'><strong>καὶ</strong></span> <span class='ocrx_word' id='word_1_487' title='bbox 869 1675 1022 1716; x_wconf 86' lang='grc' dir='ltr'><strong><em>μοιχεῖαι</em></strong></span> <span class='ocrx_word' id='word_1_488' title='bbox 1045 1675 1105 1707; x_wconf 83' lang='grc' dir='ltr'><strong>καὶ</strong></span> <span class='ocrx_word' id='word_1_489' title='bbox 1128 1671 1252 1718; x_wconf 82' lang='grc' dir='ltr'><strong><em>ἔφοδοι</em></strong></span> <span class='ocrx_word' id='word_1_490' title='bbox 1275 1676 1335 1706; x_wconf 83' lang='grc' dir='ltr'><strong>καὶ</strong></span> 
     </span>
     <span class='ocr_line' id='line_1_60' title="bbox 257 1714 1334 1774; baseline 0.003 -25"><span class='ocrx_word' id='word_1_491' title='bbox 257 1715 391 1772; x_wconf 63' lang='grc' dir='ltr'><strong><em>πληγαὶ</em></strong></span> <span class='ocrx_word' id='word_1_492' title='bbox 411 1719 470 1749; x_wconf 81' lang='grc' dir='ltr'><strong>καὶ</strong></span> <span class='ocrx_word' id='word_1_493' title='bbox 494 1714 654 1764; x_wconf 78' lang='grc' dir='ltr'><strong><em>ἁρπαγαὶ</em></strong></span> <span class='ocrx_word' id='word_1_494' title='bbox 678 1717 882 1763; x_wconf 72' lang='grc' dir='ltr'><strong><em>παρθένων</em></strong></span> <span class='ocrx_word' id='word_1_495' title='bbox 908 1716 1230 1773; x_wconf 25' lang='grc' dir='ltr'><strong><em>καὶθπανηγύρεων</em></strong></span> <span class='ocrx_word' id='word_1_496' title='bbox 1255 1729 1334 1774; x_wconf 50' lang='lat'><em>‹51:7-</em></span> 
     </span>
    </p>
   </div>
   <div class='ocr_carea' id='block_1_23' title="bbox 1402 1582 2476 1762">
    <p class='ocr_par' dir='ltr' id='par_1_23' title="bbox 1402 1582 2476 1762">
     <span class='ocr_line' id='line_1_61' title="bbox 1402 1582 2474 1628; baseline 0.001 -11"><span class='ocrx_word' id='word_1_497' title='bbox 1402 1582 1612 1618; x_wconf 90' lang='lat' dir='ltr'><strong>merciorum</strong></span> <span class='ocrx_word' id='word_1_498' title='bbox 1632 1582 1793 1618; x_wconf 88' lang='lat' dir='ltr'><strong>confusio</strong></span> <span class='ocrx_word' id='word_1_499' title='bbox 1817 1586 1854 1617; x_wconf 89' lang='lat' dir='ltr'><strong>et</strong></span> <span class='ocrx_word' id='word_1_500' title='bbox 1877 1585 2098 1628; x_wconf 82' lang='lat' dir='ltr'><strong>contemptus</strong></span> <span class='ocrx_word' id='word_1_501' title='bbox 2121 1583 2236 1627; x_wconf 88' lang='lat' dir='ltr'><strong>legum</strong></span> <span class='ocrx_word' id='word_1_502' title='bbox 2253 1588 2289 1618; x_wconf 90' lang='lat' dir='ltr'><strong>et</strong></span> <span class='ocrx_word' id='word_1_503' title='bbox 2310 1583 2474 1627; x_wconf 87' lang='lat' dir='ltr'><strong>iudicum,</strong></span> 
     </span>
     <span class='ocr_line' id='line_1_62' title="bbox 1404 1627 2475 1673; baseline 0.001 -11"><span class='ocrx_word' id='word_1_504' title='bbox 1404 1628 1566 1662; x_wconf 90' lang='lat' dir='ltr'><strong>omnibus</strong></span> <span class='ocrx_word' id='word_1_505' title='bbox 1582 1628 1672 1662; x_wconf 89' lang='lat' dir='ltr'><strong>haec</strong></span> <span class='ocrx_word' id='word_1_506' title='bbox 1690 1627 1829 1662; x_wconf 85' lang='lat' dir='ltr'><strong>venalia</strong></span> <span class='ocrx_word' id='word_1_507' title='bbox 1844 1628 2030 1672; x_wconf 87' lang='lat' dir='ltr'><strong>proposita</strong></span> <span class='ocrx_word' id='word_1_508' title='bbox 2047 1638 2125 1663; x_wconf 87' lang='lat' dir='ltr'><strong>esse</strong></span> <span class='ocrx_word' id='word_1_509' title='bbox 2142 1628 2362 1673; x_wconf 84' lang='lat' dir='ltr'><strong>putantibus,</strong></span> <span class='ocrx_word' id='word_1_510' title='bbox 2386 1633 2475 1663; x_wconf 86' lang='lat' dir='ltr'><strong>tam—</strong></span> 
     </span>
     <span class='ocr_line' id='line_1_63' title="bbox 1404 1673 2476 1718; baseline 0.001 -10"><span class='ocrx_word' id='word_1_511' title='bbox 1404 1683 1510 1717; x_wconf 90' lang='lat' dir='ltr'><strong>quam</strong></span> <span class='ocrx_word' id='word_1_512' title='bbox 1541 1673 1673 1717; x_wconf 87' lang='lat' dir='ltr'><strong>aliquid</strong></span> <span class='ocrx_word' id='word_1_513' title='bbox 1701 1674 1915 1717; x_wconf 90' lang='lat' dir='ltr'><strong>optimorum</strong></span> <span class='ocrx_word' id='word_1_514' title='bbox 1944 1673 2208 1718; x_wconf 89' lang='lat' dir='ltr'><strong>mancipiorum.</strong></span> <span class='ocrx_word' id='word_1_515' title='bbox 2260 1673 2331 1709; x_wconf 88' lang='lat' dir='ltr'><strong>Sed</strong></span> <span class='ocrx_word' id='word_1_516' title='bbox 2362 1684 2476 1718; x_wconf 90' lang='lat' dir='ltr'><strong>neque</strong></span> 
     </span>
     <span class='ocr_line' id='line_1_64' title="bbox 1404 1717 2475 1762; baseline 0.002 -10"><span class='ocrx_word' id='word_1_517' title='bbox 1404 1718 1621 1753; x_wconf 85' lang='lat' dir='ltr'><strong>sufficiemus</strong></span> <span class='ocrx_word' id='word_1_518' title='bbox 1659 1717 1881 1753; x_wconf 88' lang='lat' dir='ltr'><strong>considerate</strong></span> <span class='ocrx_word' id='word_1_519' title='bbox 1912 1727 2105 1762; x_wconf 87' lang='lat' dir='ltr'><strong>exponere,</strong></span> <span class='ocrx_word' id='word_1_520' title='bbox 2141 1722 2275 1762; x_wconf 88' lang='lat' dir='ltr'><strong>quanta</strong></span> <span class='ocrx_word' id='word_1_521' title='bbox 2305 1729 2349 1754; x_wconf 85' lang='lat' dir='ltr'><strong>ex</strong></span> <span class='ocrx_word' id='word_1_522' title='bbox 2378 1719 2475 1754; x_wconf 87' lang='lat' dir='ltr'><strong>furto</strong></span> 
     </span>
    </p>
   </div>
   <div class='ocr_carea' id='block_1_24' title="bbox 255 1760 2473 1818">
    <p class='ocr_par' dir='ltr' id='par_1_24' title="bbox 255 1760 2473 1818">
     <span class='ocr_line' id='line_1_65' title="bbox 255 1760 2473 1818; baseline 0.002 -24"><span class='ocrx_word' id='word_1_523' title='bbox 255 1772 370 1804; x_wconf 83' lang='grc' dir='ltr'><strong><em>χυσεις</em></strong></span> <span class='ocrx_word' id='word_1_524' title='bbox 392 1764 451 1817; x_wconf 69' lang='grc' dir='ltr'><strong>καὶ</strong></span> <span class='ocrx_word' id='word_1_525' title='bbox 475 1760 756 1818; x_wconf 55' lang='grc' dir='ltr'><strong><em>καταιξρονὴσξις</em></strong></span> <span class='ocrx_word' id='word_1_526' title='bbox 778 1764 856 1797; x_wconf 84' lang='grc' dir='ltr'><strong>τῶν</strong></span> <span class='ocrx_word' id='word_1_527' title='bbox 882 1775 922 1796; x_wconf 86' lang='grc' dir='ltr'><strong>τε</strong></span> <span class='ocrx_word' id='word_1_528' title='bbox 945 1776 1069 1807; x_wconf 82' lang='grc' dir='ltr'><strong><em>νομων</em></strong></span> <span class='ocrx_word' id='word_1_529' title='bbox 1092 1766 1151 1797; x_wconf 85' lang='grc' dir='ltr'><strong>καὶ</strong></span> <span class='ocrx_word' id='word_1_530' title='bbox 1174 1764 1252 1797; x_wconf 79' lang='grc' dir='ltr'><strong>τῶν</strong></span> <span class='ocrx_word' id='word_1_531' title='bbox 1275 1777 1333 1811; x_wconf 86' lang='grc' dir='ltr'><strong>αρ-</strong></span> <span class='ocrx_word' id='word_1_532' title='bbox 1348 1766 1389 1798; x_wconf 83' lang='grc'><strong>35</strong></span> <span class='ocrx_word' id='word_1_533' title='bbox 1403 1763 1670 1808; x_wconf 83' lang='lat' dir='ltr'><strong>provincialium</strong></span> <span class='ocrx_word' id='word_1_534' title='bbox 1693 1763 1851 1798; x_wconf 84' lang='lat' dir='ltr'><strong>iudicum</strong></span> <span class='ocrx_word' id='word_1_535' title='bbox 1871 1762 1961 1797; x_wconf 84' lang='lat' dir='ltr'><strong>fiunt</strong></span> <span class='ocrx_word' id='word_1_536' title='bbox 1983 1765 2146 1808; x_wconf 80' lang='lat' dir='ltr'><strong>pessima,</strong></span> <span class='ocrx_word' id='word_1_537' title='bbox 2170 1765 2266 1799; x_wconf 89' lang='lat' dir='ltr'><strong>nullo</strong></span> <span class='ocrx_word' id='word_1_538' title='bbox 2287 1774 2348 1800; x_wconf 84' lang='lat' dir='ltr'><strong>eos</strong></span> <span class='ocrx_word' id='word_1_539' title='bbox 2372 1774 2473 1809; x_wconf 70' lang='lat' dir='ltr'><strong>prae-</strong></span> 
     </span>
    </p>
   </div>
   <div class='ocr_carea' id='block_1_25' title="bbox 255 1806 1335 1997">
    <p class='ocr_par' dir='ltr' id='par_1_25' title="bbox 255 1806 1335 1997">
     <span class='ocr_line' id='line_1_66' title="bbox 255 1806 1334 1854; baseline 0.002 -14"><span class='ocrx_word' id='word_1_540' title='bbox 255 1807 343 1849; x_wconf 84' lang='grc' dir='ltr'><strong><em>χῶν,</em></strong></span> <span class='ocrx_word' id='word_1_541' title='bbox 375 1818 528 1840; x_wconf 90' lang='grc' dir='ltr'><strong><em>παντων</em></strong></span> <span class='ocrx_word' id='word_1_542' title='bbox 552 1818 660 1845; x_wconf 84' lang='grc' dir='ltr'><strong><em>αυτας</em></strong></span> <span class='ocrx_word' id='word_1_543' title='bbox 693 1811 820 1842; x_wconf 84' lang='grc' dir='ltr'><strong><em>ωνίους</em></strong></span> <span class='ocrx_word' id='word_1_544' title='bbox 849 1808 1066 1854; x_wconf 76' lang='grc' dir='ltr'><strong><em>προκεῖσθαι</em></strong></span> <span class='ocrx_word' id='word_1_545' title='bbox 1095 1806 1334 1852; x_wconf 85' lang='grc' dir='ltr'><strong><em>νομιζόντων,</em></strong></span> 
     </span>
     <span class='ocr_line' id='line_1_67' title="bbox 258 1849 1335 1899; baseline 0.002 -14"><span class='ocrx_word' id='word_1_546' title='bbox 258 1849 374 1898; x_wconf 78' lang='grc' dir='ltr'><strong><em>ὥςπερ</em></strong></span> <span class='ocrx_word' id='word_1_547' title='bbox 402 1864 439 1885; x_wconf 90' lang='grc' dir='ltr'><strong>τι</strong></span> <span class='ocrx_word' id='word_1_548' title='bbox 469 1852 547 1886; x_wconf 79' lang='grc' dir='ltr'><strong>τῶν</strong></span> <span class='ocrx_word' id='word_1_549' title='bbox 577 1856 761 1887; x_wconf 89' lang='grc' dir='ltr'><strong><em>κακίστων</em></strong></span> <span class='ocrx_word' id='word_1_550' title='bbox 792 1850 1046 1899; x_wconf 86' lang='grc' dir='ltr'><strong><em>ἀνδραπόδων.</em></strong></span> <span class='ocrx_word' id='word_1_551' title='bbox 1094 1856 1166 1886; x_wconf 85' lang='grc' dir='ltr'><strong>Καὶ</strong></span> <span class='ocrx_word' id='word_1_552' title='bbox 1197 1852 1259 1887; x_wconf 85' lang='grc' dir='ltr'><strong>οὐκ</strong></span> <span class='ocrx_word' id='word_1_553' title='bbox 1289 1850 1335 1887; x_wconf 75' lang='grc' dir='ltr'><strong>ἂν</strong></span> 
     </span>
     <span class='ocr_line' id='line_1_68' title="bbox 255 1895 1335 1953; baseline 0.002 -23"><span class='ocrx_word' id='word_1_554' title='bbox 255 1895 469 1943; x_wconf 78' lang='grc' dir='ltr'><strong><em>ἀρκέσαιμεν</em></strong></span> <span class='ocrx_word' id='word_1_555' title='bbox 491 1901 715 1944; x_wconf 76' lang='grc' dir='ltr'><strong><em>προςεννοεῖν</em></strong></span> <span class='ocrx_word' id='word_1_556' title='bbox 737 1911 777 1932; x_wconf 87' lang='grc' dir='ltr'><strong>τε</strong></span> <span class='ocrx_word' id='word_1_557' title='bbox 799 1901 859 1931; x_wconf 81' lang='grc' dir='ltr'><strong>καὶ</strong></span> <span class='ocrx_word' id='word_1_558' title='bbox 879 1896 1112 1953; x_wconf 63' lang='grc' dir='ltr'><strong><em>ἀφηγεῖσθαι,</em></strong></span> <span class='ocrx_word' id='word_1_559' title='bbox 1135 1896 1252 1933; x_wconf 82' lang='grc' dir='ltr'><strong><em>ὁπόσα</em></strong></span> <span class='ocrx_word' id='word_1_560' title='bbox 1275 1902 1335 1933; x_wconf 86' lang='grc' dir='ltr'><strong>καὶ</strong></span> 
     </span>
     <span class='ocr_line' id='line_1_69' title="bbox 258 1940 1334 1997; baseline 0.002 -23"><span class='ocrx_word' id='word_1_561' title='bbox 258 1943 295 1974; x_wconf 82' lang='grc' dir='ltr'><strong>ἑκ</strong></span> <span class='ocrx_word' id='word_1_562' title='bbox 316 1942 378 1983; x_wconf 88' lang='grc' dir='ltr'><strong>τῆς</strong></span> <span class='ocrx_word' id='word_1_563' title='bbox 400 1940 531 1985; x_wconf 80' lang='grc' dir='ltr'><strong><em>κλοπῆς</em></strong></span> <span class='ocrx_word' id='word_1_564' title='bbox 559 1944 638 1976; x_wconf 79' lang='grc' dir='ltr'><strong>τῶν</strong></span> <span class='ocrx_word' id='word_1_565' title='bbox 660 1944 867 1990; x_wconf 79' lang='grc' dir='ltr'><strong><em>ἐπιχωρίων</em></strong></span> <span class='ocrx_word' id='word_1_566' title='bbox 895 1942 1084 1997; x_wconf 68' lang='grc' dir='ltr'><strong><em>αρχόντων</em></strong></span> <span class='ocrx_word' id='word_1_567' title='bbox 1113 1948 1253 1990; x_wconf 86' lang='grc' dir='ltr'><strong><em>γίνεται</em></strong></span> <span class='ocrx_word' id='word_1_568' title='bbox 1275 1957 1334 1986; x_wconf 90' lang='grc' dir='ltr'><strong>χα-</strong></span> 
     </span>
    </p>
   </div>
   <div class='ocr_carea' id='block_1_26' title="bbox 258 1983 1390 2044">
    <p class='ocr_par' dir='ltr' id='par_1_26' title="bbox 258 1983 1390 2044">
     <span class='ocr_line' id='line_1_70' title="bbox 258 1983 1390 2044; baseline 0.003 -24"><span class='ocrx_word' id='word_1_569' title='bbox 258 1984 358 2027; x_wconf 82' lang='grc' dir='ltr'><strong><em>λεπά,</em></strong></span> <span class='ocrx_word' id='word_1_570' title='bbox 382 1983 525 2021; x_wconf 82' lang='grc' dir='ltr'><strong><em>οὐδενὸς</em></strong></span> <span class='ocrx_word' id='word_1_571' title='bbox 548 1985 667 2022; x_wconf 81' lang='grc' dir='ltr'><strong><em>αὐτοῖς</em></strong></span> <span class='ocrx_word' id='word_1_572' title='bbox 682 1988 908 2044; x_wconf 39' lang='grc' dir='ltr'><strong><em>θαρροτιντοῖς</em></strong></span> <span class='ocrx_word' id='word_1_573' title='bbox 926 1992 1237 2043; x_wconf 53' lang='grc' dir='ltr'><strong><em>μξταμαρρησίας</em></strong></span> <span class='ocrx_word' id='word_1_574' title='bbox 1260 1990 1334 2023; x_wconf 80' lang='grc' dir='ltr'><strong><em>ἐπι·</em></strong></span> <span class='ocrx_word' id='word_1_575' title='bbox 1348 1991 1390 2023; x_wconf 85' lang='grc'><strong>40</strong></span> 
     </span>
    </p>
   </div>
   <div class='ocr_carea' id='block_1_27' title="bbox 257 2030 1336 2121">
    <p class='ocr_par' dir='ltr' id='par_1_27' title="bbox 257 2030 1336 2121">
     <span class='ocr_line' id='line_1_71' title="bbox 257 2030 1336 2080; baseline 0.002 -15"><span class='ocrx_word' id='word_1_576' title='bbox 257 2033 376 2075; x_wconf 78' lang='grc' dir='ltr'><strong><em>τιμᾶν,</em></strong></span> <span class='ocrx_word' id='word_1_577' title='bbox 410 2033 561 2066; x_wconf 81' lang='grc' dir='ltr'><strong><em>ἐκείνων</em></strong></span> <span class='ocrx_word' id='word_1_578' title='bbox 584 2030 694 2067; x_wconf 74' lang='grc' dir='ltr'><strong><em>εὐθὺς</em></strong></span> <span class='ocrx_word' id='word_1_579' title='bbox 721 2046 764 2067; x_wconf 88' lang='grc' dir='ltr'><strong>το</strong></span> <span class='ocrx_word' id='word_1_580' title='bbox 787 2044 850 2067; x_wconf 85' lang='grc' dir='ltr'><strong>τας</strong></span> <span class='ocrx_word' id='word_1_581' title='bbox 879 2045 984 2079; x_wconf 84' lang='grc' dir='ltr'><strong><em>αρχας</em></strong></span> <span class='ocrx_word' id='word_1_582' title='bbox 1009 2034 1227 2076; x_wconf 49' lang='lat' dir='ltr'><strong>commundat</strong></span> <span class='ocrx_word' id='word_1_583' title='bbox 1251 2046 1336 2080; x_wconf 88' lang='grc' dir='ltr'><strong><em>προ-</em></strong></span> 
     </span>
     <span class='ocr_line' id='line_1_72' title="bbox 258 2080 467 2121; baseline 0.01 -12"><span class='ocrx_word' id='word_1_584' title='bbox 258 2080 467 2121; x_wconf 77' lang='grc' dir='ltr'><strong><em>ισχομένων.</em></strong></span> 
     </span>
    </p>
   </div>
   <div class='ocr_carea' id='block_1_28' title="bbox 1403 1807 2476 1899">
    <p class='ocr_par' dir='ltr' id='par_1_28' title="bbox 1403 1807 2476 1899">
     <span class='ocr_line' id='line_1_73' title="bbox 1403 1807 2476 1855; baseline 0.001 -11"><span class='ocrx_word' id='word_1_585' title='bbox 1403 1811 1564 1844; x_wconf 86' lang='lat' dir='ltr'><strong>sumente</strong></span> <span class='ocrx_word' id='word_1_586' title='bbox 1600 1818 1679 1843; x_wconf 92' lang='lat' dir='ltr'><strong>cum</strong></span> <span class='ocrx_word' id='word_1_587' title='bbox 1715 1807 1845 1843; x_wconf 90' lang='lat' dir='ltr'><strong>fiducia</strong></span> <span class='ocrx_word' id='word_1_588' title='bbox 1878 1808 2110 1853; x_wconf 88' lang='lat' dir='ltr'><strong>redarguere,</strong></span> <span class='ocrx_word' id='word_1_589' title='bbox 2146 1819 2226 1844; x_wconf 92' lang='lat' dir='ltr'><strong>cum</strong></span> <span class='ocrx_word' id='word_1_590' title='bbox 2253 1809 2304 1845; x_wconf 90' lang='lat' dir='ltr'><strong>illi</strong></span> <span class='ocrx_word' id='word_1_591' title='bbox 2331 1814 2476 1855; x_wconf 88' lang='lat' dir='ltr'><strong>repente</strong></span> 
     </span>
     <span class='ocr_line' id='line_1_74' title="bbox 1404 1853 2023 1899; baseline 0.002 -11"><span class='ocrx_word' id='word_1_592' title='bbox 1404 1853 1547 1898; x_wconf 84' lang='lat' dir='ltr'><strong>cingula</strong></span> <span class='ocrx_word' id='word_1_593' title='bbox 1570 1863 1608 1889; x_wconf 89' lang='lat' dir='ltr'><strong>se</strong></span> <span class='ocrx_word' id='word_1_594' title='bbox 1633 1853 1760 1888; x_wconf 87' lang='lat' dir='ltr'><strong>emisse</strong></span> <span class='ocrx_word' id='word_1_595' title='bbox 1783 1854 2023 1899; x_wconf 85' lang='lat' dir='ltr'><strong>pronuntient.</strong></span> 
     </span>
    </p>
   </div>
   <div class='ocr_carea' id='block_1_29' title="bbox 2313 2167 2469 2173">
    <p class='ocr_par' dir='ltr' id='par_1_29' title="bbox 2313 2167 2469 2173">
     <span class='ocr_line' id='line_1_75' title="bbox 2313 2167 2469 2173; baseline 0 0"><span class='ocrx_word' id='word_1_596' title='bbox 2313 2167 2469 2173; x_wconf 95' lang='lat' dir='ltr'><strong> </strong></span> 
     </span>
    </p>
   </div>
   <div class='ocr_carea' id='block_1_30' title="bbox 256 2198 2484 3065">
    <p class='ocr_par' dir='ltr' id='par_1_30' title="bbox 256 2198 2484 3065">
     <span class='ocr_line' id='line_1_76' title="bbox 256 2198 2476 2264; baseline 0.002 -18"><span class='ocrx_word' id='word_1_597' title='bbox 256 2198 349 2257; x_wconf 71' lang='lat' dir='ltr'><strong>fisco</strong></span> <span class='ocrx_word' id='word_1_598' title='bbox 372 2211 507 2263; x_wconf 80' lang='lat' dir='ltr'><strong>inferri</strong></span> <span class='ocrx_word' id='word_1_599' title='bbox 530 2213 704 2258; x_wconf 86' lang='lat' dir='ltr'><strong>oportuit,</strong></span> <span class='ocrx_word' id='word_1_600' title='bbox 726 2213 760 2247; x_wconf 86' lang='lat' dir='ltr'><strong>si</strong></span> <span class='ocrx_word' id='word_1_601' title='bbox 781 2213 815 2248; x_wconf 88' lang='lat' dir='ltr'><strong>is</strong></span> <span class='ocrx_word' id='word_1_602' title='bbox 837 2214 901 2259; x_wconf 88' lang='lat' dir='ltr'><strong>qui</strong></span> <span class='ocrx_word' id='word_1_603' title='bbox 922 2213 1175 2264; x_wconf 75' lang='lat' dir='ltr'><strong>maqistratum</strong></span> <span class='ocrx_word' id='word_1_604' title='bbox 1198 2213 1292 2259; x_wconf 84' lang='lat' dir='ltr'><strong>qerit</strong></span> <span class='ocrx_word' id='word_1_605' title='bbox 1312 2213 1419 2259; x_wconf 85' lang='lat' dir='ltr'><strong>puris</strong></span> <span class='ocrx_word' id='word_1_606' title='bbox 1449 2212 1613 2248; x_wconf 83' lang='lat' dir='ltr'><strong>manibus</strong></span> <span class='ocrx_word' id='word_1_607' title='bbox 1635 2216 1808 2255; x_wconf 86' lang='lat' dir='ltr'><strong>uteretur,</strong></span> <span class='ocrx_word' id='word_1_608' title='bbox 1832 2212 1922 2248; x_wconf 79' lang='lat' dir='ltr'><strong>haec</strong></span> <span class='ocrx_word' id='word_1_609' title='bbox 1942 2213 1976 2248; x_wconf 86' lang='lat' dir='ltr'><strong>si</strong></span> <span class='ocrx_word' id='word_1_610' title='bbox 1997 2214 2036 2248; x_wconf 86' lang='lat' dir='ltr'><strong>in</strong></span> <span class='ocrx_word' id='word_1_611' title='bbox 2057 2214 2246 2260; x_wconf 86' lang='lat' dir='ltr'><strong>proprium</strong></span> <span class='ocrx_word' id='word_1_612' title='bbox 2269 2225 2372 2249; x_wconf 84' lang='lat' dir='ltr'><strong>usum</strong></span> <span class='ocrx_word' id='word_1_613' title='bbox 2394 2226 2476 2250; x_wconf 86' lang='lat' dir='ltr'><strong>con-</strong></span> 
     </span>
     <span class='ocr_line' id='line_1_77' title="bbox 258 2257 2476 2306; baseline 0.002 -14"><span class='ocrx_word' id='word_1_614' title='bbox 258 2260 376 2292; x_wconf 83' lang='lat' dir='ltr'><strong>vertat</strong></span> <span class='ocrx_word' id='word_1_615' title='bbox 400 2266 433 2292; x_wconf 74' lang='lat' dir='ltr'><strong>is</strong></span> <span class='ocrx_word' id='word_1_616' title='bbox 461 2257 525 2303; x_wconf 85' lang='lat' dir='ltr'><strong>qui</strong></span> <span class='ocrx_word' id='word_1_617' title='bbox 555 2268 613 2292; x_wconf 90' lang='lat' dir='ltr'><strong>ma</strong></span> <span class='ocrx_word' id='word_1_618' title='bbox 640 2258 807 2293; x_wconf 85' lang='lat' dir='ltr'><strong>istratum</strong></span> <span class='ocrx_word' id='word_1_619' title='bbox 830 2258 941 2304; x_wconf 80' lang='lat' dir='ltr'><strong>qerit‚</strong></span> <span class='ocrx_word' id='word_1_620' title='bbox 971 2268 1185 2305; x_wconf 78' lang='lat' dir='ltr'><strong>inopemque</strong></span> <span class='ocrx_word' id='word_1_621' title='bbox 1208 2257 1312 2293; x_wconf 85' lang='lat' dir='ltr'><strong>nobis</strong></span> <span class='ocrx_word' id='word_1_622' title='bbox 1335 2258 1545 2293; x_wconf 84' lang='lat' dir='ltr'><strong>collatorem</strong></span> <span class='ocrx_word' id='word_1_623' title='bbox 1575 2257 1723 2300; x_wconf 87' lang='lat' dir='ltr'><strong>reddat,</strong></span> <span class='ocrx_word' id='word_1_624' title='bbox 1753 2258 1915 2304; x_wconf 83' lang='lat' dir='ltr'><strong>inopiam</strong></span> <span class='ocrx_word' id='word_1_625' title='bbox 1943 2258 2042 2293; x_wconf 83' lang='lat' dir='ltr'><strong>illius</strong></span> <span class='ocrx_word' id='word_1_626' title='bbox 2065 2269 2139 2305; x_wconf 88' lang='lat' dir='ltr'><strong>per</strong></span> <span class='ocrx_word' id='word_1_627' title='bbox 2169 2260 2288 2305; x_wconf 86' lang='lat' dir='ltr'><strong>ipsum</strong></span> <span class='ocrx_word' id='word_1_628' title='bbox 2313 2259 2476 2306; x_wconf 84' lang='lat' dir='ltr'><strong>effectam</strong></span> 
     </span>
     <span class='ocr_line' id='line_1_78' title="bbox 260 2268 2476 2349; baseline 0.002 -13"><span class='ocrx_word' id='word_1_629' title='bbox 260 2300 365 2336; x_wconf 83' lang='lat' dir='ltr'><strong>nobis</strong></span> <span class='ocrx_word' id='word_1_630' title='bbox 387 2302 551 2348; x_wconf 80' lang='lat' dir='ltr'><strong>imputat.</strong></span> <span class='ocrx_word' id='word_1_631' title='bbox 598 2268 697 2346; x_wconf 54' lang='lat' dir='ltr'><strong>(quot</strong></span> <span class='ocrx_word' id='word_1_632' title='bbox 725 2313 810 2338; x_wconf 87' lang='lat' dir='ltr'><strong>vero</strong></span> <span class='ocrx_word' id='word_1_633' title='bbox 839 2303 978 2338; x_wconf 88' lang='lat' dir='ltr'><strong>scelera</strong></span> <span class='ocrx_word' id='word_1_634' title='bbox 1003 2308 1200 2349; x_wconf 87' lang='lat' dir='ltr'><strong>praeterea</strong></span> <span class='ocrx_word' id='word_1_635' title='bbox 1223 2303 1504 2344; x_wconf 86' lang='lat' dir='ltr'><strong>committuntur,</strong></span> <span class='ocrx_word' id='word_1_636' title='bbox 1535 2313 1629 2348; x_wconf 86' lang='lat' dir='ltr'><strong>quae</strong></span> <span class='ocrx_word' id='word_1_637' title='bbox 1653 2301 1702 2337; x_wconf 89' lang='lat' dir='ltr'><strong>ad</strong></span> <span class='ocrx_word' id='word_1_638' title='bbox 1731 2301 1859 2337; x_wconf 76' lang='lat' dir='ltr'><strong>horum</strong></span> <span class='ocrx_word' id='word_1_639' title='bbox 1885 2303 2073 2348; x_wconf 81' lang='lat' dir='ltr'><strong>furtorum</strong></span> <span class='ocrx_word' id='word_1_640' title='bbox 2104 2314 2250 2339; x_wconf 85' lang='lat' dir='ltr'><strong>causam</strong></span> <span class='ocrx_word' id='word_1_641' title='bbox 2272 2305 2400 2341; x_wconf 85' lang='lat' dir='ltr'><strong>merito</strong></span> <span class='ocrx_word' id='word_1_642' title='bbox 2421 2316 2476 2342; x_wconf 83' lang='lat' dir='ltr'><strong>re-</strong></span> 
     </span>
     <span class='ocr_line' id='line_1_79' title="bbox 257 2346 2477 2394; baseline 0.002 -13"><span class='ocrx_word' id='word_1_643' title='bbox 257 2347 458 2392; x_wconf 78' lang='lat' dir='ltr'><strong>ferantur?</strong></span> <span class='ocrx_word' id='word_1_644' title='bbox 503 2347 597 2382; x_wconf 89' lang='lat' dir='ltr'><strong>Nam</strong></span> <span class='ocrx_word' id='word_1_645' title='bbox 622 2347 685 2394; x_wconf 88' lang='lat' dir='ltr'><strong>qui</strong></span> <span class='ocrx_word' id='word_1_646' title='bbox 709 2347 952 2393; x_wconf 80' lang='lat' dir='ltr'><strong>provinciales</strong></span> <span class='ocrx_word' id='word_1_647' title='bbox 975 2349 1211 2394; x_wconf 78' lang='lat' dir='ltr'><strong>maqistratus</strong></span> <span class='ocrx_word' id='word_1_648' title='bbox 1233 2351 1375 2394; x_wconf 82' lang='lat' dir='ltr'><strong>qerunt,</strong></span> <span class='ocrx_word' id='word_1_649' title='bbox 1405 2346 1455 2382; x_wconf 92' lang='lat' dir='ltr'><strong>ad</strong></span> <span class='ocrx_word' id='word_1_650' title='bbox 1477 2346 1546 2382; x_wconf 77' lang='lat' dir='ltr'><strong>hoo</strong></span> <span class='ocrx_word' id='word_1_651' title='bbox 1571 2346 1709 2382; x_wconf 82' lang='lat' dir='ltr'><strong>lucrum</strong></span> <span class='ocrx_word' id='word_1_652' title='bbox 1732 2347 1861 2382; x_wconf 80' lang='lat' dir='ltr'><strong>attenti</strong></span> <span class='ocrx_word' id='word_1_653' title='bbox 1884 2358 1963 2382; x_wconf 86' lang='lat' dir='ltr'><strong>eum</strong></span> <span class='ocrx_word' id='word_1_654' title='bbox 1985 2349 2118 2384; x_wconf 85' lang='lat' dir='ltr'><strong>multos</strong></span> <span class='ocrx_word' id='word_1_655' title='bbox 2139 2353 2261 2384; x_wconf 86' lang='lat' dir='ltr'><strong>sontes</strong></span> <span class='ocrx_word' id='word_1_656' title='bbox 2283 2349 2477 2393; x_wconf 82' lang='lat' dir='ltr'><strong>dimittunt,</strong></span> 
     </span>
     <span class='ocr_line' id='line_1_80' title="bbox 259 2390 2479 2441; baseline 0.002 -15"><span class='ocrx_word' id='word_1_657' title='bbox 259 2390 449 2427; x_wconf 87' lang='lat' dir='ltr'><strong>vendentes</strong></span> <span class='ocrx_word' id='word_1_658' title='bbox 470 2392 517 2427; x_wconf 85' lang='lat' dir='ltr'><strong>iis</strong></span> <span class='ocrx_word' id='word_1_659' title='bbox 539 2392 726 2435; x_wconf 86' lang='lat' dir='ltr'><strong>delictum,</strong></span> <span class='ocrx_word' id='word_1_660' title='bbox 759 2396 832 2427; x_wconf 89' lang='lat' dir='ltr'><strong>tum</strong></span> <span class='ocrx_word' id='word_1_661' title='bbox 855 2393 986 2428; x_wconf 88' lang='lat' dir='ltr'><strong>multos</strong></span> <span class='ocrx_word' id='word_1_662' title='bbox 1008 2393 1171 2428; x_wconf 78' lang='lat' dir='ltr'><strong>insontes</strong></span> <span class='ocrx_word' id='word_1_663' title='bbox 1194 2391 1451 2434; x_wconf 88' lang='lat' dir='ltr'><strong>condemnant,</strong></span> <span class='ocrx_word' id='word_1_664' title='bbox 1482 2396 1523 2427; x_wconf 91' lang='lat' dir='ltr'><strong>ut</strong></span> <span class='ocrx_word' id='word_1_665' title='bbox 1545 2391 1708 2427; x_wconf 76' lang='lat' dir='ltr'><strong>sontibus</strong></span> <span class='ocrx_word' id='word_1_666' title='bbox 1729 2392 1887 2438; x_wconf 76' lang='lat' dir='ltr'><strong>qratiam</strong></span> <span class='ocrx_word' id='word_1_667' title='bbox 1911 2393 2074 2437; x_wconf 84' lang='lat' dir='ltr'><strong>saciant:</strong></span> <span class='ocrx_word' id='word_1_668' title='bbox 2106 2404 2222 2439; x_wconf 87' lang='lat' dir='ltr'><strong>neque</strong></span> <span class='ocrx_word' id='word_1_669' title='bbox 2243 2393 2285 2428; x_wconf 83' lang='lat' dir='ltr'><strong>id</strong></span> <span class='ocrx_word' id='word_1_670' title='bbox 2304 2394 2343 2428; x_wconf 86' lang='lat' dir='ltr'><strong>in</strong></span> <span class='ocrx_word' id='word_1_671' title='bbox 2365 2405 2479 2441; x_wconf 85' lang='lat' dir='ltr'><strong>pecu-</strong></span> 
     </span>
     <span class='ocr_line' id='line_1_81' title="bbox 260 2435 2480 2485; baseline 0.002 -14"><span class='ocrx_word' id='word_1_672' title='bbox 260 2435 389 2471; x_wconf 87' lang='lat' dir='ltr'><strong>niariis</strong></span> <span class='ocrx_word' id='word_1_673' title='bbox 408 2436 525 2472; x_wconf 86' lang='lat' dir='ltr'><strong>solum</strong></span> <span class='ocrx_word' id='word_1_674' title='bbox 548 2438 668 2473; x_wconf 88' lang='lat' dir='ltr'><strong>causis</strong></span> <span class='ocrx_word' id='word_1_675' title='bbox 691 2442 817 2484; x_wconf 84' lang='lat' dir='ltr'><strong>aqunt,</strong></span> <span class='ocrx_word' id='word_1_676' title='bbox 840 2437 906 2473; x_wconf 88' lang='lat' dir='ltr'><strong>sed</strong></span> <span class='ocrx_word' id='word_1_677' title='bbox 924 2438 1031 2473; x_wconf 89' lang='lat' dir='ltr'><strong>etiam</strong></span> <span class='ocrx_word' id='word_1_678' title='bbox 1055 2438 1093 2472; x_wconf 90' lang='lat' dir='ltr'><strong>in</strong></span> <span class='ocrx_word' id='word_1_679' title='bbox 1117 2437 1336 2480; x_wconf 88' lang='lat' dir='ltr'><strong>criminibus,</strong></span> <span class='ocrx_word' id='word_1_680' title='bbox 1360 2437 1420 2472; x_wconf 80' lang='lat' dir='ltr'><strong>ubi</strong></span> <span class='ocrx_word' id='word_1_681' title='bbox 1440 2436 1514 2472; x_wconf 83' lang='lat' dir='ltr'><strong>vita</strong></span> <span class='ocrx_word' id='word_1_682' title='bbox 1536 2437 1574 2471; x_wconf 87' lang='lat' dir='ltr'><strong>in</strong></span> <span class='ocrx_word' id='word_1_683' title='bbox 1590 2436 1795 2473; x_wconf 69' lang='lat' dir='ltr'><strong>discrimine</strong></span> <span class='ocrx_word' id='word_1_684' title='bbox 1817 2442 1880 2472; x_wconf 90' lang='lat' dir='ltr'><strong>est.</strong></span> <span class='ocrx_word' id='word_1_685' title='bbox 1916 2436 2047 2484; x_wconf 87' lang='lat' dir='ltr'><strong>Itaque</strong></span> <span class='ocrx_word' id='word_1_686' title='bbox 2067 2439 2185 2485; x_wconf 79' lang='lat' dir='ltr'><strong>fuqae</strong></span> <span class='ocrx_word' id='word_1_687' title='bbox 2204 2438 2301 2484; x_wconf 80' lang='lat' dir='ltr'><strong>fiunt</strong></span> <span class='ocrx_word' id='word_1_688' title='bbox 2321 2449 2372 2475; x_wconf 76' lang='lat' dir='ltr'><strong>ex</strong></span> <span class='ocrx_word' id='word_1_689' title='bbox 2388 2450 2480 2485; x_wconf 80' lang='lat' dir='ltr'><strong>pro-</strong></span> 
     </span>
     <span class='ocr_line' id='line_1_82' title="bbox 260 2481 2481 2531; baseline 0.002 -16"><span class='ocrx_word' id='word_1_690' title='bbox 260 2481 407 2516; x_wconf 86' lang='lat' dir='ltr'><strong>vinciis:</strong></span> <span class='ocrx_word' id='word_1_691' title='bbox 441 2487 550 2528; x_wconf 88' lang='lat' dir='ltr'><strong>atque</strong></span> <span class='ocrx_word' id='word_1_692' title='bbox 582 2483 771 2529; x_wconf 85' lang='lat' dir='ltr'><strong>confluunt</strong></span> <span class='ocrx_word' id='word_1_693' title='bbox 800 2482 871 2518; x_wconf 83' lang='lat' dir='ltr'><strong>lzuc</strong></span> <span class='ocrx_word' id='word_1_694' title='bbox 893 2483 1130 2518; x_wconf 86' lang='lat' dir='ltr'><strong>lamentantes</strong></span> <span class='ocrx_word' id='word_1_695' title='bbox 1153 2493 1291 2526; x_wconf 86' lang='lat' dir='ltr'><strong>omnes,</strong></span> <span class='ocrx_word' id='word_1_696' title='bbox 1323 2486 1360 2518; x_wconf 87' lang='lat' dir='ltr'><strong>et</strong></span> <span class='ocrx_word' id='word_1_697' title='bbox 1387 2482 1594 2518; x_wconf 82' lang='lat' dir='ltr'><strong>sacerdotes</strong></span> <span class='ocrx_word' id='word_1_698' title='bbox 1617 2486 1654 2517; x_wconf 88' lang='lat' dir='ltr'><strong>et</strong></span> <span class='ocrx_word' id='word_1_699' title='bbox 1678 2481 1891 2517; x_wconf 67' lang='lat' dir='ltr'><strong>decuriones</strong></span> <span class='ocrx_word' id='word_1_700' title='bbox 1913 2486 1950 2518; x_wconf 89' lang='lat' dir='ltr'><strong>et</strong></span> <span class='ocrx_word' id='word_1_701' title='bbox 1971 2482 2176 2519; x_wconf 74' lang='lat' dir='ltr'><strong>cohortales</strong></span> <span class='ocrx_word' id='word_1_702' title='bbox 2198 2489 2235 2519; x_wconf 87' lang='lat' dir='ltr'><strong>et</strong></span> <span class='ocrx_word' id='word_1_703' title='bbox 2253 2494 2481 2531; x_wconf 83' lang='lat' dir='ltr'><strong>possessores</strong></span> 
     </span>
     <span class='ocr_line' id='line_1_83' title="bbox 260 2526 2480 2575; baseline 0.001 -13"><span class='ocrx_word' id='word_1_704' title='bbox 260 2530 295 2562; x_wconf 85' lang='lat' dir='ltr'><strong>et</strong></span> <span class='ocrx_word' id='word_1_705' title='bbox 317 2526 454 2573; x_wconf 87' lang='lat' dir='ltr'><strong>plebeii</strong></span> <span class='ocrx_word' id='word_1_706' title='bbox 481 2532 519 2563; x_wconf 89' lang='lat' dir='ltr'><strong>et</strong></span> <span class='ocrx_word' id='word_1_707' title='bbox 545 2528 684 2570; x_wconf 84' lang='lat' dir='ltr'><strong>coloni,</strong></span> <span class='ocrx_word' id='word_1_708' title='bbox 718 2528 994 2574; x_wconf 82' lang='lat' dir='ltr'><strong>maqistratuum</strong></span> <span class='ocrx_word' id='word_1_709' title='bbox 1018 2533 1054 2563; x_wconf 90' lang='lat' dir='ltr'><strong>et</strong></span> <span class='ocrx_word' id='word_1_710' title='bbox 1080 2529 1189 2574; x_wconf 87' lang='lat' dir='ltr'><strong>furta</strong></span> <span class='ocrx_word' id='word_1_711' title='bbox 1219 2531 1256 2563; x_wconf 88' lang='lat' dir='ltr'><strong>et</strong></span> <span class='ocrx_word' id='word_1_712' title='bbox 1281 2527 1435 2562; x_wconf 88' lang='lat' dir='ltr'><strong>iniurias</strong></span> <span class='ocrx_word' id='word_1_713' title='bbox 1463 2528 1591 2562; x_wconf 85' lang='lat' dir='ltr'><strong>merito</strong></span> <span class='ocrx_word' id='word_1_714' title='bbox 1616 2526 1857 2573; x_wconf 84' lang='lat' dir='ltr'><strong>obiurqantes.</strong></span> <span class='ocrx_word' id='word_1_715' title='bbox 1904 2527 2030 2574; x_wconf 85' lang='lat' dir='ltr'><strong>Neque</strong></span> <span class='ocrx_word' id='word_1_716' title='bbox 2053 2527 2142 2564; x_wconf 76' lang='lat' dir='ltr'><strong>haec</strong></span> <span class='ocrx_word' id='word_1_717' title='bbox 2169 2529 2250 2564; x_wconf 88' lang='lat' dir='ltr'><strong>sola</strong></span> <span class='ocrx_word' id='word_1_718' title='bbox 2277 2530 2350 2564; x_wconf 88' lang='lat' dir='ltr'><strong>iam</strong></span> <span class='ocrx_word' id='word_1_719' title='bbox 2373 2529 2480 2575; x_wconf 65' lang='lat' dir='ltr'><strong>siunt,</strong></span> 
     </span>
     <span class='ocr_line' id='line_1_84' title="bbox 260 2572 2478 2620; baseline 0.002 -14"><span class='ocrx_word' id='word_1_720' title='bbox 260 2582 383 2607; x_wconf 87' lang='lat' dir='ltr'><strong>verum</strong></span> <span class='ocrx_word' id='word_1_721' title='bbox 401 2573 508 2608; x_wconf 82' lang='lat' dir='ltr'><strong>etiam</strong></span> <span class='ocrx_word' id='word_1_722' title='bbox 527 2573 709 2609; x_wconf 87' lang='lat' dir='ltr'><strong>civitatum</strong></span> <span class='ocrx_word' id='word_1_723' title='bbox 729 2574 922 2609; x_wconf 84' lang='lat' dir='ltr'><strong>seditiones</strong></span> <span class='ocrx_word' id='word_1_724' title='bbox 944 2578 980 2608; x_wconf 91' lang='lat' dir='ltr'><strong>et</strong></span> <span class='ocrx_word' id='word_1_725' title='bbox 995 2573 1200 2620; x_wconf 84' lang='lat' dir='ltr'><strong>populares</strong></span> <span class='ocrx_word' id='word_1_726' title='bbox 1219 2573 1391 2608; x_wconf 86' lang='lat' dir='ltr'><strong>tumultus</strong></span> <span class='ocrx_word' id='word_1_727' title='bbox 1413 2583 1462 2608; x_wconf 71' lang='lat' dir='ltr'><strong>ea:</strong></span> <span class='ocrx_word' id='word_1_728' title='bbox 1477 2572 1638 2619; x_wconf 88' lang='lat' dir='ltr'><strong>pecunia</strong></span> <span class='ocrx_word' id='word_1_729' title='bbox 1660 2572 1836 2618; x_wconf 83' lang='lat' dir='ltr'><strong>pleraque</strong></span> <span class='ocrx_word' id='word_1_730' title='bbox 1850 2575 1885 2608; x_wconf 89' lang='lat' dir='ltr'><strong>et</strong></span> <span class='ocrx_word' id='word_1_731' title='bbox 1901 2573 2131 2608; x_wconf 87' lang='lat' dir='ltr'><strong>concitantur</strong></span> <span class='ocrx_word' id='word_1_732' title='bbox 2144 2578 2180 2609; x_wconf 88' lang='lat' dir='ltr'><strong>et</strong></span> <span class='ocrx_word' id='word_1_733' title='bbox 2199 2573 2381 2610; x_wconf 83' lang='lat' dir='ltr'><strong>sedantur.</strong></span> <span class='ocrx_word' id='word_1_734' title='bbox 2417 2575 2478 2611; x_wconf 81' lang='lat' dir='ltr'><strong>At-</strong></span> 
     </span>
     <span class='ocr_line' id='line_1_85' title="bbox 261 2617 2481 2664; baseline 0.001 -12"><span class='ocrx_word' id='word_1_735' title='bbox 261 2627 331 2663; x_wconf 84' lang='lat' dir='ltr'><strong>que</strong></span> <span class='ocrx_word' id='word_1_736' title='bbox 347 2618 491 2653; x_wconf 86' lang='lat' dir='ltr'><strong>omnino</strong></span> <span class='ocrx_word' id='word_1_737' title='bbox 506 2629 600 2653; x_wconf 88' lang='lat' dir='ltr'><strong>unus</strong></span> <span class='ocrx_word' id='word_1_738' title='bbox 623 2618 682 2653; x_wconf 76' lang='lat' dir='ltr'><strong>Jzz‘c</strong></span> <span class='ocrx_word' id='word_1_739' title='bbox 701 2623 755 2653; x_wconf 88' lang='lat' dir='ltr'><strong>est</strong></span> <span class='ocrx_word' id='word_1_740' title='bbox 778 2619 934 2653; x_wconf 86' lang='lat' dir='ltr'><strong>omnium</strong></span> <span class='ocrx_word' id='word_1_741' title='bbox 948 2619 1126 2653; x_wconf 86' lang='lat' dir='ltr'><strong>malorum</strong></span> <span class='ocrx_word' id='word_1_742' title='bbox 1141 2619 1244 2663; x_wconf 87' lang='lat' dir='ltr'><strong>fons,</strong></span> <span class='ocrx_word' id='word_1_743' title='bbox 1268 2622 1304 2653; x_wconf 88' lang='lat' dir='ltr'><strong>et</strong></span> <span class='ocrx_word' id='word_1_744' title='bbox 1341 2617 1415 2653; x_wconf 90' lang='lat' dir='ltr'><strong>uod</strong></span> <span class='ocrx_word' id='word_1_745' title='bbox 1430 2617 1610 2664; x_wconf 88' lang='lat' dir='ltr'><strong>pecuniae</strong></span> <span class='ocrx_word' id='word_1_746' title='bbox 1623 2617 1823 2662; x_wconf 77' lang='lat' dir='ltr'><strong>eaeiquntur</strong></span> <span class='ocrx_word' id='word_1_747' title='bbox 1836 2629 1859 2652; x_wconf 88' lang='lat' dir='ltr'><strong>a</strong></span> <span class='ocrx_word' id='word_1_748' title='bbox 1873 2629 1931 2653; x_wconf 91' lang='lat' dir='ltr'><strong>ma</strong></span> <span class='ocrx_word' id='word_1_749' title='bbox 1958 2617 2142 2653; x_wconf 83' lang='lat' dir='ltr'><strong>istratibus</strong></span> <span class='ocrx_word' id='word_1_750' title='bbox 2155 2618 2196 2653; x_wconf 88' lang='lat' dir='ltr'><strong>id</strong></span> <span class='ocrx_word' id='word_1_751' title='bbox 2210 2619 2350 2664; x_wconf 85' lang='lat' dir='ltr'><strong>quidem</strong></span> <span class='ocrx_word' id='word_1_752' title='bbox 2366 2621 2481 2654; x_wconf 88' lang='lat' dir='ltr'><strong>omnis</strong></span> 
     </span>
     <span class='ocr_line' id='line_1_86' title="bbox 260 2629 2481 2709; baseline 0.001 -12"><span class='ocrx_word' id='word_1_753' title='bbox 260 2662 443 2707; x_wconf 82' lang='lat' dir='ltr'><strong>nequitiae</strong></span> <span class='ocrx_word' id='word_1_754' title='bbox 457 2663 682 2709; x_wconf 81' lang='lat' dir='ltr'><strong>principium</strong></span> <span class='ocrx_word' id='word_1_755' title='bbox 701 2662 793 2699; x_wconf 88' lang='lat' dir='ltr'><strong>idem</strong></span> <span class='ocrx_word' id='word_1_756' title='bbox 813 2668 850 2699; x_wconf 89' lang='lat' dir='ltr'><strong>et</strong></span> <span class='ocrx_word' id='word_1_757' title='bbox 868 2664 956 2709; x_wconf 82' lang='lat' dir='ltr'><strong>finis</strong></span> <span class='ocrx_word' id='word_1_758' title='bbox 978 2667 1050 2699; x_wconf 88' lang='lat' dir='ltr'><strong>est:</strong></span> <span class='ocrx_word' id='word_1_759' title='bbox 1079 2674 1167 2698; x_wconf 90' lang='lat' dir='ltr'><strong>sane</strong></span> <span class='ocrx_word' id='word_1_760' title='bbox 1189 2663 1284 2698; x_wconf 86' lang='lat' dir='ltr'><strong>inter</strong></span> <span class='ocrx_word' id='word_1_761' title='bbox 1307 2629 1428 2698; x_wconf 55' lang='lat' dir='ltr'><strong>divina</strong></span> <span class='ocrx_word' id='word_1_762' title='bbox 1477 2673 1595 2708; x_wconf 91' lang='lat' dir='ltr'><strong>uoque</strong></span> <span class='ocrx_word' id='word_1_763' title='bbox 1618 2662 1763 2707; x_wconf 87' lang='lat' dir='ltr'><strong>eloquia</strong></span> <span class='ocrx_word' id='word_1_764' title='bbox 1782 2661 1924 2697; x_wconf 84' lang='lat' dir='ltr'><strong>admira</strong></span> <span class='ocrx_word' id='word_1_765' title='bbox 1947 2662 1994 2698; x_wconf 84' lang='lat' dir='ltr'><strong>ile</strong></span> <span class='ocrx_word' id='word_1_766' title='bbox 2016 2666 2054 2698; x_wconf 87' lang='lat' dir='ltr'><strong>et</strong></span> <span class='ocrx_word' id='word_1_767' title='bbox 2074 2663 2292 2699; x_wconf 84' lang='lat' dir='ltr'><strong>verissimum</strong></span> <span class='ocrx_word' id='word_1_768' title='bbox 2315 2663 2407 2699; x_wconf 85' lang='lat' dir='ltr'><strong>illud</strong></span> <span class='ocrx_word' id='word_1_769' title='bbox 2428 2670 2481 2700; x_wconf 89' lang='lat' dir='ltr'><strong>est</strong></span> 
     </span>
     <span class='ocr_line' id='line_1_87' title="bbox 261 2707 2480 2754; baseline 0.001 -12"><span class='ocrx_word' id='word_1_770' title='bbox 261 2707 454 2743; x_wconf 83' lang='lat' dir='ltr'><strong>avaritiam</strong></span> <span class='ocrx_word' id='word_1_771' title='bbox 478 2708 634 2743; x_wconf 85' lang='lat' dir='ltr'><strong>omnium</strong></span> <span class='ocrx_word' id='word_1_772' title='bbox 657 2712 807 2744; x_wconf 87' lang='lat' dir='ltr'><strong>matrem</strong></span> <span class='ocrx_word' id='word_1_773' title='bbox 830 2719 907 2744; x_wconf 90' lang='lat' dir='ltr'><strong>esse</strong></span> <span class='ocrx_word' id='word_1_774' title='bbox 927 2709 1125 2750; x_wconf 87' lang='lat' dir='ltr'><strong>malorum,</strong></span> <span class='ocrx_word' id='word_1_775' title='bbox 1154 2708 1311 2743; x_wconf 75' lang='lat' dir='ltr'><strong>maxime</strong></span> <span class='ocrx_word' id='word_1_776' title='bbox 1335 2719 1432 2754; x_wconf 83' lang='lat' dir='ltr'><strong>quan</strong></span> <span class='ocrx_word' id='word_1_777' title='bbox 1459 2718 1481 2742; x_wconf 95' lang='lat' dir='ltr'><strong>o</strong></span> <span class='ocrx_word' id='word_1_778' title='bbox 1511 2718 1586 2742; x_wconf 87' lang='lat' dir='ltr'><strong>non</strong></span> <span class='ocrx_word' id='word_1_779' title='bbox 1602 2707 1853 2753; x_wconf 85' lang='lat' dir='ltr'><strong>privatorum,</strong></span> <span class='ocrx_word' id='word_1_780' title='bbox 1882 2707 1946 2743; x_wconf 85' lang='lat' dir='ltr'><strong>sed</strong></span> <span class='ocrx_word' id='word_1_781' title='bbox 1968 2707 2242 2752; x_wconf 44' lang='lat' dir='ltr'><strong>rna-qistratuum</strong></span> <span class='ocrx_word' id='word_1_782' title='bbox 2265 2709 2406 2745; x_wconf 88' lang='lat' dir='ltr'><strong>animos</strong></span> <span class='ocrx_word' id='word_1_783' title='bbox 2427 2710 2480 2745; x_wconf 83' lang='lat' dir='ltr'><strong>in-</strong></span> 
     </span>
     <span class='ocr_line' id='line_1_88' title="bbox 261 2751 2482 2803; baseline 0.001 -15"><span class='ocrx_word' id='word_1_784' title='bbox 261 2753 365 2788; x_wconf 72' lang='lat' dir='ltr'><strong>vas-it.</strong></span> <span class='ocrx_word' id='word_1_785' title='bbox 411 2751 501 2796; x_wconf 80' lang='lat' dir='ltr'><strong>Quis</strong></span> <span class='ocrx_word' id='word_1_786' title='bbox 522 2753 615 2788; x_wconf 86' lang='lat' dir='ltr'><strong>enim</strong></span> <span class='ocrx_word' id='word_1_787' title='bbox 638 2764 711 2788; x_wconf 88' lang='lat' dir='ltr'><strong>non</strong></span> <span class='ocrx_word' id='word_1_788' title='bbox 732 2754 881 2799; x_wconf 83' lang='lat' dir='ltr'><strong>furetur</strong></span> <span class='ocrx_word' id='word_1_789' title='bbox 902 2764 1045 2796; x_wconf 87' lang='lat' dir='ltr'><strong>secure,</strong></span> <span class='ocrx_word' id='word_1_790' title='bbox 1075 2753 1157 2799; x_wconf 87' lang='lat' dir='ltr'><strong>quis</strong></span> <span class='ocrx_word' id='word_1_791' title='bbox 1179 2764 1251 2788; x_wconf 91' lang='lat' dir='ltr'><strong>non</strong></span> <span class='ocrx_word' id='word_1_792' title='bbox 1275 2753 1511 2788; x_wconf 84' lang='lat' dir='ltr'><strong>latrocinetur</strong></span> <span class='ocrx_word' id='word_1_793' title='bbox 1532 2753 1696 2803; x_wconf 84' lang='lat' dir='ltr'><strong>impune,</strong></span> <span class='ocrx_word' id='word_1_794' title='bbox 1727 2751 1759 2786; x_wconf 87' lang='lat' dir='ltr'><strong>si</strong></span> <span class='ocrx_word' id='word_1_795' title='bbox 1783 2752 1832 2786; x_wconf 88' lang='lat' dir='ltr'><strong>ad</strong></span> <span class='ocrx_word' id='word_1_796' title='bbox 1861 2753 2112 2798; x_wconf 80' lang='lat' dir='ltr'><strong>maqistratum</strong></span> <span class='ocrx_word' id='word_1_797' title='bbox 2139 2754 2313 2800; x_wconf 83' lang='lat' dir='ltr'><strong>respiciat</strong></span> <span class='ocrx_word' id='word_1_798' title='bbox 2332 2765 2482 2801; x_wconf 84' lang='lat' dir='ltr'><strong>eumque</strong></span> 
     </span>
     <span class='ocr_line' id='line_1_89' title="bbox 262 2796 2482 2845; baseline 0.002 -13"><span class='ocrx_word' id='word_1_799' title='bbox 262 2796 383 2834; x_wconf 79' lang='lat' dir='ltr'><strong>videat</strong></span> <span class='ocrx_word' id='word_1_800' title='bbox 412 2802 542 2833; x_wconf 86' lang='lat' dir='ltr'><strong>cuncta</strong></span> <span class='ocrx_word' id='word_1_801' title='bbox 573 2809 666 2833; x_wconf 85' lang='lat' dir='ltr'><strong>auro</strong></span> <span class='ocrx_word' id='word_1_802' title='bbox 702 2799 870 2842; x_wconf 86' lang='lat' dir='ltr'><strong>vendere,</strong></span> <span class='ocrx_word' id='word_1_803' title='bbox 900 2810 1009 2844; x_wconf 89' lang='lat' dir='ltr'><strong>seque</strong></span> <span class='ocrx_word' id='word_1_804' title='bbox 1040 2798 1212 2845; x_wconf 84' lang='lat' dir='ltr'><strong>quicquid</strong></span> <span class='ocrx_word' id='word_1_805' title='bbox 1243 2797 1596 2844; x_wconf 75' lang='lat' dir='ltr'><strong>turpe·commisertt</strong></span> <span class='ocrx_word' id='word_1_806' title='bbox 1627 2796 1668 2831; x_wconf 87' lang='lat' dir='ltr'><strong>id</strong></span> <span class='ocrx_word' id='word_1_807' title='bbox 1693 2798 1853 2843; x_wconf 85' lang='lat' dir='ltr'><strong>pecunia</strong></span> <span class='ocrx_word' id='word_1_808' title='bbox 1882 2798 1969 2833; x_wconf 89' lang='lat' dir='ltr'><strong>data</strong></span> <span class='ocrx_word' id='word_1_809' title='bbox 1998 2797 2264 2845; x_wconf 86' lang='lat' dir='ltr'><strong>redempturum</strong></span> <span class='ocrx_word' id='word_1_810' title='bbox 2299 2810 2365 2834; x_wconf 85' lang='lat' dir='ltr'><strong>con</strong></span> <span class='ocrx_word' id='word_1_811' title='bbox 2393 2801 2482 2836; x_wconf 83' lang='lat' dir='ltr'><strong>dat?</strong></span> 
     </span>
     <span class='ocr_line' id='line_1_90' title="bbox 266 2840 2483 2889; baseline 0.001 -12"><span class='ocrx_word' id='word_1_812' title='bbox 266 2840 364 2878; x_wconf 84' lang='lat' dir='ltr'><strong>Hinc</strong></span> <span class='ocrx_word' id='word_1_813' title='bbox 387 2841 580 2878; x_wconf 77' lang='lat' dir='ltr'><strong>homicidia</strong></span> <span class='ocrx_word' id='word_1_814' title='bbox 595 2848 630 2878; x_wconf 90' lang='lat' dir='ltr'><strong>et</strong></span> <span class='ocrx_word' id='word_1_815' title='bbox 647 2843 828 2879; x_wconf 86' lang='lat' dir='ltr'><strong>adulteria</strong></span> <span class='ocrx_word' id='word_1_816' title='bbox 851 2848 887 2880; x_wconf 92' lang='lat' dir='ltr'><strong>et</strong></span> <span class='ocrx_word' id='word_1_817' title='bbox 908 2844 1113 2879; x_wconf 82' lang='lat' dir='ltr'><strong>invasiones</strong></span> <span class='ocrx_word' id='word_1_818' title='bbox 1128 2848 1164 2879; x_wconf 88' lang='lat' dir='ltr'><strong>et</strong></span> <span class='ocrx_word' id='word_1_819' title='bbox 1185 2843 1334 2879; x_wconf 87' lang='lat' dir='ltr'><strong>verbera</strong></span> <span class='ocrx_word' id='word_1_820' title='bbox 1357 2847 1394 2878; x_wconf 88' lang='lat' dir='ltr'><strong>et</strong></span> <span class='ocrx_word' id='word_1_821' title='bbox 1415 2842 1593 2889; x_wconf 83' lang='lat' dir='ltr'><strong>virqinum</strong></span> <span class='ocrx_word' id='word_1_822' title='bbox 1615 2848 1746 2888; x_wconf 87' lang='lat' dir='ltr'><strong>raptus</strong></span> <span class='ocrx_word' id='word_1_823' title='bbox 1760 2846 1795 2877; x_wconf 90' lang='lat' dir='ltr'><strong>et</strong></span> <span class='ocrx_word' id='word_1_824' title='bbox 1811 2842 2041 2889; x_wconf 86' lang='lat' dir='ltr'><strong>publicorum</strong></span> <span class='ocrx_word' id='word_1_825' title='bbox 2053 2849 2289 2879; x_wconf 83' lang='lat' dir='ltr'><strong>conventuum</strong></span> <span class='ocrx_word' id='word_1_826' title='bbox 2305 2848 2365 2879; x_wconf 88' lang='lat' dir='ltr'><strong>tur</strong></span> <span class='ocrx_word' id='word_1_827' title='bbox 2386 2855 2431 2880; x_wconf 84' lang='lat' dir='ltr'><strong>ae</strong></span> <span class='ocrx_word' id='word_1_828' title='bbox 2446 2849 2483 2880; x_wconf 85' lang='lat' dir='ltr'><strong>et</strong></span> 
     </span>
     <span class='ocr_line' id='line_1_91' title="bbox 264 2887 2484 2941; baseline 0.002 -20"><span class='ocrx_word' id='word_1_829' title='bbox 264 2892 490 2934; x_wconf 80' lang='lat' dir='ltr'><strong>contemptus</strong></span> <span class='ocrx_word' id='word_1_830' title='bbox 516 2892 588 2923; x_wconf 86' lang='lat' dir='ltr'><strong>tam</strong></span> <span class='ocrx_word' id='word_1_831' title='bbox 612 2888 731 2940; x_wconf 78' lang='lat' dir='ltr'><strong>lequm</strong></span> <span class='ocrx_word' id='word_1_832' title='bbox 755 2900 863 2934; x_wconf 88' lang='lat' dir='ltr'><strong>quam</strong></span> <span class='ocrx_word' id='word_1_833' title='bbox 886 2900 945 2923; x_wconf 88' lang='lat' dir='ltr'><strong>ma</strong></span> <span class='ocrx_word' id='word_1_834' title='bbox 972 2889 1181 2931; x_wconf 86' lang='lat' dir='ltr'><strong>istratuum,</strong></span> <span class='ocrx_word' id='word_1_835' title='bbox 1206 2899 1285 2923; x_wconf 86' lang='lat' dir='ltr'><strong>cum</strong></span> <span class='ocrx_word' id='word_1_836' title='bbox 1309 2897 1430 2923; x_wconf 89' lang='lat' dir='ltr'><strong>omnes</strong></span> <span class='ocrx_word' id='word_1_837' title='bbox 1453 2887 1605 2922; x_wconf 82' lang='lat' dir='ltr'><strong>credant</strong></span> <span class='ocrx_word' id='word_1_838' title='bbox 1625 2897 1688 2922; x_wconf 87' lang='lat' dir='ltr'><strong>eos</strong></span> <span class='ocrx_word' id='word_1_839' title='bbox 1711 2898 1835 2923; x_wconf 87' lang='lat' dir='ltr'><strong>venum</strong></span> <span class='ocrx_word' id='word_1_840' title='bbox 1858 2888 2048 2933; x_wconf 77' lang='lat' dir='ltr'><strong>expositos</strong></span> <span class='ocrx_word' id='word_1_841' title='bbox 2070 2899 2148 2923; x_wconf 87' lang='lat' dir='ltr'><strong>esse</strong></span> <span class='ocrx_word' id='word_1_842' title='bbox 2170 2889 2278 2934; x_wconf 85' lang='lat' dir='ltr'><strong>quasi</strong></span> <span class='ocrx_word' id='word_1_843' title='bbox 2299 2889 2484 2941; x_wconf 75' lang='lat' dir='ltr'><strong>quodlibet</strong></span> 
     </span>
     <span class='ocr_line' id='line_1_92' title="bbox 263 2900 2482 2985; baseline 0.001 -18"><span class='ocrx_word' id='word_1_844' title='bbox 263 2931 473 2968; x_wconf 83' lang='lat' dir='ltr'><strong>vilissimum</strong></span> <span class='ocrx_word' id='word_1_845' title='bbox 495 2933 721 2985; x_wconf 82' lang='lat' dir='ltr'><strong>mancipium.</strong></span> <span class='ocrx_word' id='word_1_846' title='bbox 769 2934 845 2969; x_wconf 85' lang='lat' dir='ltr'><strong>Nec</strong></span> <span class='ocrx_word' id='word_1_847' title='bbox 863 2900 978 2980; x_wconf 61' lang='lat' dir='ltr'><strong>facille</strong></span> <span class='ocrx_word' id='word_1_848' title='bbox 1000 2934 1229 2979; x_wconf 81' lang='lat' dir='ltr'><strong>sufficiamus</strong></span> <span class='ocrx_word' id='word_1_849' title='bbox 1251 2938 1423 2979; x_wconf 86' lang='lat' dir='ltr'><strong>reputare</strong></span> <span class='ocrx_word' id='word_1_850' title='bbox 1445 2936 1480 2968; x_wconf 91' lang='lat' dir='ltr'><strong>et</strong></span> <span class='ocrx_word' id='word_1_851' title='bbox 1502 2942 1704 2979; x_wconf 75' lang='lat' dir='ltr'><strong>exponere,</strong></span> <span class='ocrx_word' id='word_1_852' title='bbox 1735 2936 1825 2978; x_wconf 85' lang='lat' dir='ltr'><strong>quot</strong></span> <span class='ocrx_word' id='word_1_853' title='bbox 1846 2932 1978 2967; x_wconf 81' lang='lat' dir='ltr'><strong>damna</strong></span> <span class='ocrx_word' id='word_1_854' title='bbox 2001 2943 2051 2969; x_wconf 78' lang='lat' dir='ltr'><strong>eoe</strong></span> <span class='ocrx_word' id='word_1_855' title='bbox 2071 2934 2187 2979; x_wconf 84' lang='lat' dir='ltr'><strong>furtis</strong></span> <span class='ocrx_word' id='word_1_856' title='bbox 2209 2938 2482 2980; x_wconf 77' lang='lat' dir='ltr'><strong>maqistratuum</strong></span> 
     </span>
     <span class='ocr_line' id='line_1_93' title="bbox 263 2977 2481 3026; baseline 0.001 -14"><span class='ocrx_word' id='word_1_857' title='bbox 263 2977 542 3023; x_wconf 81' lang='lat' dir='ltr'><strong>provincialium</strong></span> <span class='ocrx_word' id='word_1_858' title='bbox 562 2984 740 3022; x_wconf 73' lang='lat' dir='ltr'><strong>oriantur,</strong></span> <span class='ocrx_word' id='word_1_859' title='bbox 764 2990 844 3014; x_wconf 86' lang='lat' dir='ltr'><strong>cum</strong></span> <span class='ocrx_word' id='word_1_860' title='bbox 860 2990 967 3015; x_wconf 89' lang='lat' dir='ltr'><strong>nemo</strong></span> <span class='ocrx_word' id='word_1_861' title='bbox 987 2990 1050 3014; x_wconf 88' lang='lat' dir='ltr'><strong>eos</strong></span> <span class='ocrx_word' id='word_1_862' title='bbox 1072 2979 1227 3025; x_wconf 81' lang='lat' dir='ltr'><strong>inqenue</strong></span> <span class='ocrx_word' id='word_1_863' title='bbox 1249 2978 1439 3024; x_wconf 84' lang='lat' dir='ltr'><strong>increpare</strong></span> <span class='ocrx_word' id='word_1_864' title='bbox 1456 2977 1600 3019; x_wconf 84' lang='lat' dir='ltr'><strong>audeat,</strong></span> <span class='ocrx_word' id='word_1_865' title='bbox 1625 2977 1759 3024; x_wconf 85' lang='lat' dir='ltr'><strong>quippe</strong></span> <span class='ocrx_word' id='word_1_866' title='bbox 1779 2977 1842 3023; x_wconf 84' lang='lat' dir='ltr'><strong>qui</strong></span> <span class='ocrx_word' id='word_1_867' title='bbox 1863 2978 1997 3020; x_wconf 83' lang='lat' dir='ltr'><strong>statim,</strong></span> <span class='ocrx_word' id='word_1_868' title='bbox 2020 2978 2121 3024; x_wconf 89' lang='lat' dir='ltr'><strong>quod</strong></span> <span class='ocrx_word' id='word_1_869' title='bbox 2137 2979 2372 3026; x_wconf 83' lang='lat' dir='ltr'><strong>maqistratus</strong></span> <span class='ocrx_word' id='word_1_870' title='bbox 2393 2990 2481 3016; x_wconf 83' lang='lat' dir='ltr'><strong>eme—</strong></span> 
     </span>
     <span class='ocr_line' id='line_1_94' title="bbox 261 3023 574 3065; baseline 0.006 -9"><span class='ocrx_word' id='word_1_871' title='bbox 261 3023 348 3065; x_wconf 85' lang='lat' dir='ltr'><strong>rint,</strong></span> <span class='ocrx_word' id='word_1_872' title='bbox 371 3027 574 3058; x_wconf 87' lang='lat' dir='ltr'><strong>causentur.</strong></span> 
     </span>
    </p>
   </div>
   <div class='ocr_carea' id='block_1_31' title="bbox 1410 3158 1610 3192">
    <p class='ocr_par' dir='ltr' id='par_1_31' title="bbox 1410 3158 1610 3192">
     <span class='ocr_line' id='line_1_95' title="bbox 1410 3158 1610 3192; baseline 0.005 -1"><span class='ocrx_word' id='word_1_873' title='bbox 1410 3158 1547 3192; x_wconf 81' lang='lat' dir='ltr'><strong>relatam</strong></span> <span class='ocrx_word' id='word_1_874' title='bbox 1561 3158 1610 3192; x_wconf 60' lang='grc' dir='ltr'><strong>Β*</strong></span> 
     </span>
    </p>
   </div>
   <div class='ocr_carea' id='block_1_32' title="bbox 1412 3157 2483 3245">
    <p class='ocr_par' dir='ltr' id='par_1_32' title="bbox 1412 3157 2483 3245">
     <span class='ocr_line' id='line_1_96' title="bbox 1412 3157 2483 3245; baseline 0 -53"><span class='ocrx_word' id='word_1_875' title='bbox 1412 3204 1459 3237; x_wconf 50' lang='grc' dir='ltr'><strong>Β,</strong></span> <span class='ocrx_word' id='word_1_876' title='bbox 1487 3205 1498 3245; x_wconf 67' lang='grc' dir='ltr'><strong>ΙΙ</strong></span> <span class='ocrx_word' id='word_1_877' title='bbox 1546 3204 1553 3211; x_wconf 90' lang='lat'><strong>.</strong></span> <span class='ocrx_word' id='word_1_878' title='bbox 1658 3161 1676 3192; x_wconf 87' lang='lat'><strong>7</strong></span> <span class='ocrx_word' id='word_1_879' title='bbox 1699 3158 1867 3191; x_wconf 84' lang='lat' dir='ltr'><strong>occasione</strong></span> <span class='ocrx_word' id='word_1_880' title='bbox 1879 3157 1918 3192; x_wconf 87' lang='lat' dir='ltr'><em>V</em></span> <span class='ocrx_word' id='word_1_881' title='bbox 1923 3158 1962 3201; x_wconf 73' lang='grc' dir='ltr'><strong>ί11</strong></span> <span class='ocrx_word' id='word_1_882' title='bbox 1981 3160 2001 3192; x_wconf 92' lang='lat'><em>8</em></span> <span class='ocrx_word' id='word_1_883' title='bbox 2026 3159 2249 3201; x_wconf 85' lang='lat' dir='ltr'><strong>exceptionem</strong></span> <span class='ocrx_word' id='word_1_884' title='bbox 2262 3159 2295 3193; x_wconf 92' lang='lat' dir='ltr'><em>V</em></span> <span class='ocrx_word' id='word_1_885' title='bbox 2311 3158 2360 3204; x_wconf 86' lang='grc'><strong>119</strong></span> <span class='ocrx_word' id='word_1_886' title='bbox 2383 3159 2483 3202; x_wconf 85' lang='lat' dir='ltr'><strong>quide</strong></span> 
     </span>
     <span class='ocr_line' id='line_1_97' title="bbox 1526 3213 1597 3236; baseline -0.014 0"><span class='ocrx_word' id='word_1_887' title='bbox 1526 3213 1597 3236; x_wconf 75' lang='lat' dir='ltr'><strong>eius</strong></span> 
     </span>
    </p>
   </div>
   <div class='ocr_carea' id='block_1_33' title="bbox 1415 3203 2484 3292">
    <p class='ocr_par' dir='ltr' id='par_1_33' title="bbox 1415 3203 2484 3292">
     <span class='ocr_line' id='line_1_98' title="bbox 1680 3203 2484 3249; baseline 0.002 -13"><span class='ocrx_word' id='word_1_888' title='bbox 1680 3203 1692 3246; x_wconf 86' lang='grc' dir='ltr'><strong>ΙΙ</strong></span> <span class='ocrx_word' id='word_1_889' title='bbox 1726 3205 1766 3236; x_wconf 92' lang='grc'><strong>10</strong></span> <span class='ocrx_word' id='word_1_890' title='bbox 1791 3203 1882 3236; x_wconf 84' lang='lat' dir='ltr'><strong>noxii</strong></span> <span class='ocrx_word' id='word_1_891' title='bbox 1906 3203 2025 3236; x_wconf 70' lang='lat' dir='ltr'><strong>R&#39;VT</strong></span> <span class='ocrx_word' id='word_1_892' title='bbox 2054 3203 2066 3247; x_wconf 92' lang='grc'><strong>11</strong></span> <span class='ocrx_word' id='word_1_893' title='bbox 2097 3206 2131 3238; x_wconf 88' lang='lat' dir='ltr'><strong>ll</strong></span> <span class='ocrx_word' id='word_1_894' title='bbox 2166 3205 2375 3247; x_wconf 81' lang='lat' dir='ltr'><strong>pecuniarias</strong></span> <span class='ocrx_word' id='word_1_895' title='bbox 2396 3205 2449 3238; x_wconf 69' lang='lat'><strong>12⁰</strong></span> <span class='ocrx_word' id='word_1_896' title='bbox 2471 3205 2484 3249; x_wconf 93' lang='grc'><strong>11</strong></span> 
     </span>
     <span class='ocr_line' id='line_1_99' title="bbox 1415 3247 2484 3292; baseline -0.001 -10"><span class='ocrx_word' id='word_1_897' title='bbox 1415 3250 1454 3283; x_wconf 84' lang='grc'><strong>13</strong></span> <span class='ocrx_word' id='word_1_898' title='bbox 1476 3249 1638 3291; x_wconf 79' lang='lat' dir='ltr'><strong>fugaeque</strong></span> <span class='ocrx_word' id='word_1_899' title='bbox 1656 3247 1742 3280; x_wconf 88' lang='lat' dir='ltr'><strong>fiunt</strong></span> <span class='ocrx_word' id='word_1_900' title='bbox 1766 3258 1805 3281; x_wconf 85' lang='lat' dir='ltr'><strong>ex</strong></span> <span class='ocrx_word' id='word_1_901' title='bbox 1827 3249 1925 3292; x_wconf 57' lang='lat' dir='ltr'><strong>vala]</strong></span> <span class='ocrx_word' id='word_1_902' title='bbox 1948 3248 2084 3289; x_wconf 77' lang='lat' dir='ltr'><strong>fugiunt</strong></span> <span class='ocrx_word' id='word_1_903' title='bbox 2107 3259 2230 3291; x_wconf 86' lang='lat' dir='ltr'><strong>exeqne</strong></span> <span class='ocrx_word' id='word_1_904' title='bbox 2243 3249 2332 3283; x_wconf 79' lang='lat' dir='ltr'><strong>R¹V</strong></span> <span class='ocrx_word' id='word_1_905' title='bbox 2348 3250 2484 3291; x_wconf 79' lang='lat' dir='ltr'><strong>fugiunt</strong></span> 
     </span>
    </p>
   </div>
   <div class='ocr_carea' id='block_1_34' title="bbox 265 3154 2489 3740">
    <p class='ocr_par' dir='ltr' id='par_1_34' title="bbox 265 3154 2489 3740">
     <span class='ocr_line' id='line_1_100' title="bbox 309 3154 1307 3206; baseline -0.001 -13"><span class='ocrx_word' id='word_1_906' title='bbox 309 3161 329 3193; x_wconf 83' lang='lat'><strong>5</strong></span> <span class='ocrx_word' id='word_1_907' title='bbox 354 3154 478 3193; x_wconf 79' lang='grc' dir='ltr'><strong><em>αὐτῶν</em></strong></span> <span class='ocrx_word' id='word_1_908' title='bbox 503 3160 536 3194; x_wconf 87' lang='lat' dir='ltr'><em>L</em></span> <span class='ocrx_word' id='word_1_909' title='bbox 559 3160 572 3203; x_wconf 92' lang='grc'><strong>11</strong></span> <span class='ocrx_word' id='word_1_910' title='bbox 597 3162 617 3194; x_wconf 85' lang='grc'><strong>6</strong></span> <span class='ocrx_word' id='word_1_911' title='bbox 640 3155 891 3206; x_wconf 78' lang='grc' dir='ltr'><strong><em>ἀπολογίζεται</em></strong></span> <span class='ocrx_word' id='word_1_912' title='bbox 914 3160 948 3193; x_wconf 91' lang='lat' dir='ltr'><em>L</em></span> <span class='ocrx_word' id='word_1_913' title='bbox 970 3159 983 3204; x_wconf 91' lang='grc' dir='ltr'><strong>ΙΙ</strong></span> <span class='ocrx_word' id='word_1_914' title='bbox 1007 3162 1045 3194; x_wconf 87' lang='grc'><strong>14</strong></span> <span class='ocrx_word' id='word_1_915' title='bbox 1069 3160 1169 3193; x_wconf 83' lang='grc' dir='ltr'><strong><em>ἐστιν</em></strong></span> <span class='ocrx_word' id='word_1_916' title='bbox 1193 3172 1251 3193; x_wconf 83' lang='grc' dir='ltr'><strong><em>οηι.</em></strong></span> <span class='ocrx_word' id='word_1_917' title='bbox 1277 3159 1307 3192; x_wconf 87' lang='lat' dir='ltr'><em>L</em></span> 
     </span>
     <span class='ocr_line' id='line_1_101' title="bbox 267 3201 1318 3281; baseline -0.002 -42"><span class='ocrx_word' id='word_1_918' title='bbox 267 3206 309 3239; x_wconf 77' lang='lat'><strong>16</strong></span> <span class='ocrx_word' id='word_1_919' title='bbox 333 3203 479 3239; x_wconf 84' lang='grc' dir='ltr'><strong><em>πάντως</em></strong></span> <span class='ocrx_word' id='word_1_920' title='bbox 497 3201 716 3250; x_wconf 79' lang='grc' dir='ltr'><strong><em>ὥδυρόμενοι</em></strong></span> <span class='ocrx_word' id='word_1_921' title='bbox 729 3206 760 3238; x_wconf 89' lang='lat' dir='ltr'><strong><em>L</em></strong></span> <span class='ocrx_word' id='word_1_922' title='bbox 779 3204 791 3250; x_wconf 84' lang='grc'><strong>11</strong></span> <span class='ocrx_word' id='word_1_923' title='bbox 813 3207 847 3239; x_wconf 81' lang='lat'><strong>17</strong></span> <span class='ocrx_word' id='word_1_924' title='bbox 870 3206 929 3237; x_wconf 85' lang='grc' dir='ltr'><strong>καὶ</strong></span> <span class='ocrx_word' id='word_1_925' title='bbox 951 3211 1025 3238; x_wconf 86' lang='lat' dir='ltr'><strong>ante</strong></span> <span class='ocrx_word' id='word_1_926' title='bbox 1035 3207 1194 3281; x_wconf 56' lang='grc' dir='ltr'><strong><em>γεωργοί</em></strong></span> <span class='ocrx_word' id='word_1_927' title='bbox 1209 3217 1267 3238; x_wconf 87' lang='lat' dir='ltr'><strong>om.</strong></span> <span class='ocrx_word' id='word_1_928' title='bbox 1285 3204 1318 3237; x_wconf 90' lang='lat' dir='ltr'><em>L</em></span> 
     </span>
     <span class='ocr_line' id='line_1_102' title="bbox 266 3246 1342 3295; baseline -0.003 -11"><span class='ocrx_word' id='word_1_929' title='bbox 266 3251 306 3284; x_wconf 83' lang='lat'><strong>21</strong></span> <span class='ocrx_word' id='word_1_930' title='bbox 332 3247 525 3295; x_wconf 75' lang='grc' dir='ltr'><strong><em>χρημάτων</em></strong></span> <span class='ocrx_word' id='word_1_931' title='bbox 548 3263 607 3284; x_wconf 91' lang='lat' dir='ltr'><strong>om.</strong></span> <span class='ocrx_word' id='word_1_932' title='bbox 632 3261 661 3286; x_wconf 74' lang='lat'><strong>5·-</strong></span> <span class='ocrx_word' id='word_1_933' title='bbox 699 3251 780 3294; x_wconf 79' lang='lat' dir='ltr'><strong>Leq.</strong></span> <span class='ocrx_word' id='word_1_934' title='bbox 804 3246 910 3294; x_wconf 73' lang='grc' dir='ltr'><strong><em>&lt;ἇπὸ&gt;</em></strong></span> <span class='ocrx_word' id='word_1_935' title='bbox 931 3262 1124 3294; x_wconf 86' lang='grc' dir='ltr'><strong><em>χρηματων</em></strong></span> <span class='ocrx_word' id='word_1_936' title='bbox 1174 3250 1186 3294; x_wconf 77' lang='lat' dir='ltr'>u</span> <span class='ocrx_word' id='word_1_937' title='bbox 1217 3251 1259 3283; x_wconf 81' lang='lat'><strong>23</strong></span> <span class='ocrx_word' id='word_1_938' title='bbox 1283 3250 1342 3282; x_wconf 84' lang='grc' dir='ltr'><strong>καὶ</strong></span> 
     </span>
     <span class='ocr_line' id='line_1_103' title="bbox 265 3292 2483 3341; baseline 0 -14"><span class='ocrx_word' id='word_1_939' title='bbox 265 3292 347 3340; x_wconf 87' lang='grc' dir='ltr'><strong><em>τόγε</em></strong></span> <span class='ocrx_word' id='word_1_940' title='bbox 372 3295 435 3335; x_wconf 69' lang='lat' dir='ltr'><strong>Le]</strong></span> <span class='ocrx_word' id='word_1_941' title='bbox 458 3298 522 3329; x_wconf 77' lang='grc' dir='ltr'><strong>καί</strong></span> <span class='ocrx_word' id='word_1_942' title='bbox 542 3306 639 3341; x_wconf 67' lang='lat' dir='ltr'><strong>‘maye</strong></span> <span class='ocrx_word' id='word_1_943' title='bbox 662 3294 709 3328; x_wconf 87' lang='grc' dir='ltr'><em>Μ</em></span> <span class='ocrx_word' id='word_1_944' title='bbox 717 3294 730 3338; x_wconf 88' lang='grc'><strong>11</strong></span> <span class='ocrx_word' id='word_1_945' title='bbox 749 3296 790 3328; x_wconf 87' lang='grc'><strong>25</strong></span> <span class='ocrx_word' id='word_1_946' title='bbox 817 3293 961 3340; x_wconf 88' lang='grc' dir='ltr'><strong><em>λογίων]</em></strong></span> <span class='ocrx_word' id='word_1_947' title='bbox 987 3295 1112 3328; x_wconf 78' lang='lat' dir='ltr'><strong>Paulus</strong></span> <span class='ocrx_word' id='word_1_948' title='bbox 1137 3296 1183 3327; x_wconf 83' lang='lat' dir='ltr'><strong>ad</strong></span> <span class='ocrx_word' id='word_1_949' title='bbox 1206 3295 1342 3328; x_wconf 79' lang='lat' dir='ltr'><strong>Timoth.</strong></span> <span class='ocrx_word' id='word_1_950' title='bbox 1411 3303 1514 3335; x_wconf 85' lang='lat' dir='ltr'><strong>aeque</strong></span> <span class='ocrx_word' id='word_1_951' title='bbox 1533 3303 1572 3326; x_wconf 85' lang='lat' dir='ltr'><strong>ex</strong></span> <span class='ocrx_word' id='word_1_952' title='bbox 1592 3293 1642 3326; x_wconf 80' lang='lat' dir='ltr'><strong>R²</strong></span> <span class='ocrx_word' id='word_1_953' title='bbox 1663 3294 1718 3334; x_wconf 77' lang='lat' dir='ltr'><strong>aL,</strong></span> <span class='ocrx_word' id='word_1_954' title='bbox 1744 3293 1942 3335; x_wconf 84' lang='lat' dir='ltr'><strong>fugiuntque</strong></span> <span class='ocrx_word' id='word_1_955' title='bbox 1966 3304 2005 3325; x_wconf 83' lang='lat' dir='ltr'><strong>ex</strong></span> <span class='ocrx_word' id='word_1_956' title='bbox 2030 3295 2208 3328; x_wconf 77' lang='lat' dir='ltr'><strong>Heimbach</strong></span> <span class='ocrx_word' id='word_1_957' title='bbox 2226 3293 2390 3337; x_wconf 71' lang='lat' dir='ltr'><strong>flconflult</strong></span> <span class='ocrx_word' id='word_1_958' title='bbox 2414 3294 2444 3327; x_wconf 81' lang='lat' dir='ltr'><em>R</em></span> <span class='ocrx_word' id='word_1_959' title='bbox 2470 3292 2483 3338; x_wconf 90' lang='grc'><strong>11</strong></span> 
     </span>
     <span class='ocr_line' id='line_1_104' title="bbox 266 3335 2483 3383; baseline -0 -12"><span class='ocrx_word' id='word_1_960' title='bbox 266 3339 297 3380; x_wconf 92' lang='lat' dir='ltr'><strong>I,</strong></span> <span class='ocrx_word' id='word_1_961' title='bbox 321 3341 352 3378; x_wconf 82' lang='lat'><strong>6,</strong></span> <span class='ocrx_word' id='word_1_962' title='bbox 378 3348 409 3373; x_wconf 78' lang='grc' dir='ltr'><strong>ιο</strong></span> <span class='ocrx_word' id='word_1_963' title='bbox 430 3340 442 3383; x_wconf 86' lang='grc' dir='ltr'><strong>ΙΙ</strong></span> <span class='ocrx_word' id='word_1_964' title='bbox 469 3342 512 3375; x_wconf 87' lang='grc'><strong>26</strong></span> <span class='ocrx_word' id='word_1_965' title='bbox 535 3340 613 3374; x_wconf 83' lang='grc' dir='ltr'><strong>τῶν</strong></span> <span class='ocrx_word' id='word_1_966' title='bbox 633 3353 692 3373; x_wconf 85' lang='lat' dir='ltr'><strong>om.</strong></span> <span class='ocrx_word' id='word_1_967' title='bbox 714 3340 746 3372; x_wconf 92' lang='lat' dir='ltr'><em>L</em></span> <span class='ocrx_word' id='word_1_968' title='bbox 767 3340 779 3381; x_wconf 92' lang='grc'><strong>11</strong></span> <span class='ocrx_word' id='word_1_969' title='bbox 798 3341 840 3373; x_wconf 87' lang='grc'><strong>29</strong></span> <span class='ocrx_word' id='word_1_970' title='bbox 865 3336 1062 3380; x_wconf 66' lang='grc' dir='ltr'><strong><em>ἀνεύθυνα]</em></strong></span> <span class='ocrx_word' id='word_1_971' title='bbox 1087 3335 1260 3373; x_wconf 79' lang='grc' dir='ltr'><strong><em>ἀκίνδυνα</em></strong></span> <span class='ocrx_word' id='word_1_972' title='bbox 1278 3339 1310 3372; x_wconf 92' lang='lat' dir='ltr'><em>L</em></span> <span class='ocrx_word' id='word_1_973' title='bbox 1332 3337 1345 3382; x_wconf 89' lang='grc' dir='ltr'><strong>ΙΙ</strong></span> <span class='ocrx_word' id='word_1_974' title='bbox 1415 3340 1455 3372; x_wconf 85' lang='lat'><strong>14</strong></span> <span class='ocrx_word' id='word_1_975' title='bbox 1485 3338 1735 3380; x_wconf 84' lang='lat' dir='ltr'><strong>ingemiscentes</strong></span> <span class='ocrx_word' id='word_1_976' title='bbox 1757 3340 1841 3381; x_wconf 79' lang='lat' dir='ltr'><strong>vulq.</strong></span> <span class='ocrx_word' id='word_1_977' title='bbox 1869 3336 1882 3382; x_wconf 90' lang='grc'><strong>11</strong></span> <span class='ocrx_word' id='word_1_978' title='bbox 1915 3339 1951 3372; x_wconf 83' lang='grc'><strong>17</strong></span> <span class='ocrx_word' id='word_1_979' title='bbox 1978 3339 2075 3379; x_wconf 88' lang='lat' dir='ltr'><strong>fiunt]</strong></span> <span class='ocrx_word' id='word_1_980' title='bbox 2099 3338 2257 3382; x_wconf 80' lang='lat' dir='ltr'><strong>pecuniae</strong></span> <span class='ocrx_word' id='word_1_981' title='bbox 2279 3347 2376 3370; x_wconf 79' lang='lat' dir='ltr'><strong>causa</strong></span> <span class='ocrx_word' id='word_1_982' title='bbox 2397 3337 2483 3370; x_wconf 85' lang='lat' dir='ltr'><strong>finnt</strong></span> 
     </span>
     <span class='ocr_line' id='line_1_105' title="bbox 268 3382 2483 3428; baseline -0.001 -11"><span class='ocrx_word' id='word_1_983' title='bbox 268 3385 311 3417; x_wconf 82' lang='lat'><strong>32</strong></span> <span class='ocrx_word' id='word_1_984' title='bbox 334 3382 582 3427; x_wconf 80' lang='grc' dir='ltr'><strong><em>*ἑξωνῆσηται</em></strong></span> <span class='ocrx_word' id='word_1_985' title='bbox 594 3385 641 3419; x_wconf 88' lang='grc' dir='ltr'><em>Μ</em></span> <span class='ocrx_word' id='word_1_986' title='bbox 652 3383 863 3427; x_wconf 74' lang='grc' dir='ltr'><strong><em>ἐξωνήσειτε</em></strong></span> <span class='ocrx_word' id='word_1_987' title='bbox 876 3385 907 3417; x_wconf 89' lang='lat' dir='ltr'><em>L</em></span> <span class='ocrx_word' id='word_1_988' title='bbox 926 3387 937 3426; x_wconf 91' lang='grc' dir='ltr'><strong>ΙΙ</strong></span> <span class='ocrx_word' id='word_1_989' title='bbox 955 3387 996 3419; x_wconf 86' lang='grc'><strong>33</strong></span> <span class='ocrx_word' id='word_1_990' title='bbox 1014 3396 1055 3418; x_wconf 79' lang='grc' dir='ltr'><strong>τε</strong></span> <span class='ocrx_word' id='word_1_991' title='bbox 1067 3397 1126 3418; x_wconf 87' lang='lat' dir='ltr'><strong>om.</strong></span> <span class='ocrx_word' id='word_1_992' title='bbox 1139 3385 1171 3418; x_wconf 91' lang='lat' dir='ltr'><em>L</em></span> <span class='ocrx_word' id='word_1_993' title='bbox 1190 3383 1203 3428; x_wconf 90' lang='grc'><strong>11</strong></span> <span class='ocrx_word' id='word_1_994' title='bbox 1219 3386 1259 3418; x_wconf 84' lang='grc'><strong>37</strong></span> <span class='ocrx_word' id='word_1_995' title='bbox 1284 3395 1343 3416; x_wconf 86' lang='grc' dir='ltr'><strong>κα·</strong></span> <span class='ocrx_word' id='word_1_996' title='bbox 1412 3383 1497 3428; x_wconf 75' lang='lat' dir='ltr'><strong>vulq.</strong></span> <span class='ocrx_word' id='word_1_997' title='bbox 1516 3385 1528 3427; x_wconf 87' lang='grc'><strong>11</strong></span> <span class='ocrx_word' id='word_1_998' title='bbox 1544 3384 1587 3416; x_wconf 87' lang='grc'><strong>20</strong></span> <span class='ocrx_word' id='word_1_999' title='bbox 1612 3385 1644 3415; x_wconf 88' lang='lat' dir='ltr'><strong>et</strong></span> <span class='ocrx_word' id='word_1_1000' title='bbox 1667 3384 1826 3426; x_wconf 85' lang='lat' dir='ltr'><strong>accipere]</strong></span> <span class='ocrx_word' id='word_1_1001' title='bbox 1851 3386 1884 3416; x_wconf 83' lang='lat' dir='ltr'><strong>et</strong></span> <span class='ocrx_word' id='word_1_1002' title='bbox 1906 3395 1963 3416; x_wconf 88' lang='lat' dir='ltr'><strong>om.</strong></span> <span class='ocrx_word' id='word_1_1003' title='bbox 1987 3384 2018 3415; x_wconf 77' lang='lat' dir='ltr'><em>R</em></span> <span class='ocrx_word' id='word_1_1004' title='bbox 2036 3383 2048 3427; x_wconf 85' lang='grc'><strong>11</strong></span> <span class='ocrx_word' id='word_1_1005' title='bbox 2065 3386 2103 3418; x_wconf 86' lang='grc'><strong>21</strong></span> <span class='ocrx_word' id='word_1_1006' title='bbox 2126 3384 2207 3416; x_wconf 82' lang='lat' dir='ltr'><strong>haec</strong></span> <span class='ocrx_word' id='word_1_1007' title='bbox 2227 3382 2261 3416; x_wconf 91' lang='lat' dir='ltr'><em>V</em></span> <span class='ocrx_word' id='word_1_1008' title='bbox 2278 3382 2292 3425; x_wconf 87' lang='grc'><strong>11</strong></span> <span class='ocrx_word' id='word_1_1009' title='bbox 2310 3384 2352 3417; x_wconf 80' lang='grc'><strong>24</strong></span> <span class='ocrx_word' id='word_1_1010' title='bbox 2376 3382 2483 3415; x_wconf 87' lang='lat' dir='ltr'><strong>ineret</strong></span> 
     </span>
     <span class='ocr_line' id='line_1_106' title="bbox 268 3426 2482 3473; baseline -0 -13"><span class='ocrx_word' id='word_1_1011' title='bbox 268 3429 416 3469; x_wconf 80' lang='grc' dir='ltr'><strong><em>κίστων]</em></strong></span> <span class='ocrx_word' id='word_1_1012' title='bbox 448 3432 647 3472; x_wconf 85' lang='lat' dir='ltr'><strong>optimorum</strong></span> <span class='ocrx_word' id='word_1_1013' title='bbox 671 3432 706 3471; x_wconf 83' lang='lat' dir='ltr'><strong>(i.</strong></span> <span class='ocrx_word' id='word_1_1014' title='bbox 728 3443 754 3463; x_wconf 77' lang='lat' dir='ltr'><strong>e.</strong></span> <span class='ocrx_word' id='word_1_1015' title='bbox 778 3427 1021 3472; x_wconf 67' lang='grc' dir='ltr'><strong><em>καλλίστωνῗ)</em></strong></span> <span class='ocrx_word' id='word_1_1016' title='bbox 1044 3440 1065 3466; x_wconf 77' lang='grc' dir='ltr'><strong><em>ς</em></strong></span> <span class='ocrx_word' id='word_1_1017' title='bbox 1091 3431 1103 3473; x_wconf 91' lang='grc'><strong>11</strong></span> <span class='ocrx_word' id='word_1_1018' title='bbox 1126 3431 1169 3464; x_wconf 86' lang='grc'><strong>39</strong></span> <span class='ocrx_word' id='word_1_1019' title='bbox 1191 3427 1344 3471; x_wconf 85' lang='grc' dir='ltr'><strong><em>χαλεπαὶ</em></strong></span> <span class='ocrx_word' id='word_1_1020' title='bbox 1412 3428 1461 3462; x_wconf 82' lang='lat' dir='ltr'><strong>R¹</strong></span> <span class='ocrx_word' id='word_1_1021' title='bbox 1491 3427 1503 3470; x_wconf 91' lang='grc' dir='ltr'><strong>ΙΙ</strong></span> <span class='ocrx_word' id='word_1_1022' title='bbox 1530 3428 1573 3462; x_wconf 86' lang='grc'><strong>26</strong></span> <span class='ocrx_word' id='word_1_1023' title='bbox 1607 3427 1905 3461; x_wconf 82' lang='lat' dir='ltr'><strong>administratorem</strong></span> <span class='ocrx_word' id='word_1_1024' title='bbox 1938 3428 2055 3470; x_wconf 80' lang='lat' dir='ltr'>R¹V21</span> <span class='ocrx_word' id='word_1_1025' title='bbox 2089 3427 2132 3461; x_wconf 84' lang='lat' dir='ltr'><strong>ad</strong></span> <span class='ocrx_word' id='word_1_1026' title='bbox 2164 3426 2482 3460; x_wconf 84' lang='lat' dir='ltr'><strong>administrationem</strong></span> 
     </span>
     <span class='ocr_line' id='line_1_107' title="bbox 1414 3470 2482 3517; baseline -0.001 -11"><span class='ocrx_word' id='word_1_1027' title='bbox 1414 3471 1502 3507; x_wconf 72' lang='lat' dir='ltr'><strong>R’V</strong></span> <span class='ocrx_word' id='word_1_1028' title='bbox 1507 3472 1516 3492; x_wconf 87' lang='lat'><strong>¹</strong></span> <span class='ocrx_word' id='word_1_1029' title='bbox 1545 3470 1559 3516; x_wconf 90' lang='grc'><strong>11</strong></span> <span class='ocrx_word' id='word_1_1030' title='bbox 1585 3471 1672 3504; x_wconf 88' lang='lat' dir='ltr'><strong>illud</strong></span> <span class='ocrx_word' id='word_1_1031' title='bbox 1700 3483 1842 3515; x_wconf 89' lang='lat' dir='ltr'><strong>namque</strong></span> <span class='ocrx_word' id='word_1_1032' title='bbox 1870 3472 1980 3506; x_wconf 84' lang='lat' dir='ltr'><strong>videre</strong></span> <span class='ocrx_word' id='word_1_1033' title='bbox 2006 3473 2043 3506; x_wconf 92' lang='lat' dir='ltr'><em>V</em></span> <span class='ocrx_word' id='word_1_1034' title='bbox 2059 3473 2073 3517; x_wconf 77' lang='grc' dir='ltr'>Ι</span> <span class='ocrx_word' id='word_1_1035' title='bbox 2102 3473 2143 3506; x_wconf 85' lang='grc'><strong>27</strong></span> <span class='ocrx_word' id='word_1_1036' title='bbox 2174 3481 2256 3504; x_wconf 86' lang='lat' dir='ltr'><strong>auro</strong></span> <span class='ocrx_word' id='word_1_1037' title='bbox 2280 3472 2390 3505; x_wconf 82' lang='lat' dir='ltr'><strong>omnia</strong></span> <span class='ocrx_word' id='word_1_1038' title='bbox 2413 3472 2447 3505; x_wconf 80' lang='lat' dir='ltr'><strong><em>R</em></strong></span> <span class='ocrx_word' id='word_1_1039' title='bbox 2477 3471 2482 3516; x_wconf 90' lang='grc'>1</span> 
     </span>
     <span class='ocr_line' id='line_1_108' title="bbox 1413 3515 2448 3561; baseline -0.002 -10"><span class='ocrx_word' id='word_1_1040' title='bbox 1413 3519 1456 3551; x_wconf 85' lang='grc'><strong>28</strong></span> <span class='ocrx_word' id='word_1_1041' title='bbox 1480 3517 1555 3557; x_wconf 88' lang='lat' dir='ltr'><strong>hoc]</strong></span> <span class='ocrx_word' id='word_1_1042' title='bbox 1580 3517 1622 3549; x_wconf 88' lang='lat' dir='ltr'><strong>ob</strong></span> <span class='ocrx_word' id='word_1_1043' title='bbox 1647 3517 1685 3550; x_wconf 92' lang='lat' dir='ltr'><em>V</em></span> <span class='ocrx_word' id='word_1_1044' title='bbox 1705 3518 1717 3561; x_wconf 92' lang='grc'><strong>11</strong></span> <span class='ocrx_word' id='word_1_1045' title='bbox 1747 3519 1789 3552; x_wconf 83' lang='grc'><strong>29</strong></span> <span class='ocrx_word' id='word_1_1046' title='bbox 1813 3517 1987 3550; x_wconf 85' lang='lat' dir='ltr'><strong>redimeret</strong></span> <span class='ocrx_word' id='word_1_1047' title='bbox 2011 3520 2043 3550; x_wconf 86' lang='lat' dir='ltr'><strong>et</strong></span> <span class='ocrx_word' id='word_1_1048' title='bbox 2065 3518 2111 3559; x_wconf 76' lang='lat' dir='ltr'><strong>(et</strong></span> <span class='ocrx_word' id='word_1_1049' title='bbox 2133 3517 2193 3550; x_wconf 82' lang='lat' dir='ltr'><strong>del.</strong></span> <span class='ocrx_word' id='word_1_1050' title='bbox 2219 3515 2257 3550; x_wconf 87' lang='lat' dir='ltr'><em>V</em></span> <span class='ocrx_word' id='word_1_1051' title='bbox 2260 3515 2287 3558; x_wconf 77' lang='lat'><strong>²)</strong></span> <span class='ocrx_word' id='word_1_1052' title='bbox 2311 3517 2390 3549; x_wconf 89' lang='lat' dir='ltr'><strong>hino</strong></span> <span class='ocrx_word' id='word_1_1053' title='bbox 2416 3517 2448 3550; x_wconf 92' lang='lat' dir='ltr'><em>V</em></span> 
     </span>
     <span class='ocr_line' id='line_1_109' title="bbox 1413 3560 2489 3604; baseline 0 -8"><span class='ocrx_word' id='word_1_1054' title='bbox 1413 3563 1456 3596; x_wconf 83' lang='lat'><strong>30</strong></span> <span class='ocrx_word' id='word_1_1055' title='bbox 1479 3562 1762 3604; x_wconf 85' lang='lat' dir='ltr'><strong>commerciorum]</strong></span> <span class='ocrx_word' id='word_1_1056' title='bbox 1789 3562 2102 3595; x_wconf 85' lang='lat' dir='ltr'><strong>commendatiorum</strong></span> <span class='ocrx_word' id='word_1_1057' title='bbox 2124 3561 2158 3594; x_wconf 89' lang='lat' dir='ltr'><strong><em>R</em></strong></span> <span class='ocrx_word' id='word_1_1058' title='bbox 2179 3560 2192 3604; x_wconf 89' lang='grc'><strong>11</strong></span> <span class='ocrx_word' id='word_1_1059' title='bbox 2218 3562 2260 3594; x_wconf 85' lang='grc'><strong>33</strong></span> <span class='ocrx_word' id='word_1_1060' title='bbox 2291 3561 2427 3603; x_wconf 82' lang='lat' dir='ltr'><strong>aliquod</strong></span> <span class='ocrx_word' id='word_1_1061' title='bbox 2451 3562 2489 3596; x_wconf 83' lang='lat' dir='ltr'><em>V</em></span> 
     </span>
     <span class='ocr_line' id='line_1_110' title="bbox 1413 3604 2484 3685; baseline -0.001 -45"><span class='ocrx_word' id='word_1_1062' title='bbox 1413 3606 1500 3649; x_wconf 77' lang='lat' dir='ltr'><strong>vutq.</strong></span> <span class='ocrx_word' id='word_1_1063' title='bbox 1533 3605 1545 3650; x_wconf 88' lang='grc'><strong>11</strong></span> <span class='ocrx_word' id='word_1_1064' title='bbox 1574 3607 1785 3650; x_wconf 87' lang='lat' dir='ltr'><strong>optimorum]</strong></span> <span class='ocrx_word' id='word_1_1065' title='bbox 1822 3607 1940 3640; x_wconf 86' lang='lat' dir='ltr'><strong>vilium</strong></span> <span class='ocrx_word' id='word_1_1066' title='bbox 1975 3604 2102 3685; x_wconf 50' lang='grc' dir='ltr'><strong><em>υιιῖζ.</em></strong></span> <span class='ocrx_word' id='word_1_1067' title='bbox 2135 3607 2178 3639; x_wconf 79' lang='lat'><strong>34</strong></span> <span class='ocrx_word' id='word_1_1068' title='bbox 2211 3606 2416 3639; x_wconf 85' lang='lat' dir='ltr'><strong>considerare</strong></span> <span class='ocrx_word' id='word_1_1069' title='bbox 2450 3609 2484 3639; x_wconf 91' lang='lat' dir='ltr'><strong>et</strong></span> 
     </span>
     <span class='ocr_line' id='line_1_111' title="bbox 1414 3650 2481 3697; baseline 0.004 -14"><span class='ocrx_word' id='word_1_1070' title='bbox 1414 3660 1575 3693; x_wconf 77' lang='lat' dir='ltr'><strong>exponere</strong></span> <span class='ocrx_word' id='word_1_1071' title='bbox 1594 3652 1679 3696; x_wconf 79' lang='lat' dir='ltr'><strong>vulq.</strong></span> <span class='ocrx_word' id='word_1_1072' title='bbox 1703 3651 1716 3697; x_wconf 89' lang='grc'><strong>11</strong></span> <span class='ocrx_word' id='word_1_1073' title='bbox 1741 3652 1831 3685; x_wconf 74' lang='lat' dir='ltr'><strong>furto</strong></span> <span class='ocrx_word' id='word_1_1074' title='bbox 1852 3652 1902 3686; x_wconf 77' lang='lat' dir='ltr'><strong>V⁶</strong></span> <span class='ocrx_word' id='word_1_1075' title='bbox 1922 3651 1936 3696; x_wconf 86' lang='grc'><strong>11</strong></span> <span class='ocrx_word' id='word_1_1076' title='bbox 1961 3653 2002 3687; x_wconf 84' lang='grc'><strong>35</strong></span> <span class='ocrx_word' id='word_1_1077' title='bbox 2047 3651 2119 3691; x_wconf 81' lang='lat' dir='ltr'><strong>unt]</strong></span> <span class='ocrx_word' id='word_1_1078' title='bbox 2142 3650 2245 3683; x_wconf 77' lang='lat' dir='ltr'><strong>fuerit</strong></span> <span class='ocrx_word' id='word_1_1079' title='bbox 2266 3651 2300 3684; x_wconf 79' lang='lat' dir='ltr'><em>R</em></span> <span class='ocrx_word' id='word_1_1080' title='bbox 2322 3651 2335 3696; x_wconf 88' lang='grc'><strong>11</strong></span> <span class='ocrx_word' id='word_1_1081' title='bbox 2365 3653 2407 3687; x_wconf 85' lang='grc'><strong>36</strong></span> <span class='ocrx_word' id='word_1_1082' title='bbox 2431 3663 2481 3686; x_wconf 84' lang='lat' dir='ltr'><strong>re-</strong></span> 
     </span>
     <span class='ocr_line' id='line_1_112' title="bbox 1406 3696 1588 3740; baseline 0.011 -12"><span class='ocrx_word' id='word_1_1083' title='bbox 1406 3696 1531 3740; x_wconf 84' lang='lat' dir='ltr'><strong>petenti</strong></span> <span class='ocrx_word' id='word_1_1084' title='bbox 1555 3697 1588 3730; x_wconf 82' lang='lat' dir='ltr'><strong><em>R</em></strong></span> 
     </span>
    </p>
   </div>
   <div class='ocr_carea' id='block_1_35' title="bbox 270 3470 942 3519">
    <p class='ocr_par' dir='ltr' id='par_1_35' title="bbox 270 3470 942 3519">
     <span class='ocr_line' id='line_1_113' title="bbox 270 3470 942 3519; baseline 0.003 -14"><span class='ocrx_word' id='word_1_1085' title='bbox 270 3472 315 3506; x_wconf 82' lang='grc' dir='ltr'><em>Μ</em></span> <span class='ocrx_word' id='word_1_1086' title='bbox 328 3470 342 3516; x_wconf 70' lang='lat' dir='ltr'>fl</span> <span class='ocrx_word' id='word_1_1087' title='bbox 356 3475 399 3506; x_wconf 83' lang='lat'><strong>40</strong></span> <span class='ocrx_word' id='word_1_1088' title='bbox 426 3472 661 3519; x_wconf 73' lang='grc' dir='ltr'><strong><em>θαρροῦντος]</em></strong></span> <span class='ocrx_word' id='word_1_1089' title='bbox 681 3472 887 3519; x_wconf 81' lang='grc' dir='ltr'><strong><em>τολμῶντος</em></strong></span> <span class='ocrx_word' id='word_1_1090' title='bbox 911 3475 942 3507; x_wconf 87' lang='lat' dir='ltr'><em>L</em></span> 
     </span>
    </p>
   </div>
   <div class='ocr_carea' id='block_1_36' title="bbox 270 3560 1347 3743">
    <p class='ocr_par' dir='ltr' id='par_1_36' title="bbox 270 3560 1347 3743">
     <span class='ocr_line' id='line_1_114' title="bbox 321 3560 1347 3647; baseline 0.002 -53"><span class='ocrx_word' id='word_1_1091' title='bbox 321 3562 337 3594; x_wconf 86' lang='lat'>1</span> <span class='ocrx_word' id='word_1_1092' title='bbox 363 3560 471 3593; x_wconf 84' lang='lat' dir='ltr'><strong>infieri</strong></span> <span class='ocrx_word' id='word_1_1093' title='bbox 493 3562 529 3594; x_wconf 94' lang='lat' dir='ltr'><em>V</em></span> <span class='ocrx_word' id='word_1_1094' title='bbox 535 3564 545 3582; x_wconf 82' lang='lat'><strong>¹</strong></span> <span class='ocrx_word' id='word_1_1095' title='bbox 569 3565 581 3606; x_wconf 90' lang='grc'><strong>11</strong></span> <span class='ocrx_word' id='word_1_1096' title='bbox 606 3565 676 3605; x_wconf 85' lang='lat' dir='ltr'><strong>qui]</strong></span> <span class='ocrx_word' id='word_1_1097' title='bbox 708 3574 773 3606; x_wconf 76' lang='lat' dir='ltr'><strong>qu·</strong></span> <span class='ocrx_word' id='word_1_1098' title='bbox 800 3564 942 3606; x_wconf 80' lang='lat' dir='ltr'><strong>(quod‘?)</strong></span> <span class='ocrx_word' id='word_1_1099' title='bbox 971 3563 1008 3598; x_wconf 94' lang='lat' dir='ltr'><em>V</em></span> <span class='ocrx_word' id='word_1_1100' title='bbox 1015 3564 1026 3584; x_wconf 84' lang='lat'>¹</span> <span class='ocrx_word' id='word_1_1101' title='bbox 1052 3563 1065 3607; x_wconf 86' lang='grc'><strong>11</strong></span> <span class='ocrx_word' id='word_1_1102' title='bbox 1088 3566 1108 3598; x_wconf 84' lang='grc'><strong>2</strong></span> <span class='ocrx_word' id='word_1_1103' title='bbox 1133 3564 1255 3597; x_wconf 87' lang='lat' dir='ltr'><strong>utende</strong></span> <span class='ocrx_word' id='word_1_1104' title='bbox 1279 3564 1312 3597; x_wconf 90' lang='lat' dir='ltr'><strong><em>R</em></strong></span> <span class='ocrx_word' id='word_1_1105' title='bbox 1333 3562 1347 3647; x_wconf 61' lang='grc' dir='ltr'><strong>ΙΙΙ</strong></span> 
     </span>
     <span class='ocr_line' id='line_1_115' title="bbox 270 3605 1309 3653; baseline 0.003 -14"><span class='ocrx_word' id='word_1_1106' title='bbox 270 3606 292 3639; x_wconf 73' lang='grc'>4</span> <span class='ocrx_word' id='word_1_1107' title='bbox 321 3612 398 3648; x_wconf 78' lang='lat' dir='ltr'><strong>post</strong></span> <span class='ocrx_word' id='word_1_1108' title='bbox 428 3605 527 3638; x_wconf 83' lang='lat' dir='ltr'><strong>habet</strong></span> <span class='ocrx_word' id='word_1_1109' title='bbox 554 3611 652 3641; x_wconf 76' lang='lat' dir='ltr'><strong>verba</strong></span> <span class='ocrx_word' id='word_1_1110' title='bbox 682 3609 777 3651; x_wconf 87' lang='lat' dir='ltr'><strong>puris</strong></span> <span class='ocrx_word' id='word_1_1111' title='bbox 799 3609 922 3642; x_wconf 77' lang='lat' dir='ltr'><strong>utendo</strong></span> <span class='ocrx_word' id='word_1_1112' title='bbox 949 3608 1103 3641; x_wconf 88' lang='lat' dir='ltr'><strong>manibus</strong></span> <span class='ocrx_word' id='word_1_1113' title='bbox 1126 3611 1239 3653; x_wconf 83' lang='lat' dir='ltr'><strong>repetit</strong></span> <span class='ocrx_word' id='word_1_1114' title='bbox 1261 3608 1309 3642; x_wconf 82' lang='lat' dir='ltr'><strong>R·</strong></span> 
     </span>
     <span class='ocr_line' id='line_1_116' title="bbox 270 3649 1346 3697; baseline 0.003 -16"><span class='ocrx_word' id='word_1_1115' title='bbox 270 3649 440 3692; x_wconf 81' lang='lat' dir='ltr'><strong>innopiam</strong></span> <span class='ocrx_word' id='word_1_1116' title='bbox 466 3651 498 3683; x_wconf 81' lang='lat' dir='ltr'><em>R</em></span> <span class='ocrx_word' id='word_1_1117' title='bbox 521 3651 570 3692; x_wconf 81' lang='grc'><strong>115</strong></span> <span class='ocrx_word' id='word_1_1118' title='bbox 596 3653 739 3694; x_wconf 84' lang='lat' dir='ltr'><strong>Quanta]</strong></span> <span class='ocrx_word' id='word_1_1119' title='bbox 764 3654 810 3686; x_wconf 88' lang='lat' dir='ltr'><strong>Et</strong></span> <span class='ocrx_word' id='word_1_1120' title='bbox 833 3655 958 3695; x_wconf 84' lang='lat' dir='ltr'><strong>quanta</strong></span> <span class='ocrx_word' id='word_1_1121' title='bbox 984 3654 1016 3687; x_wconf 86' lang='grc' dir='ltr'><em>Τ</em></span> <span class='ocrx_word' id='word_1_1122' title='bbox 1033 3655 1118 3697; x_wconf 77' lang='lat' dir='ltr'><strong>vulq.</strong></span> <span class='ocrx_word' id='word_1_1123' title='bbox 1144 3654 1192 3697; x_wconf 90' lang='grc'><strong>116</strong></span> <span class='ocrx_word' id='word_1_1124' title='bbox 1216 3653 1346 3695; x_wconf 82' lang='lat' dir='ltr'><strong>*impie</strong></span> 
     </span>
     <span class='ocr_line' id='line_1_117' title="bbox 273 3693 1347 3743; baseline 0.001 -14"><span class='ocrx_word' id='word_1_1125' title='bbox 273 3693 355 3729; x_wconf 76' lang='lat' dir='ltr'><strong>talia</strong></span> <span class='ocrx_word' id='word_1_1126' title='bbox 378 3695 455 3729; x_wconf 83' lang='lat' dir='ltr'><strong>libri</strong></span> <span class='ocrx_word' id='word_1_1127' title='bbox 479 3693 492 3739; x_wconf 86' lang='grc'><strong>11</strong></span> <span class='ocrx_word' id='word_1_1128' title='bbox 517 3695 664 3728; x_wconf 76' lang='lat' dir='ltr'><strong>furorum</strong></span> <span class='ocrx_word' id='word_1_1129' title='bbox 690 3698 776 3731; x_wconf 83' lang='lat' dir='ltr'><strong>R&#39;V</strong></span> <span class='ocrx_word' id='word_1_1130' title='bbox 784 3700 792 3718; x_wconf 89' lang='lat'><strong>¹</strong></span> <span class='ocrx_word' id='word_1_1131' title='bbox 820 3699 1010 3732; x_wconf 76' lang='lat' dir='ltr'><strong>futurorum</strong></span> <span class='ocrx_word' id='word_1_1132' title='bbox 1034 3698 1083 3731; x_wconf 76' lang='lat' dir='ltr'><strong>R²</strong></span> <span class='ocrx_word' id='word_1_1133' title='bbox 1101 3698 1113 3743; x_wconf 88' lang='grc'><strong>11</strong></span> <span class='ocrx_word' id='word_1_1134' title='bbox 1135 3699 1252 3740; x_wconf 85' lang='lat' dir='ltr'><strong>relata]</strong></span> <span class='ocrx_word' id='word_1_1135' title='bbox 1275 3699 1347 3731; x_wconf 83' lang='lat' dir='ltr'><strong>reto</strong></span> 
     </span>
    </p>
   </div>
  </div>
 </body>
</html>
