2580 4022
244 186 285 228 N
286 200 351 229 ov.
384 184 593 229 CLXVIII
1315 176 1401 223 756
2039 195 2099 224 DE
2127 193 2469 227 Anmcnomssns

243 295 339 334 τάξις
369 296 429 326 καὶ
458 291 495 326 οἱ
518 291 713 336 πράκτορες
735 291 813 324 τῶν
837 288 1021 334 δημοσίων
1045 289 1229 334 εἰςφορῶν,
1257 286 1327 324 ἇνά
1351 288 1547 334 τριάκοντα
1570 293 1712 342 χρυσίου
1735 289 1871 335 λιτρῶν
1894 289 2123 338 ὑφορώμενοι
2144 289 2309 336 ποινήν.”
2356 293 2469 337 ταύτῃ

242 339 287 384 τῇ
317 337 429 381 ψήφῳ
460 339 520 369 καὶ
550 337 618 370 νῦν
647 333 931 369 ἀκολουθοῦντες
960 333 1119 379 γενικοὺς
1150 332 1358 378 ποιούμεθα
1382 333 1524 377 τύπους,
1553 331 1642 369 ὡςτε
1660 333 1799 378 μηδένα
1820 333 1965 371 διδόναι
1987 337 2078 383 ὑπὲρ
2102 335 2315 382 ὁμοδούλων
2338 334 2361 381 ἢ
2386 330 2469 382 ὁμό-

242 382 387 425 κὴνσων
418 379 590 424 ἐπιβολὴν
619 382 681 414 ἐπὶ
708 380 835 413 οἰκίαις
864 376 885 420 ἢ
917 377 1036 423 ἄρτοις
1067 377 1261 413 πολιτικοῖς
1290 377 1314 422 ἢ
1345 380 1457 424 ἑτέρῳ
1481 382 1555 413 τινὶ
1573 379 1622 423 μὴ
1647 381 1920 426 ἐγγεγραμμένῳ
1944 382 1996 424 τῷ
2021 381 2149 425 κήνσῳ.
2199 383 2315 416 ταῦτα
2338 381 2470 427 φυλατ-

241 427 379 468 τέσθω,
407 426 524 459 ταῦτα
554 427 684 469 πέρατι
716 421 998 468 παραδιδόσθω,
1029 424 1108 457 τῶν
1136 423 1449 469 παραβαινόντων
1479 421 1571 458 αὐτοὶ
1602 423 1736 467 ποινὴν
1759 422 1846 458 δέκα
1867 429 2010 470 χρυσίου
2035 426 2091 461 λιτ
2115 429 2169 461 ῶν
2190 427 2471 461 κατατιθέντων

241 474 301 504 καὶ
332 469 425 505 κατὰ
455 471 517 513 τῆς
547 469 689 503 ἑαυτῶν
719 466 842 503 οὐσίας
872 464 914 502 οὗ
945 470 1096 512 μετρίαν
1124 469 1377 515 ἐπιφερόντων
1409 471 1549 513 ζημίαν.
1596 468 1632 502 οἱ
1659 468 1730 516 γὰρ
1759 467 1820 503 διὰ
1850 471 1964 504 ταῦτα
1987 468 2213 516 ἀδικουμενοι
2237 472 2354 512 ἕξουσι
2378 471 2468 505 κατὰ

241 516 319 549 τῶν
351 515 663 559 παραβαινόντων
694 515 754 547 καὶ
784 513 861 547 τῶν
891 514 1043 547 ἐκείνους
1072 511 1394 569 κληρονομοίντων
1419 516 1479 547 καὶ
1510 512 1739 559 πραγμάτων
1771 510 1893 548 αὐτῶν
1912 511 2059 561 ἀγωγὴν
2081 513 2171 561 ὑπὲρ
2194 518 2257 550 τοῦ
2281 516 2381 561 παρὰ
2404 515 2471 550 τὸν

241 560 354 603 νόμον
383 556 575 603 ὓπομεῖναι
605 560 746 602 ζημίαν.
794 558 872 592 τῶν
903 556 1172 603 λαμπροτάτων
1207 558 1397 604 αρχόντων
1431 561 1493 592 καὶ
1526 559 1604 593 τῶν
1638 555 1937 603 ὑπηρετουμένων
1973 557 2091 594 αὐτοῖς
2124 560 2266 601 τάξεων
2299 565 2360 594 καὶ
2394 561 2472 594 τῶν

241 602 452 660 ἁπανταχοῖ)
483 605 547 681 ἑῆς
578 601 732 637 ἑκδίκων
759 602 807 637 τὰ
839 599 923 648 παρ’
957 601 1061 647 ἡμῶν
1088 604 1238 649 γενικῶς
1268 601 1529 650 διατεταγμένα
1560 601 1823 648 φυλαττόντων
1853 607 1914 637 καὶ
1943 601 2190 651 ὑφορωμένων
2219 605 2265 640 τὰ
2289 605 2473 651 ὡρισμένα

241 662 309 683 κατ
345 661 470 683 αυτων
514 660 666 692 πιτιμια.

243 811 446 851 temperans
466 807 502 841 et
526 804 757 851 publicarum
787 804 991 840 illationum
1022 807 1251 844 executores,
1285 803 1436 849 triqinta
1460 803 1612 849 qm‘sque
1635 802 1809 838 librarum
1833 804 1914 838 auri
1932 814 2092 849 poenam
2115 800 2341 840 metuentes?
2392 804 2474 839 Hoc

242 850 421 886 decretum
445 851 550 886 etiam
575 860 671 884 nunc
692 850 805 885 secuti
829 849 1017 895 qenerales
1035 849 1197 901 facimus
1218 849 1374 894 formas,
1398 853 1439 883 ut
1461 859 1563 883 nemo
1588 858 1843 883 conservorum
1866 848 1922 884 vel
1944 849 2286 884 contributariorum
2301 849 2473 884 adieetio-

241 906 321 930 nem
352 895 397 929 im
428 900 514 930 onat
545 894 710 929 domibus
738 895 795 931 vel
822 895 977 929 annonis
1007 893 1170 929 cavilibus
1200 893 1256 929 vel
1282 893 1347 928 alii
1377 893 1443 928 ulli
1473 893 1527 928 rei
1557 893 1595 927 in
1627 903 1771 928 censum
1799 903 1872 927 non
1902 892 2049 929 relatae.
2095 893 2199 928 Haeo
2232 893 2473 936 observentur,

241 939 331 975 haec
362 906 509 985 essseetui
539 940 743 982 tradantur,
774 941 826 974 ita
856 943 895 973 ut
926 939 990 985 qui
1019 950 1063 974 ea
1094 938 1232 973 violant
1257 949 1416 984 poenam
1446 937 1565 973 decem
1598 937 1772 972 librarum
1805 937 1888 972 auri
1919 938 2062 973 solvant
2085 942 2120 973 et
2141 938 2363 974 substantiae
2386 949 2475 973 suae

242 995 316 1020 non
346 984 523 1020 modicum
554 983 722 1019 damnum
753 984 928 1029 inferant.
975 982 1048 1026 Qui
1075 984 1167 1018 enim
1199 982 1268 1018 hoc
1296 982 1404 1018 modo
1437 983 1528 1018 laesi
1554 987 1655 1023 sunt,
1687 985 1816 1017 contra
1849 982 2041 1018 violatores
2073 986 2109 1018 et
2136 982 2284 1018 heredes
2314 989 2350 1018 et
2380 983 2474 1018 bona

242 1040 366 1064 eorum
391 1030 569 1064 actionem
593 1040 635 1063 eo
658 1029 802 1064 nomine
825 1028 1020 1071 habebunt,
1052 1027 1151 1074 quod
1179 1032 1306 1063 contra
1330 1027 1443 1073 leqem
1467 1027 1636 1062 damnum
1654 1027 1761 1072 passi
1782 1030 1876 1062 sunt.
1927 1026 2124 1062 Clarissimi
2147 1032 2264 1063 autem
2283 1026 2474 1073 praesides

242 1078 278 1110 et
298 1074 426 1118 officia
450 1075 501 1110 eis
525 1074 810 1119 obtemperantia
833 1079 868 1109 et
890 1074 1103 1118 defensores
1126 1073 1257 1118 ubique
1280 1077 1459 1108 terrarum
1482 1083 1576 1118 quae
1599 1083 1623 1107 a
1646 1071 1749 1106 nobis
1770 1072 1990 1117 qeneraliter
2011 1073 2153 1108 sancita
2175 1076 2259 1108 sunt
2286 1072 2473 1108 observent

241 1129 450 1165 poenasque
473 1118 645 1155 adversus
667 1119 766 1165 ipsos
789 1118 956 1163 definitas
977 1122 1148 1153 metuant.

291 1290 311 1321 9
335 1282 410 1320 κατ’
437 1283 560 1322 αὐτῶν
585 1286 701 1327 Kroll]
726 1283 818 1319 κατὰ
843 1282 978 1319 ταύτὸν
1002 1285 1038 1318 Β
1056 1285 1068 1328 [Ι
1084 1287 1207 1319 subscr.
1229 1286 1337 1328 dee-st,-
1361 1285 1493 1318 Zoticus
1516 1283 1573 1327 (‘:'f·
1591 1285 1638 1317 ad
1657 1285 1795 1326 755,1s)
1816 1286 1926 1327 praes.
1946 1291 2053 1328 praet.
2069 1284 2135 1323 fuit
2158 1296 2188 1317 a.
2206 1283 2282 1317 512.
