2580 4022
206 167 267 199 An
297 167 547 199 mpnssmnsss
576 167 952 200 TRANsm‘rTATUR
2003 155 2110 199 Nov.
2132 154 2303 199 CLVIII
2332 168 2391 210 pr.
2421 158 2434 195 l

1274 152 1359 199 735

202 266 270 309 τὴν
302 265 416 301 παῖδα
447 265 656 309 τελευτῆσαι
688 267 748 301 ἐπὶ
781 267 842 310 τῆς
875 268 1020 313 ἔναγχος
1051 266 1237 311 συμβάσης
1261 267 1338 300 τῶν
1361 264 1580 300 ἀνθοώπων
1604 266 1682 312 φθο
1707 267 1764 300 ἆς·
1785 269 1845 299 καὶ
1868 263 2027 311 ἆδελφῇν
2050 267 2117 310 μὲν
2139 266 2209 309 τὴν
2231 262 2337 310 ἡμῶν
2361 263 2439 308 δεη-

204 312 336 346 θεῖσαν
367 308 597 346 καθεστάναι
625 314 716 367 φησὶ
746 312 799 354 τῷ
823 314 973 358 Σεργίας
1005 316 1132 358 πατρί,
1167 315 1244 346 Κοσ
1273 313 1321 346 ἄν
1352 310 1392 345 δέ
1421 299 1490 346 τον
1515 311 1647 346 Θέκλας
1679 309 1837 357 αδελφὸν
1861 308 2176 355 ἀντιποιήσασθαι
2200 312 2265 345 τοῦ
2291 313 2441 356 Σεργιάς

201 356 330 402 κλήρου
363 359 422 390 καὶ
455 354 560 411 δίκην
594 357 684 403 αυτῇ
715 353 806 402 ὑπὲρ
829 358 958 392 τούτου
982 355 1119 399 λαχεῖν
1146 356 1214 399 τὴν
1239 325 1288 398 διέ,
1308 354 1356 391 ὠς
1380 355 1425 390 ἅν
1444 369 1485 404 γε
1508 358 1557 400 μὴ
1583 360 1664 402 περὶ
1685 357 1763 391 τῶν
1786 353 1850 390 οὐκ
1873 353 1999 402 ὀρθῶς
2021 354 2185 399 ἐχόντων
2209 355 2438 402 φιλονεικοίη,

200 402 375 447 γενέσθαι
407 400 497 447 πρὸς
530 399 697 444 Ῑωάννην
727 402 924 449 συνήγορον
956 402 1019 445 τῆς
1051 403 1111 436 ἐπὶ
1138 401 1255 447 χώρας
1284 399 1424 457 ἀγορᾶς,
1455 404 1514 435 καὶ
1545 402 1739 437 πυθέσθαι
1759 402 1889 436 τούτου
1912 405 1994 447 περὶ
2017 402 2095 435 τῶν
2119 400 2246 445 νόμων
2268 403 2346 436 τῶν
2369 400 2439 444 τὴν

200 443 382 481 ὑπόθεσιν
412 446 550 489 ταύτην
582 444 771 490 ὁρώντων,
805 445 969 482 κάκεῖνον
995 448 1036 481 ἐν
1065 445 1273 493 γράμμασιν
1301 446 1496 491 απόκρισιν
1528 444 1619 495 αι’-τῇ
1651 449 1850 494 παρασχεῖν
1881 444 2061 501 δηλοῦντα
2085 442 2129 480 δι’
2157 443 2280 489 αὐτῆς,
2313 443 2360 480 ὠς
2379 443 2434 480 ἐπ’

202 488 317 535 αὐτὴν
353 487 373 525 ὅ
399 493 549 537 Σεργίας
581 495 724 537 φέροιτο
752 490 892 537 κλῆρος·
927 490 987 526 διὰ
1015 493 1133 526 ταῦτα
1157 495 1282 526 τοίνυν
1303 488 1477 535 Ἰωάννην
1501 489 1615 526 αιῗτὸν
1639 490 1789 526 ἑλέσθαι
1812 492 1875 535 τῆς
1898 491 2111 526 υποθέσεως
2135 489 2319 534 δικαστήν,
2343 490 2435 535 πρά-

201 536 329 576 ξαντος
352 533 442 581 ὑπὲρ
468 538 595 580 Κοσμᾶ
615 535 829 579 Ἀσκληπιοῦ
853 548 950 571 τινος
970 540 1193 582 σκρινιαρίου
1217 538 1280 580 τῆς
1310 536 1403 571 κατὰ
1434 536 1504 580 τὴν
1517 532 1593 571 ‘'Ew
1624 535 1859 583 στρατηγίδος
1882 534 2009 581 ἀρχῆς·
2034 540 2094 571 καὶ
2119 537 2244 582 ψῆφον
2267 535 2437 579 Ἰωάννην

200 584 400 625 παρασχεῖν
431 583 604 615 ἐναντίαν
633 581 683 616 οἷς
713 583 753 615 ἐν
782 583 991 628 γράμμασιν
1022 578 1253 627 ἀπεκρίνατο,
1282 580 1509 627 χρησάμενον
1538 582 1586 615 εἰς
1615 581 1684 625 τὴν
1714 583 1840 627 ψῆφον
1863 583 1916 625 τῷ
1944 579 2136 616 Θεοδοσίου
2159 582 2223 615 τοῦ
2247 582 2310 624 τῆς
2333 581 2438 615 θείας

199 625 333 669 λήξεως
356 623 460 670 νόμῳ
485 628 538 669 τῷ
564 625 703 672 λέγοντι
727 625 794 661 τὸν
818 627 922 661 οὔπω
947 629 1122 661 ἐνιαυτῶν
1147 626 1238 661 ἑπτὰ
1259 626 1456 673 γενόμενον
1479 626 1527 670 μὴ
1553 624 1740 660 δύνασθαι
1772 626 1840 660 τὸν
1863 627 2033 671 μητρῷον
2057 625 2282 660 οἰκειοῦσθαι
2306 624 2436 671 κλῆρον

200 671 231 704 εἰ
261 670 310 715 μὴ
344 672 543 716 ἐπίτροπον
573 675 658 714 ἔχοι,
690 669 766 706 ἀλλ’
796 669 850 706 ἐπ’
885 673 1038 706 ἐκείνους
1068 671 1246 717 φέρεσθαι
1278 673 1410 706 τοῦτον
1439 671 1490 706 οἷς
1519 669 1692 716 ἁρμόζειν
1723 670 1875 715 ἤμελλεν
1906 672 1936 705 εἰ
1962 671 2011 726 μη
2042 672 2131 715 πρὸς
2160 671 2227 705 τὸν
2256 670 2387 715 κλῆρον
2415 668 2434 703 ὁ

199 714 410 759 τελευτήσας
451 713 584 759 ἄνηβος
628 714 700 750 ὑπὸ
733 717 812 751 τῶν
843 715 972 761 νόμων
1005 715 1160 760 ἐκλήθη·
1196 720 1256 750 καὶ
1286 714 1350 750 οὐκ
1381 716 1459 751 εἷπε
1488 718 1606 751 ταῦτα
1636 716 1753 760 μόνον
1784 718 1844 751 ἐπὶ
1867 717 1930 759 τῆς
1953 727 2088 762 ψηφου,
2120 714 2212 750 ἀλλὰ
2237 718 2296 749 καὶ
2328 729 2435 750 παοε-

200 759 352 795 σκεύασε
381 761 450 803 τὴν
479 759 585 806 ἡμῶν
616 759 790 806 δεομένην
821 761 1007 805 συνθήκας
1037 758 1251 796 ἀκολούθως
1281 761 1423 795 θέσθαι
1454 762 1500 808 τῇ
1529 759 1654 807 ψήφῳ,
1686 764 1745 794 καὶ
1776 759 1998 808 ’ὑπηγόρευσε
2027 761 2161 796 ταύτας
2191 758 2300 794 αὐτὸς
2324 758 2377 795 πά
2401 774 2437 794 ιν

200 805 290 849 πρὸς
308 803 524 849 Ἀσκληπιὸν
547 806 613 841 τὸν
637 802 726 852 ὑπὲρ
753 808 880 851 Κοσμᾶ
901 806 970 850 τὴν
994 804 1098 849 δίκην
1121 803 1414 852 ἀγωνισάμενον·
1439 805 1552 853 ᾔτησέ
1572 818 1612 840 τε
1635 804 1727 850 ἡμᾶς
1749 804 1798 850 μὴ
1824 804 1999 851 περιϊδεῖν
2020 803 2134 850 αὐτὴν
2158 802 2272 840 οὕτως
2295 803 2434 839 ἀδικου-

199 854 324 895 μένην,
346 851 507 894 μάλιστα
530 853 598 895 μὲν
620 849 669 886 ὠς
692 854 752 885 καὶ
776 850 888 896 νόμου
912 851 1005 885 κατὰ
1029 851 1098 885 τὸν
1121 850 1315 895 ἐπώνυμον
1338 850 1444 895 ἡμῶν
1467 849 1604 885 κώδικα
1623 854 1786 894 κειμένου
1799 849 2003 885 κελεύοντος
2019 851 2084 885 τὸν
2101 850 2222 885 λαλεῖν
2238 848 2436 894 δυνάμενον

199 899 260 930 καὶ
290 898 358 931 τὸν
386 897 558 940 μητρῷον
589 894 720 941 κλῆρον
747 896 861 931 καλῶς
892 896 1130 938 οἰκειοῦσθαι,
1157 899 1217 930 καὶ
1239 891 1349 930 αὖθις
1371 897 1495 942 ἕτερον
1518 895 1622 941 ἡμῶν
1645 894 1872 931 τεθεικότων
1891 895 2005 941 νόμον
2028 894 2261 940 βουλόμενον,
2286 892 2436 929 ἐπειδάν

199 952 253 975 τις
283 940 519 987 κληρονομίας
544 941 591 975 εἰς
622 939 737 975 αὐτὸν
761 942 1044 985 κατενεχθείσης,
1069 944 1157 986 πρὶν
1176 942 1399 976 οἰκειώσεται
1425 939 1540 985 αὐτὴν
1563 938 1586 984 ἢ
1610 940 1678 984 τὴν
1703 942 1876 975 ἐναντίαν
1898 940 1988 987 ὑπὲρ
2012 940 2122 985 αὐτῆς
2146 939 2252 981 δείξει
2274 938 2436 986 γνώμην,

199 985 383 1033 καταλύσῃ
404 988 472 1020 τὸν
494 989 586 1031 βίον,
611 990 870 1031 παραπέμπειν
892 989 966 1021 τοῖς
988 985 1216 1033 κληρονόμοις
1239 989 1312 1021 τοῖς
1336 984 1448 1021 αὐτοῦ
1473 988 1534 1021 ἐπὶ
1557 983 1678 1029 τούτῳ
1702 987 1755 1029 τῷ
1768 985 1886 1034 κλήρῳ
1902 985 1945 1021 τὸ
1963 988 2025 1029 τῆς
2041 984 2263 1031 διασκέψεως
2279 983 2434 1019 δίκαιον·

198 1031 264 1065 τὸν
291 1031 361 1077 γὰρ
393 1029 436 1074 δὴ
469 1028 553 1077 παρ’
588 1029 694 1085 ἡμῶν
722 1031 868 1078 ἔναγχος
898 1032 1114 1076 τεθειμένον
1146 1031 1262 1075 νόμον
1286 1035 1378 1088 μίαν
1405 1033 1465 1065 ἐπὶ
1497 1032 1576 1066 ταῖν
1607 1030 1855 1076 κληρονομιῶν
1885 1031 2071 1076 adgnatoce
2100 1045 2140 1066 τε
2168 1034 2228 1066 καὶ
2257 1034 2437 1074 cognatm&

199 1079 406 1154 ἒταίέχοπὲτα
436 1075 543 1131 τάξιν
573 1090 623 1120 μη
650 1072 775 1122 χώραν
806 1078 899 1119 ἔχειν
930 1078 991 1111 ἐπὶ
1020 1075 1153 1119 ταύτης
1182 1077 1246 1120 τῆς
1276 1077 1489 1111 υποθέσεως
1519 1079 1762 1124 πρεσβυτέρας
1785 1075 1891 1120 οὔσης
1913 1078 1974 1120 τῆς
1997 1075 2138 1122 ἡμέρας,
2164 1076 2202 1117 ἐξ
2219 1066 2259 1119 ἧς
2283 1072 2303 1109 ὁ
2326 1074 2437 1119 νόμος

218 1133 256 1154 κε
278 1133 342 1155 ευσ
375 1134 396 1164 η
416 1134 571 1165 κρατειν.

1215 1165 1372 1202 CAPUT
1395 1167 1422 1201 Ι.

336 1234 562 1277 Θεσπίζομεν
592 1236 716 1268 τοίνυν
747 1233 817 1276 τὴν
847 1231 1066 1277 ἐνδοξότητα
1099 1232 1168 1277 τὴν
1199 1232 1279 1276 σήν,
1311 1234 1342 1267 εἰ
1373 1234 1488 1267 ταῦτα
1521 1230 1637 1269 οὕτως
1670 1237 1800 1277 ἔχοντα
1821 1229 1946 1278 εῗῗροις,
1967 1234 2157 1278 βοηθῆσαι
2180 1233 2224 1278 τῇ
2251 1230 2436 1278 δεηθείσῃ.

199 1280 259 1310 καὶ
289 1275 446 1323 φυλάξαι
476 1276 546 1312 τὸν
572 1277 687 1323 νόμον
719 1275 810 1324 αὐτῇ
842 1277 908 1312 τὲν
942 1276 1114 1324 ἡμέτερον
1146 1277 1188 1312 τὸ
1220 1280 1283 1321 τῆς
1313 1277 1535 1323 διασκέψεως
1567 1276 1658 1326 αὐτῇ
1690 1281 1894 1324 παρέχοντα
1922 1277 2072 1321 δίκαιον,
2106 1274 2154 1312 ὥς
2178 1281 2327 1323 Σεργίας
2349 1280 2438 1322 πρὶν

201 1321 370 1357 ἐνιαυτὸν
401 1322 603 1367 παρελθεῖν
635 1322 954 1367 ἐπιτελευτησάσης
984 1325 1029 1367 τῆ
1061 1324 1174 1366 οἰκείᾳ
1205 1327 1324 1369 μητρί,
1355 1323 1555 1368 βουλομένη
1585 1337 1626 1358 τε
1652 1323 1722 1359 τὸν
1750 1325 1810 1367 τῆς
1841 1323 1976 1368 μητρὸς
2002 1327 2151 1369 Σεργίας
2173 1319 2437 1357 οἰκειώσασθαι

200 1366 332 1413 κλῆρον
363 1371 571 1414 παρασχεῖν.
619 1366 703 1402 οὐδὲ
726 1368 800 1425 γὰρ
819 1367 881 1402 ,ἅν
904 1379 958 1403 τις
982 1360 1156 1403 ἐναντίως
1179 1371 1274 1410 ἔχειν
1297 1369 1392 1403 εἴποι
1415 1369 1483 1403 τόν
1506 1360 1546 1403 τε
1571 1367 1763 1404 Θεοδοσίου
1786 1370 1852 1404 τοῦ
1875 1370 1938 1412 τῆς
1961 1365 2129 1413 εὐσεβοῦς
2152 1366 2283 1412 λήξεως
2306 1365 2375 1402 τόν
2397 1379 2436 1400 τε

199 1411 372 1458 ἡμέτερον
401 1412 518 1457 νόμον
546 1413 640 1448 κατὰ
670 1412 781 1448 ταυτὸ
812 1414 881 1458 μὲν
910 1417 1088 1458 κειμένους
1117 1413 1272 1458 βιβλίον,
1304 1410 1411 1458 ἡμῶν
1439 1411 1479 1448 δὲ
1507 1412 1621 1458 μηδὲν
1651 1416 1820 1449 ἐναντίον
1848 1415 1888 1448 ἐν
1921 1411 2022 1457 αὐτῷ
2047 1413 2194 1448 κεῖσθαι
2218 1411 2263 1447 δι’
2290 1405 2327 1455 ἧς
2347 1410 2438 1456 ὑπὲρ

201 1455 312 1492 αὐτοῦ
344 1459 564 1503 τεθείκαμεν
596 1457 793 1500 διατάξεως
822 1459 1116 1504 ἰσχυρισαμένων.
1165 1455 1257 1492 ἀλλὰ
1289 1462 1467 1504 κρατείτω
1497 1461 1566 1504 μὲν
1596 1457 1616 1493 ὁ
1649 1457 1814 1504 ἡμέτερος
1845 1460 1904 1494 ἐπὶ
1935 1460 1998 1499 τῆς
2021 1459 2202 1503 παρούσης
2225 1456 2438 1493 ὑποθέσεως

200 1503 264 1536 ἐπί
278 1515 318 1537 τε
341 1504 419 1537 τῶν
442 1502 710 1548 παραπλησίων
730 1504 792 1538 τοῦ
817 1504 1033 1547 ζητουμένου
1057 1504 1218 1547 θέματος
1241 1503 1361 1548 νόμος,
1392 1508 1570 1551 κρατείτω
1600 1503 1640 1539 δὲ
1663 1503 1682 1538 ὁ
1710 1502 1902 1539 Θεοδοσίου
1926 1505 1991 1538 τοῦ
2015 1504 2078 1548 τῆς
2098 1504 2203 1538 θείας
2226 1501 2359 1547 λήξεως
2382 1499 2435 1547 ἐφ’

200 1540 254 1581 ὧν
286 1547 450 1583 ἐνιαυτὸς
473 1549 617 1595 ἔφθασε
640 1548 842 1594 παρελθεῖν
869 1552 930 1583 καὶ
953 1545 972 1583 ὁ
996 1550 1058 1593 τῆς
1079 1547 1301 1594 διασκέψεως
1324 1549 1469 1590 ἐξέπεσε
1491 1547 1630 1596 χρόνος.
1677 1549 1717 1584 αἱ
1761 1550 1807 1595 ἀρ
1829 1551 2069 1596 γεγραμμέναι
2098 1548 2189 1589 μετὰ
2219 1548 2288 1591 τὴν
2314 1548 2438 1592 ψῆφον

200 1593 384 1637 συνθῆκαι
401 1593 491 1638 πρὸς
507 1592 701 1639 ἐλεύθερον
715 1592 908 1641 γενόμεναι
925 1594 993 1629 τὸν
1009 1592 1101 1638 μηδὲ
1118 1595 1371 1640 προςπορίζειν
1387 1593 1590 1638 δυνάμενον
1612 1592 1730 1641 πρόδη
1754 1608 1797 1630 ον
1820 1592 1869 1629 aie
1892 1591 2063 1639 οὐδεμίαν
2088 1592 2236 1640 ἀγωγὴν
2261 1590 2439 1627 δεδώκασι

200 1639 330 1682 Κοσμᾷ
360 1641 444 1684 περὶ
474 1640 553 1673 τῶν
582 1636 660 1674 κατ’
692 1637 801 1674 αὐτὰς
831 1637 1130 1687 ὡμολογημένων.
1177 1639 1222 1674 Ι).
1254 1639 1346 1684 prid.
1378 1639 1426 1675 id.
1455 1639 1522 1676 Iul.
1556 1639 1625 1676 GP.
1656 1639 1789 1685 (imp.)
1822 1640 1882 1676 dn.
1914 1639 2103 1675 IustinIani
2131 1649 2192 1684 pp.
2218 1639 2310 1682 Aug.
2343 1647 2437 1672 anno

198 1683 330 1719 XVIII.
356 1693 412 1729 pc.
436 1684 559 1719 Basilii
579 1695 631 1720 vc.
657 1694 751 1720 anno
776 1684 839 1720 ΙΙΙ.
2278 1686 2322 1725 [α.
2348 1685 2439 1724 544]

199 1773 275 1808 dies
291 1773 401 1808 matri
417 1773 688 1818 supervixisset,
709 1773 825 1817 filiam
843 1773 958 1808 obisse
973 1773 1011 1807 in
1054 1772 1234 1807 estilentia
1250 1782 1343 1817 quae
1358 1782 1476 1817 nuper
1499 1770 1660 1807 homines
1682 1772 1836 1814 invasit5
1860 1776 1970 1817 atque
1992 1781 2037 1807 ea
2060 1781 2154 1817 quae
2177 1769 2280 1806 nobis
2301 1769 2440 1816 suppli-

198 1817 294 1853 cavit
315 1827 478 1852 sororem
501 1827 540 1852 se
557 1818 661 1863 patri
685 1816 977 1896 Seryiaesuisse
1000 1783 1099 1859 dizit,
1125 1815 1288 1852 Cosmam
1312 1821 1431 1851 autem
1458 1815 1609 1852 Theclae
1630 1817 1787 1862 fratrem
1810 1816 2044 1852 hereditatem
2068 1815 2219 1859 Sergiae
2241 1814 2442 1850 vindicasse

199 1872 241 1899 eo
268 1872 313 1897 ue
344 1863 489 1897 nomine
513 1861 612 1897 litem
642 1861 711 1898 sibi
743 1866 839 1898 mten
868 1862 958 1904 isse;
990 1861 1063 1897 iam
1086 1862 1204 1907 ipsam
1235 1871 1280 1897 ne
1311 1861 1356 1896 de
1378 1861 1424 1896 iis
1448 1871 1542 1907 quae
1565 1872 1640 1896 non
1663 1865 1760 1897 recte
1784 1860 1956 1897 haberent
1979 1861 2261 1897 controversiam
2284 1862 2442 1906 aqitaret

199 1905 244 1943 Io
272 1917 402 1943 annem
425 1906 639 1942 advocatum
660 1907 743 1953 fori
763 1906 1003 1954 provincialis
1032 1906 1151 1942 adisse
1174 1910 1210 1941 et
1232 1906 1277 1942 de
1299 1906 1439 1952 leqibus
1461 1917 1556 1952 quae
1580 1905 1675 1942 hanc
1698 1916 1844 1942 causam
1867 1906 2089 1953 respicerent
2110 1905 2331 1941 sciscitatum
2354 1915 2441 1946 esse,

197 1952 369 1998 illumque
399 1952 436 1987 in
465 1952 613 1998 scriptis
642 1963 856 1998 responsum
885 1952 956 1987 sibi
985 1951 1124 1987 dedisse
1155 1962 1226 1997 quo
1257 1952 1291 1986 si
1316 1951 1483 1995 nificaret
1506 1951 1659 1997 Serqiae
1690 1951 1924 1987 hereditatem
1948 1951 1998 1987 ad
2019 1951 2137 1997 ipsam
2161 1950 2302 1995 deferri
2309 1962 2324 1991 ;
2351 1960 2440 2002 pro-

194 2000 324 2044 pterea
354 1996 468 2041 iqitur
499 2007 538 2032 se
568 1996 720 2032 iudicem
751 2007 884 2032 causae
913 1996 1032 2042 ipsum
1062 1996 1210 2042 eleqisse
1235 1995 1279 2030 Io
1307 2006 1446 2037 annem,
1479 2006 1559 2031 cum
1592 1995 1741 2032 Cosmae
1764 2000 1895 2042 partes
1926 1999 2051 2041 aqeret
2073 1994 2262 2041 Asclepius
2293 1994 2440 2040 quidam

200 2041 416 2076 scriniarius
446 2041 648 2086 maqisterii
676 2041 828 2076 militum
854 2051 922 2086 per
948 2040 1127 2076 Orientem
1136 2052 1151 2081 ;
1179 2040 1244 2074 sed
1272 2041 1484 2076 sententiam
1509 2040 1711 2085 protulisse
1734 2039 1934 2075 Iohannem
1966 2040 2187 2075 contrariam
2215 2039 2261 2073 iis
2285 2049 2379 2084 quae
2402 2040 2441 2073 in

199 2085 349 2131 scriptis
380 2084 638 2130 respondisset,
665 2095 769 2120 usum
802 2084 851 2119 ad
873 2085 1086 2120 sententiam
1111 2084 1189 2130 leqe
1214 2083 1406 2119 Theodosii
1429 2084 1571 2119 divinae
1593 2086 1797 2126 memoriae,
1821 2094 1915 2129 quae
1938 2083 2027 2119 dicit
2048 2094 2122 2119 non
2138 2093 2252 2129 posse
2274 2093 2354 2119 eum
2377 2083 2443 2128 qui

200 2129 360 2165 nondum
391 2132 526 2181 septem
557 2139 675 2164 annos
705 2132 814 2163 natus
843 2129 892 2164 sit
921 2134 1120 2164 maternam
1151 2127 1383 2163 hereditatem
1412 2128 1463 2163 ad
1488 2129 1617 2170 uirere,
1650 2129 1721 2163 nisi
1746 2131 1900 2164 tutorem
1925 2127 2067 2172 habeat,
2097 2127 2163 2163 sed
2185 2127 2234 2162 ad
2255 2127 2339 2163 illos
2361 2138 2440 2162 eam

201 2175 342 2221 deferri
373 2174 503 2220 quibus
534 2174 771 2220 competitura
803 2177 882 2209 erat
911 2173 943 2208 si
970 2173 1166 2252 deffunctus
1197 2174 1244 2207 im
1274 2172 1359 2207 ubes
1388 2173 1438 2207 ad
1491 2172 1699 2208 ereditatem
1723 2172 1800 2208 ale
1826 2172 1906 2208 ibus
1929 2176 2079 2209 vocatus
2101 2182 2175 2207 non
2197 2175 2301 2213 esset,
2324 2182 2441 2217 neque

202 2219 291 2255 haec
314 2218 376 2255 ille
401 2223 539 2254 tantum
563 2219 602 2253 in
626 2218 805 2254 sententia
829 2217 937 2262 dixit,
959 2228 999 2253 se
1047 2218 1154 2252 etiam
1178 2217 1227 2252 ad
1253 2218 1335 2253 uoeit
1358 2228 1435 2253 eam
1459 2228 1554 2262 quae
1576 2217 1680 2253 nobis
1699 2227 1795 2263 supp
1811 2217 1920 2253 icavit
1942 2221 1983 2252 ut
2002 2220 2115 2263 pacta
2136 2217 2335 2253 sententiae
2354 2227 2439 2252 con-

201 2268 375 2311 qruenter
404 2264 514 2299 iniret
537 2262 730 2308 eademque
751 2263 831 2309 ipse
853 2272 983 2298 rursus
1004 2261 1182 2308 Asclepio,
1208 2262 1271 2308 qui
1291 2272 1363 2308 pro
1391 2261 1517 2297 Cosma
1541 2272 1688 2297 causam
1712 2262 1853 2308 agebat,
1875 2261 2074 2308 suqqessit:
2102 2261 2226 2307 itaque
2248 2261 2313 2296 illa
2361 2261 2440 2296 eliit

201 2321 225 2344 a
257 2309 372 2350 nobis,
404 2319 449 2344 ne
476 2309 594 2355 ipsam
625 2309 677 2343 ita
707 2307 843 2343 iniuria
874 2318 896 2342 a
916 2307 980 2352 fici
1000 2307 1197 2354 patiamur,
1251 2307 1438 2342 raesertim
1463 2317 1542 2342 cum
1565 2310 1601 2342 et
1625 2306 1688 2342 lex
1711 2307 1749 2342 in
1773 2306 1897 2342 codice
1921 2307 1985 2352 qui
2005 2317 2029 2342 a
2052 2306 2157 2343 nobis
2179 2316 2308 2342 nomen
2357 2306 2440 2342 abet

194 2354 323 2401 posita
346 2354 404 2395 sit,
429 2364 522 2399 quae
545 2353 667 2388 iubeat
690 2363 769 2388 eum
793 2352 856 2398 qui
901 2352 958 2386 'ari
974 2352 1097 2398 possit
1119 2350 1203 2386 here
1228 2352 1350 2387 itatem
1399 2362 1517 2397 uoque
1535 2355 1735 2386 maternam
1749 2355 1846 2387 recte
1861 2351 2068 2397 adquirere,
2093 2355 2129 2386 et
2143 2361 2272 2386 rursus
2286 2350 2438 2386 alteram

202 2409 271 2434 nos
302 2398 335 2433 le
361 2409 414 2434 em
448 2398 645 2440 tulerimus,
679 2408 773 2442 quae
796 2397 880 2432 velit
903 2401 943 2432 ut
965 2397 998 2431 si
1021 2396 1102 2442 quis
1126 2395 1323 2432 hereditate
1347 2362 1396 2431 ag
1418 2396 1535 2442 ipsum
1560 2395 1694 2441 delata,
1718 2399 1911 2441 antequam
1936 2406 2014 2431 eam
2038 2395 2194 2432 vindicet
2215 2395 2271 2431 vel
2293 2399 2438 2431 contra-

201 2444 294 2479 riam
340 2454 360 2479 e
383 2454 427 2479 ea
449 2443 623 2489 proferat
645 2442 867 2484 sententiam,
893 2441 937 2476 de
959 2442 1032 2477 vita
1055 2440 1216 2484 decedat,
1246 2441 1296 2476 ad
1325 2440 1472 2476 heredes
1503 2451 1589 2476 suos
1612 2441 1657 2476 de
1680 2441 1748 2476 hac
1772 2440 1969 2476 hereditate
1993 2441 2049 2476 ius
2072 2440 2296 2476 deliberandi
2319 2444 2437 2475 trans-

201 2489 345 2531 mittat;
379 2488 492 2533 leqem
527 2487 620 2523 enim
655 2497 773 2533 nuper
807 2498 830 2522 a
861 2485 965 2521 nobis
995 2485 1122 2528 latam,
1160 2496 1253 2531 quae
1281 2485 1430 2522 eundem
1462 2486 1500 2521 in
1531 2484 1789 2521 hereditatibus
1815 2485 1978 2521 ordinem
2008 2485 2058 2520 ad
2082 2485 2179 2521 natis
2208 2488 2244 2520 et
2273 2485 2441 2532 coquatis

203 2533 350 2574 tribuat,
383 2532 420 2568 in
446 2532 515 2568 hac
538 2542 649 2567 causa
674 2531 792 2566 locum
815 2541 890 2566 non
909 2530 1050 2572 habere,
1075 2529 1212 2576 quippe
1233 2541 1327 2576 quae
1350 2530 1536 2575 antiquior
1557 2531 1606 2565 sit
1628 2541 1670 2566 eo
1693 2530 1752 2566 die
1774 2541 1825 2566 ex
1848 2541 1920 2577 quo
1944 2529 2008 2566 lex
2024 2530 2054 2565 il
2067 2541 2090 2565 a
2113 2529 2234 2566 valere
2256 2530 2356 2565 iussa
2375 2533 2440 2565 est.

339 2577 369 2612 I.
418 2576 611 2613 Sancimus
637 2577 763 2622 iqitur,
792 2579 831 2611 ut
860 2575 982 2622 qloria
1010 2579 1093 2616 tua,
1120 2575 1153 2610 si
1181 2574 1270 2610 haec
1297 2575 1349 2610 ita
1376 2585 1415 2610 se
1443 2575 1574 2610 habere
1600 2575 1837 2621 compereris,
1871 2575 2096 2621 supplicanti
2125 2574 2305 2610 auxilium
2338 2575 2443 2620 ferat

203 2623 309 2669 eique
339 2622 452 2668 leqem
483 2625 647 2657 nostram
674 2624 806 2661 servet,
838 2630 932 2666 quae
963 2619 1021 2654 ius
1046 2619 1271 2655 deliberandi
1299 2620 1333 2655 ei
1359 2619 1528 2665 praebet,
1559 2620 1696 2666 quippe
1717 2630 1798 2655 cum
1823 2618 1954 2665 Serqia
1978 2623 2171 2666 antequam
2195 2629 2312 2654 annus
2361 2630 2439 2654 rae-

205 2668 330 2704 teriret
346 2671 435 2713 post
457 2670 606 2702 matrem
628 2676 732 2701 suam
755 2670 899 2700 mortua
921 2665 979 2705 sit,
1004 2669 1113 2709 alque
1133 2664 1268 2700 volenti
1288 2665 1472 2700 vindicare
1499 2667 1628 2699 matris
1651 2663 1803 2710 Serqiae
1826 2663 2060 2700 hereditatem
2082 2663 2266 2711 praebeat.
2350 2675 2369 2699 e
2395 2674 2441 2700 ue

203 2713 297 2748 enim
320 2712 512 2764 quisquam
535 2711 743 2763 discrepare
767 2710 861 2745 inter
879 2720 918 2745 se
941 2709 1039 2744 dicat
1065 2707 1253 2744 Theodosii
1274 2709 1360 2756 piae
1383 2709 1575 2744 memoriae
1600 2708 1711 2760 leqem
1735 2712 1770 2744 et
1792 2712 1965 2752 nostram,
1991 2719 2070 2744 cum
2092 2713 2131 2749 et,
2150 2709 2188 2743 in
2204 2709 2327 2745 eodem
2348 2709 2375 2744 li
2397 2719 2440 2744 ro

201 2758 345 2804 positae
375 2762 448 2792 sint
479 2759 514 2792 et
545 2766 614 2791 nos
642 2766 681 2790 in
711 2765 753 2791 eo
778 2754 872 2790 nihil
891 2753 1070 2790 contrarii
1083 2754 1244 2800 positum
1268 2764 1343 2789 esse
1364 2764 1432 2800 per
1455 2753 1745 2789 constitutionem
1769 2764 1878 2806 quam
1901 2753 1945 2789 de
1965 2764 2007 2789 eo
2029 2753 2248 2801 protulimus
2271 2753 2439 2800 affirma-

203 2802 369 2838 verimus.
417 2800 491 2836 Sed
517 2802 637 2837 valeat
668 2800 810 2846 quidem
842 2799 904 2835 lea:
933 2803 1060 2834 nostra
1091 2798 1129 2833 in
1157 2799 1344 2845 praesenti
1372 2809 1482 2833 eausa
1503 2798 1620 2844 iisque
1644 2808 1738 2843 quae
1759 2798 1893 2834 similes
1915 2803 2000 2834 sunt
2018 2799 2051 2834 ei
2074 2799 2119 2835 de
2142 2809 2216 2845 qua
2238 2799 2437 2845 quaeritur,

203 2846 324 2883 valeat
353 2850 472 2882 autem
506 2845 694 2881 Theodosii
725 2844 867 2880 divinae
895 2843 1085 2879 memoriae
1120 2844 1182 2878 lex
1212 2843 1250 2878 in
1282 2843 1410 2888 quibus
1441 2853 1560 2878 annus
1581 2843 1778 2889 praeteriit
1800 2853 1845 2878 ac
1867 2842 2091 2880 deliberandi
2115 2847 2254 2890 tempus
2275 2844 2438 2890 elapsum

203 2894 266 2928 est.
314 2890 431 2926 Pacta
458 2890 552 2926 enim
579 2894 668 2936 post
696 2889 907 2925 sententiam
932 2887 1140 2934 conscripta
1164 2898 1242 2922 cum
1267 2887 1390 2930 libero,
1421 2888 1486 2932 qui
1506 2898 1551 2922 ne
1574 2887 1766 2933 adquirere
1786 2887 1928 2934 quidem
1946 2887 2068 2935 possit
2090 2888 2182 2924 inita
2204 2889 2438 2934 manifestum

203 2942 258 2972 est
283 2936 430 2972 Cosmae
453 2935 589 2970 nullam
614 2935 789 2969 actionem
813 2933 952 2969 dedisse
976 2932 1020 2968 de
1044 2933 1089 2967 iis
1112 2943 1206 2978 quae
1228 2933 1266 2968 in
1289 2932 1363 2967 illis
1386 2932 1555 2977 confessa
1581 2937 1673 2967 sunt.

252 3027 265 3057 1
297 3022 452 3068 φθορᾶς]
488 3024 508 3055 i.
527 3034 553 3055 e.
575 3023 678 3064 pestis
701 3023 783 3054 anni
805 3023 866 3054 541
896 3021 951 3063 (ef.
977 3033 1049 3053 nov.
1070 3020 1214 3054 CXXII
1231 3022 1286 3062 im,

205 3070 297 3102 edict.
331 3068 401 3101 Vll
421 3069 478 3108 in.)
494 3066 506 3110 11
526 3068 546 3099 2
570 3063 701 3107 θέκλης
722 3066 753 3098 L
769 3064 781 3109 ΙΙ
800 3065 864 3098 τοῦ
890 3067 1030 3110 σεργίου
1056 3064 1103 3097 L¹
1126 3065 1189 3107 τῆς
1211 3075 1287 3109 σερ-

204 3116 283 3159 γίας
303 3112 349 3145 L²
364 3112 376 3155 l}
395 3113 414 3145 3
441 3110 556 3154 αὐτὴν
581 3111 610 3144 L
627 3110 639 3154 ΙΙ
656 3110 745 3150 τῶν]
770 3109 923 3143 τούτουὶ)
944 3111 993 3142 La
1009 3109 1021 3153 ΙΙ
1041 3107 1203 3150 ἐχόντων
1228 3122 1286 3143 om.

206 3160 237 3191 L
263 3158 275 3201 ΙΙ
300 3159 321 3191 4
341 3155 546 3190 πειθέσθαι
571 3156 602 3188 L
627 3156 639 3198 ss
664 3157 682 3187 5
709 3152 822 3197 αὐτὴν
844 3155 874 3187 L
893 3154 905 3198 ΙΙ
923 3156 941 3187 7
967 3151 1190 3199 στρατηγίδα
1215 3155 1261 3188 Μ
1277 3153 1289 3199 ΙΙ

206 3204 225 3238 8
250 3202 304 3244 τῷ
326 3214 384 3234 om.
410 3203 441 3234 L
471 3201 483 3244 ΙΙ
512 3200 628 3241 θείας]
662 3195 836 3241 ἀληθείας
860 3199 891 3232 L
919 3199 931 3242 ΙΙ
960 3200 980 3233 9
1005 3196 1121 3240 νόμῳ]
1150 3199 1228 3232 Cod.
1255 3201 1286 3237 6,

205 3255 301 3287 30,18
322 3251 337 3285 §
354 3248 373 3279 3
390 3246 401 3288 ΙΙ
420 3246 474 3288 τῷ
493 3258 550 3278 om.
569 3246 601 3278 L
617 3245 629 3288 ss
649 3242 814 3277 ἐνιαυτὸν
832 3244 881 3277 L⁰
901 3243 912 3287 ΙΙ
932 3246 971 3278 10
989 3239 1063 3276 ἄλλ’
1083 3239 1137 3277 ἐπ’
1156 3243 1290 3286 ἐκείνης

206 3293 264 3325 Ma
284 3287 385 3332 (ἀλλὰ
411 3287 687 3333 τελευτήσαντος
711 3285 820 3322 αὐτοῦ
845 3284 900 3321 ἐπ’
927 3289 1078 3321 ἐκείνους
1091 3289 1178 3328 ΔιΙι.,
1226 3290 1290 3322 uod

202 3338 352 3380 praefert
378 3337 577 3375 Zachariae)
602 3334 614 3378 ΙΙ
642 3336 677 3368 11
712 3332 789 3367 εἶπε
814 3333 874 3374 Μ]
899 3332 1013 3366 εἰπεῖν
1039 3334 1068 3365 L
1091 3333 1179 3376 vuly.
1203 3301 1286 3376 ῇτῆ

239 3378 319 3425 η’φω
340 3381 371 3413 L
401 3379 413 3424 ΙΙ
447 3378 720 3424 παρασκευάσαι
750 3391 817 3411 cum
853 3378 1048 3410 Haloandro
1075 3379 1164 3422 vulq.
1197 3377 1210 3421 ΙΙ
1246 3379 1286 3411 12

370 3425 384 3432 ”’
634 3425 646 3467 ΙΙ
665 3419 774 3456 αὐτὸς
798 3423 855 3463 Μ]
883 3418 994 3455 αὐτὸν
1019 3423 1060 3464 L,
1084 3418 1195 3455 αὐτὰς
1218 3434 1286 3455 cum

204 3435 450 3471 υπαγορευσαι
475 3425 505 3457 L
528 3425 615 3467 vuly.
838 3467 913 3544 3⁸¹4
938 3463 1039 3508 ὑμῶν
1065 3467 1131 3510 Mn
1149 3463 1287 3500 κώδικα

208 3472 402 3504 Haloundro
427 3470 512 3513 vuly.
536 3469 548 3511 ΙΙ
576 3471 615 3502 13
639 3466 688 3511 μὴ
713 3481 771 3501 om.
791 3468 820 3500 L

206 3517 380 3559 κειμένου]
411 3515 489 3548 Cod.
508 3515 540 3555 6,
559 3522 606 3553 56,
623 3521 634 3547 1
664 3514 676 3555 ΙΙ
705 3511 773 3546 τὸν
791 3510 834 3545 λα

206 3562 237 3594 in
262 3568 346 3602 spat.
371 3572 442 3592 vac.
464 3571 513 3592 ca.
542 3561 581 3592 15
607 3560 664 3591 lite.
681 3557 693 3601 ΙΙ
724 3559 763 3592 15
788 3555 915 3599 νόμον]
947 3558 1023 3590 cod.
1043 3558 1074 3597 6,
1094 3564 1142 3598 30,
1163 3563 1194 3591 ¹9
1212 3557 1225 3600 ss
1245 3558 1285 3591 16

205 3602 445 3649 κληρονομίαν
474 3603 521 3636 εἰς
553 3599 667 3636 αὐτὸν
691 3601 973 3642 κατενεχθεῖσαν
998 3601 1080 3641 ML,
1102 3614 1184 3635 corr.
1212 3603 1284 3635 Ha·

208 3650 343 3684 leander
357 3649 370 3695 ss
389 3645 513 3682 αὐτῶν
529 3649 560 3681 L
579 3649 591 3691 ΙΙ
610 3650 647 3683 17
674 3644 857 3694 καταλύσῃ
881 3645 950 3679 τὸν
973 3648 1068 3690 βίον]
1092 3644 1285 3680 καταλύσει

859 3513 912 3544 εῖν
937 3508 1139 3551 δυνάμενον
1163 3525 1221 3545 om.
1247 3512 1294 3545 M

1356 3016 1726 3104 {diffinienti
1738 3020 2438 3109 ⁶4⁴piissimiet-2¹¹&ernist-,-

1355 3107 1511 3187 Ηῖᾎῇμέέρὲς
1531 3110 1684 3187 ῗαέαιὲζας
1708 3110 1772 3187 (οἱ
1781 3122 1850 3186 negu-
1875 3110 2133 3188 αξῐῙῙΙίΙο-ἐθᾘ
2153 3079 2341 3190 ἦμῖετὲἓαξ
2339 3112 2411 3145 ML
2425 3111 2438 3157 ΙΙ

1356 3165 1539 3232 ἐναντίοῖιτς
1553 3166 1745 3232 {miggin
1762 3156 1786 3242 ss]
1792 3167 1847 3232 251]
1848 3165 1981 3233 ᾗνκταῗς
1992 3181 2082 3233 αὐτὸ
2094 3167 2438 3246 Ἕῖιὶξϊαῦῖνδέιῧῖῖῑ

1355 3240 1501 3286 βιβλίον
1515 3243 1573 3284 Μ]
1594 3240 1637 3276 τὸ
1654 3240 1807 3286 βιβλίοις
1817 3245 1844 3276 L
1855 3245 1944 3287 vulo.
1961 3245 1974 3287 ΙΙ
1992 3245 2035 3278 26
2059 3241 2266 3286 διατάξεως]
2287 3247 2320 3280 in
2335 3255 2436 3281 const.

1356 3287 1459 3320 Cordi
1471 3287 1567 3320 nobis
1582 3293 1597 3327 §
1610 3289 1628 3321 3
1638 3301 1686 3331 sq.
1700 3289 1711 3330 ΙΙ
1724 3289 1765 3322 28
1777 3286 1843 3329 ὧν]
1857 3284 1902 3322 δν
1914 3289 1943 3322 L
1954 3289 1966 3333 ΙΙ
1979 3290 2022 3323 29
2035 3288 2230 3334 ἐλεύθερον
2242 3298 2437 3334 corruptum,

1355 3333 1478 3377 ἕτερον
1498 3333 1700 3374 Ηαίοαηάεν,
1725 3329 1945 3377 άλλότριονῗ
1963 3334 2094 3368 Schoell
2109 3335 2121 3378 ΙΙ
2137 3333 2335 3380 γενόμενον
2358 3337 2410 3370 L⁰
2424 3336 2435 3380 ΙΙ

1357 3379 1398 3411 30
1423 3373 1534 3410 αὐτὰς
1550 3378 1660 3419 Kroll]
1680 3374 1796 3421 αὐτὴν
1810 3379 1892 3419 ML,
1918 3374 2041 3412 αὐτῶν
2057 3380 2113 3421 (sc.
2130 3380 2207 3413 τῶν
2224 3379 2436 3423 συνθηκῶν)

1356 3423 1437 3455 male
1462 3422 1649 3455 Zachariae
1666 3422 1757 3500 apri.
1782 3423 1828 3455 id.
1852 3422 1913 3456 iul.
1930 3423 1987 3464 Μ]
2012 3423 2057 3456 id.
2082 3421 2173 3457 ἰδῶν
2196 3423 2343 3458 ἰουλίων
2358 3426 2435 3460 ΑιΙι.

1355 3468 1424 3500 cod.
1447 3465 1580 3510 (μηνὶ)
1609 3466 1664 3500 ἰου
1687 3469 1730 3510 ίῳ
1758 3468 1877 3501 Theod.
1904 3466 2088 3511 βασιλείας
2110 3465 2361 3504 ’Ῑουστινιανοῦ
2390 3469 2434 3504 τὸ

1355 3510 1399 3556 ιγ’
1424 3513 1520 3552 (corr.
1542 3509 1601 3553 ιη’)
1617 3511 1708 3555 μετὰ
1733 3510 1803 3554 τὴν
1826 3507 2003 3546 ῦπατείαν
2019 3511 2209 3547 Βασιλείου
2233 3515 2277 3548 τὸ
2310 3516 2436 3562 τέταρ-

1353 3567 1418 3589 τον
1437 3557 1512 3590 Ath.
1539 3556 1608 3589 ἔτει
1633 3553 1678 3598 ιη’
1702 3556 1794 3600 μετὰ
1816 3553 1996 3591 ὑπατείαν
2022 3556 2210 3592 Βασιλείου
2236 3560 2358 3595 Theod.
2383 3571 2434 3603 ep·

1354 3601 1409 3634 dn.
1434 3600 1512 3634 inst.
1537 3611 1593 3644 pp.
1619 3612 1695 3642 aug.
1721 3611 1774 3636 uc.
1798 3612 1904 3636 conss.
1930 3602 1982 3645 M,
2006 3613 2094 3638 anno
2120 3603 2185 3637 111.
2211 3606 2349 3640 restituit
2364 3606 2433 3640 Za-

1353 3648 1486 3681 chariae
1509 3647 1564 3690 (csl
1580 3659 1616 3692 p.
1634 3647 1711 3690 (566,
1734 3648 1774 3691 5).

2467 671 2502 703 10

2464 896 2502 928 15

2462 1121 2504 1154 20

2462 1415 2504 1447 25

2463 1639 2505 1671 30
