2618 4010
137 153 484 187 EOCLESLASTIGIS
513 153 654 185 REBUS

134 254 182 290 τὰ
211 252 507 300 πλημμελήματα.
555 252 741 289 ἐπαινετὸς
776 252 843 300 γὰρ
875 251 894 288 ὁ
923 255 1082 289 τοιοῦτος
1117 255 1220 288 ἔσται

135 304 195 334 καὶ
224 300 293 344 τὴν
323 302 386 334 τοῦ
417 298 640 345 συκοφάντου
673 297 902 344 διαφεύξεται
932 305 1168 347 προςηγορίαν
1199 297 1219 333 ὁ

134 346 176 381 τὸ
201 347 348 393 πρᾶγμα
380 345 479 391 παρὰ
511 344 576 379 τὸν
608 343 722 389 νόμον
751 343 944 391 γινόμενον
976 345 1130 392 ἐλέγχων
1161 348 1221 379 καὶ

135 392 247 426 αἴτιος
273 389 453 435 εὐσεβείας
481 394 541 424 καὶ
573 389 746 436 ὠφελείας
769 393 842 424 τοῖς
866 389 969 438 ἱεροῖς
993 392 1099 425 οἴκοις
1122 390 1220 448 γινό-

133 448 248 481 μενος.
297 435 500 477 Φυλάξουσι
525 434 564 470 δὲ
594 434 706 470 αὐτὸν
738 433 842 469 οὐδὲν
874 435 983 479 ἦττον
1013 440 1072 470 καὶ
1096 450 1130 471 οι
1160 438 1222 479 τῆς

134 480 304 526 ἡμετέρας
327 480 509 516 πολιτείας
533 481 710 528 ἄρχοντες,
733 484 873 526 μείζους
896 495 935 515 τε
961 486 1020 515 καὶ
1046 479 1220 522 ἐλάττους,

135 526 316 561 πολιτικοί
336 540 376 561 τε
395 531 455 560 καὶ
483 531 748 571 στρατιωτικοί,
773 531 832 560 καὶ
857 525 1102 572 διαφερόντως
1126 528 1222 561 οἵτε

134 572 343 614 πανταχόσε
366 574 444 606 τῶν
476 570 689 615 διοικήσεων
713 570 943 612 ἐνδοξότατοι
968 574 1118 619 ἔπαρχοι
1142 574 1220 607 τῶν

135 618 243 673 ι’)ερῶν
264 615 369 662 ἡμῶν
392 622 630 664 πραιτωρίων
651 618 689 651 οἵ
706 631 746 651 τε
767 616 830 651 τὰς
848 621 958 662 με’σας
983 619 1121 660 ἔχοντες
1145 620 1222 652 τῶν

1224 136 1279 184 63

2059 141 2166 183 Nov.
2198 141 2276 183 VII
2308 154 2372 196 ep.

1291 257 1460 299 quuntur.
1492 251 1697 287 Laudabilis
1716 251 1808 286 enim
1829 251 2032 286 huiusmodi
2054 255 2108 287 est
2127 256 2162 287 et
2182 253 2377 289 calumnia-

1290 300 1378 335 toris
1402 299 1515 344 fugiet
1538 308 1678 339 nomen,
1704 297 1765 341 qui
1790 307 1934 332 causam
1962 299 2086 332 contra
2110 298 2222 342 legem
2244 299 2379 334 factam

1291 345 1482 389 redarguit,
1507 346 1635 378 auctor
1659 342 1803 388 pietatis
1826 345 1862 377 et
1885 342 2051 378 utilitatis
2077 345 2188 379 sacris
2213 342 2377 380 domibus

1292 391 1422 425 factus.
1460 389 1661 424 Servabunt
1685 393 1805 422 autem
1823 398 1900 422 eam
1920 388 2150 424 nihilominus
2174 392 2210 424 et
2234 395 2379 425 nostrae

1259 435 1511 480 5reipublicae
1546 434 1681 469 iudices
1717 433 1870 467 maiores
1907 438 1942 467 et
1976 434 2148 477 minores,
2188 435 2307 471 civiles
2343 442 2380 471 et

1291 481 1479 524 militares,
1515 484 1551 514 et
1579 479 1773 525 praecipue
1805 489 1871 522 per
1906 489 2029 513 omnes
2062 480 2213 515 diocesis
2246 482 2377 517 consti-

1291 528 1360 561 tuti
1378 526 1624 571 gloriosissimi
1647 525 1820 570 praefecti
1841 534 2026 558 sacrorum
2045 527 2318 568 praetoriorum,
2345 530 2380 562 et

1291 573 1425 607 medias
1460 572 1633 606 habentes
1664 569 2014 611 administrationes,
2049 581 2137 614 quos
2168 573 2379 615 spectabiles

1292 621 1438 661 vocant,
1472 617 1621 652 dicimus
1643 620 1760 650 autem
1785 615 2020 658 Augustalem
2046 618 2081 649 et
2104 618 2379 660 proconsulares

134 677 266 709 αρχων,
291 661 350 697 οὓς
371 661 415 706 δὴ
438 662 697 718 περιβλέπτους
715 662 871 703 καλοῦσι,
897 665 1016 716 φαμὲν
1036 662 1079 706 δὴ
1099 660 1221 710 αὐγου-
1239 666 1278 697 10
1293 666 1329 699 et
1363 663 1576 708 spectabiles
1603 663 1770 703 comites,
1802 667 1838 695 et
1869 661 1957 695 alios
1991 664 2026 694 et
2050 661 2223 703 Orientis,
2257 668 2291 697 et
2320 664 2380 708 qui

134 707 284 742 στάλιόν
318 721 358 742 τε
399 711 459 742 καὶ
494 709 728 743 ανθυπατους
762 711 822 741 καὶ
851 718 932 740 τους
964 707 1223 762 περιβλέπτους

134 752 307 799 κόμητας,
339 753 421 788 τούς
453 767 494 788 τε
526 753 650 788 ἄλλους
681 756 740 786 καὶ
773 753 838 787 τὸν
862 753 923 795 τῆς
946 753 1055 795 ἑῳας,
1092 756 1151 787 καὶ
1186 752 1226 786 αἱ

128 798 215 843 ’μετ’
244 801 398 833 ἐκείνους
427 796 549 852 ἀρχαί,
583 802 771 853 τουτέστιν
795 799 833 832 οἵ
858 811 898 831 τε
927 799 1005 831 τῶν
1038 800 1224 844 ἐπαρχιῶν

133 844 313 891 ἄρχοντες,
339 846 410 878 εἴτε
433 848 603 879 υπατικοὶ
628 846 699 878 εἰτε
719 841 920 890 ἡγεμονικοὶ
941 843 1223 886 καθεστήκασιν,

1293 714 1375 754 post
1398 709 1478 743 illos
1503 711 1587 743 sunt
1610 708 1856 751 magistratus,
1882 707 1951 741 hoc
1975 708 2030 741 est
2059 710 2096 740 et
2119 708 2379 751 provinciarum

1295 754 1501 789 consulares
1520 754 1592 788 sive
1616 752 1800 797 praesides
1820 752 2018 793 constituti,
2044 754 2151 796 atque
2175 752 2380 788 defensores

1293 801 1494 834 civitatum:
1528 803 1563 834 et
1588 799 1796 844 simpliciter
1820 808 1923 832 omne
1949 797 2050 831 civile
2074 800 2111 832 et
2140 798 2323 842 publicum
2347 804 2382 832 et

1293 846 1444 879 militare
1477 845 1648 879 auxilium
1679 844 1772 878 hanc
1803 846 1963 878 nostram
1993 843 2106 887 legem
2138 849 2319 888 tamquam
2346 845 2381 878 in

135 889 271 924 ἔκδικοί
292 904 333 924 τε
357 888 518 924 πόλεων·
549 893 608 924 καὶ
636 886 758 923 ἁπλῶς
782 890 882 922 πᾶσα
906 887 1073 931 πολιτική
1102 902 1142 922 τε
1165 892 1224 922 καὶ
1242 891 1279 923 15
1294 890 1472 924 communi
1504 890 1656 924 utilitate
1688 894 1723 924 et
1749 900 1813 934 pro
1844 889 1955 923 totius
1980 892 2097 923 terrae
2121 889 2254 933 pietate
2285 891 2380 934 posi-

135 934 291 980 δημοσία
310 939 368 969 καὶ
390 934 636 982 στρατιωτικὴ
658 934 815 978 βοήθεια
831 931 938 966 τόνδε
955 930 1059 976 ἡμῶν
1077 933 1143 968 τὸν
1166 932 1224 967 νό-

133 995 213 1025 μον,
242 980 289 1015 ώς
312 981 394 1026 <εἷς>
418 979 676 1026 κοινωφέλειάν
695 993 735 1012 τε
759 982 819 1012 καὶ
839 976 930 1024 ὑπὲρ
954 981 1015 1022 τῆς
1037 980 1225 1022 πανταχοῦ

134 1028 195 1074 γῆς
217 1025 397 1071 εὐσεβείας
419 1027 643 1070 τεθειμένον,
678 1022 890 1069 φυλαττέτω
916 1027 975 1057 καὶ
1003 1024 1085 1058 τούς
1109 1038 1225 1079 παρα-

134 1076 332 1117 βαίνοντας
355 1068 568 1106 ὑποτιθέτω
593 1072 670 1103 ταῖς
694 1073 851 1110 ποιναῖς,
877 1067 917 1103 ἃς
941 1071 1154 1115 ἔμπροσθεν
1178 1083 1223 1103 ει-

1294 940 1367 969 tam
1399 940 1516 970 servet
1546 940 1581 970 et
1610 935 1919 979 praevaricatores
1950 934 2081 969 subdat
2112 935 2255 978 poenis,
2292 946 2380 979 quas

1294 981 1459 1026 primitus
1485 981 1649 1015 diximus.
1699 981 1737 1015 Si
1761 980 1845 1024 quid
1870 982 1988 1014 autem
2014 980 2057 1014 de
2083 980 2381 1015 conductionibus

1295 1026 1619 1060 ecclesiasticarum
1644 1037 1762 1061 rerum
1795 1029 1858 1059 aut
1888 1025 1924 1059 in
1956 1025 2033 1059 aliis
2065 1026 2231 1070 capitulis
2262 1028 2380 1060 sanxi-

1293 1082 1371 1106 mus
1403 1075 1466 1105 aut
1497 1082 1519 1106 a
1549 1072 1729 1116 prioribus
1759 1071 1891 1106 nostris
1921 1071 2098 1105 sancitum
2132 1076 2204 1115 est,
2239 1075 2383 1107 maneat

136 1131 262 1162 πομεν.
310 1117 356 1150 Εἰ
390 1115 433 1170 δέ
465 1130 501 1174 τι
534 1118 627 1174 ,πεὶρὶτ
652 1112 879 1171 μισθώσεων
915 1114 1225 1157 ἐκκλησιαστικῶν
1237 1118 1278 1149 20
1294 1118 1361 1151 hoc
1391 1117 1428 1151 in
1464 1118 1611 1161 propria
1643 1116 1811 1151 firmitate
1843 1127 1958 1160 neque
1991 1127 2033 1150 ex
2066 1118 2247 1160 praesenti
2279 1127 2382 1152 sacra

135 1164 361 1211 πραγμάτων
391 1176 413 1204 η
441 1175 501 1195 και
526 1175 570 1206 εφ
608 1171 738 1206 ετεροις
769 1159 974 1206 κεφαλαίοις
1006 1160 1223 1204 ἐνομοθετή-

135 1221 250 1253 σαμεν
286 1205 307 1251 ἢ
342 1210 401 1240 καὶ
441 1205 555 1259 παρὰ.
570 1207 648 1240 τῶν
682 1205 752 1251 πρὸ
785 1203 890 1250 ἡμῶν
924 1207 1223 1250 νενομοθέτηται,

133 1257 272 1299 μενέτω
295 1254 404 1287 τοῦτο
429 1254 489 1286 ἐπὶ
513 1263 574 1295 της
606 1253 733 1285 οἰκείας
764 1250 898 1293 ἰσχύος,
930 1249 1036 1285 οὐδὲν
1060 1249 1133 1286 ἀπὸ
1163 1252 1224 1294 τῆς

134 1296 315 1351 παρούσης
348 1298 455 1352 θείας
490 1294 594 1340 ἡμῶν
627 1295 821 1337 διατάξεως
860 1295 1122 1341 καινιζόμενον.
1177 1295 1227 1330 τοὶἸ

1294 1165 1420 1197 nostra
1458 1162 1713 1197 constitutione
1749 1162 1962 1199 novandum.
2019 1162 2102 1196 Alia
2138 1163 2231 1197 enim
2264 1164 2383 1198 omnia

1292 1218 1436 1242 manere
1461 1208 1498 1242 in
1524 1208 1677 1252 propriis
1703 1207 1860 1241 terminis
1886 1208 2052 1248 sinimus,
2081 1208 2150 1243 nisi
2173 1210 2292 1243 tamen
2318 1209 2382 1243 ali-

1293 1254 1378 1298 quid
1403 1253 1445 1287 de
1470 1253 1525 1287 his
1550 1254 1692 1295 habeat,
1719 1262 1810 1295 quae
1835 1252 1892 1286 hic
1919 1253 2176 1295 constituimus,
2204 1265 2283 1288 cum
2308 1255 2382 1289 suf-

1293 1300 1390 1333 ficiat
1414 1309 1478 1343 pro
1502 1298 1667 1333 omnibus
1692 1298 1782 1332 haec
1807 1298 1864 1331 lex
1885 1308 1994 1342 super
2018 1298 2065 1339 id,
2096 1299 2191 1343 quod
2217 1310 2238 1333 a
2261 1300 2383 1335 Leone

133 1343 224 1378 ἄλλα
251 1356 319 1390 γαρ
349 1355 472 1397 παντα
503 1346 626 1387 μένειν
659 1344 718 1376 ἐπὶ
748 1343 828 1376 τῶν
860 1343 1002 1376 οἰκείων
1034 1338 1132 1389 ὅρων
1157 1343 1221 1376 ἐῶ-
1236 1346 1276 1378 25
1291 1345 1372 1390 piae
1388 1344 1580 1379 memoriae
1601 1344 1737 1378 factum
1759 1347 1823 1385 est,
1850 1353 1988 1377 omnem
2005 1343 2176 1378 adversus
2195 1346 2382 1389 ptochicas

131 1387 337 1443 μεν,’πλὴν
361 1389 407 1444 εἰ,
415 1402 463 1433 μη
486 1402 523 1422 τι
547 1391 630 1444 περὶ
654 1386 798 1422 τούτων
822 1389 912 1430 ἔχοι,
937 1385 1028 1434 ἅπερ
1056 1389 1223 1422 ἐνταῦθα

133 1433 364 1479 διεταξαμεν·
388 1445 581 1480 αρκουντος
598 1436 680 1467 αντὶ
701 1432 854 1468 πάντων
877 1433 1005 1467 τούτου
1024 1435 1087 1467 τοῦ
1112 1433 1222 1478 νόμου

132 1481 221 1527 πρὸς
243 1481 298 1522 τῷ
323 1478 422 1525 παρὰ
448 1480 693 1532 Λέοντος-*τοῦ
727 1480 787 1522 τῆς
819 1476 983 1523 εὐσεβοῦς
1007 1478 1137 1522 λήξεως
1168 1493 1221 1538 γε·

131 1528 273 1569 νομένῳ
299 1537 423 1560 πασαν
450 1538 541 1558 κατα
572 1538 650 1558 των
682 1526 879 1577 πτωχικιῦν
909 1525 1137 1579 πραγμάτων
1160 1538 1223 1559 αν-

1291 1402 1348 1425 res
1373 1390 1514 1425 auferre
1538 1389 1762 1424 alienationis
1787 1389 2022 1423 occasionem.
2062 1389 2141 1423 Tua
2165 1390 2272 1433 igitur
2297 1392 2380 1426 bea-

1292 1436 1408 1471 titudo
1446 1440 1481 1470 et
1516 1435 1576 1479 qui
1618 1439 1701 1479 post
1736 1434 1835 1469 illam
1875 1434 1912 1468 in
1947 1434 2214 1479 pontificalibus
2251 1436 2384 1471 fuerint

1292 1482 1448 1523 sedibus,
1475 1491 1566 1525 quae
1591 1491 1612 1515 a
1637 1480 1740 1515 nobis
1765 1480 1940 1524 disposita
1965 1484 2064 1523 sunt,
2091 1481 2191 1525 operi
2222 1481 2383 1517 effectui-

1293 1538 1361 1571 que
1386 1526 1709 1561 tradere-festinet.

132 1571 225 1605 ελεῖν
248 1568 467 1627 έκποξὴσεως
484 1567 681 1625 πρόφασξν.
727 1574 767 1603 Η
787 1574 912 1604 τοίνυν
937 1570 1224 1625 σηβμακαριότης
1238 1574 1279 1605 30
1338 1573 1420 1607 Dat.
1435 1582 1545 1608 XVIII.
1565 1573 1601 1607 k.
1616 1572 1702 1607 Mai.
1718 1571 1786 1606 ΟΡ.
1802 1571 1975 1606 Belisario
1989 1583 2021 1607 v.
2038 1582 2067 1607 c.
2083 1582 2181 1608 cons.
2231 1576 2275 1615 [α.
2292 1576 2382 1616 535.]

132 1619 191 1650 καὶ
215 1616 251 1650 οἱ
272 1629 340 1660 μετ
384 1629 496 1668 αυτην
520 1629 597 1649 των
629 1617 890 1661 αρχιερατικῶν
917 1629 1101 1661 γινομενοι
1134 1615 1222 1662 θρό-

131 1675 210 1696 νων
241 1662 288 1696 τὰ
318 1660 410 1707 παρὶ
445 1675 548 1715 ημων
578 1659 842 1707 διατεταγμένα
875 1665 969 1709 ὲργῳ
1002 1665 1061 1695 καὶ
1093 1665 1224 1707 πέρατι

732 1707 910 1742 Divinitas
941 1710 978 1742 te
1010 1710 1128 1743 servet
1158 1718 1223 1753 per

132 1720 184 1741 πα
211 1706 363 1741 αὸοὗναι
401 1718 676 1741 σπευσατωσαν.

132 1764 192 1787 11111
207 1758 262 1788 tos
288 1763 414 1794 3111108,
439 1755 565 1787 sancte
589 1763 632 1787 ac
657 1752 920 1806 religiosissime
944 1757 1058 1798 pater.

175 1796 331 1845 'Eyoc'upn
367 1796 458 1844 [γὰρ]
491 1798 534 1832 τὸ
573 1796 748 1833 ἰσότυπον
776 1801 849 1832 τοῖς
881 1797 1094 1833 οσιωτάτοις
1125 1797 1222 1846 ἇρχι-
1239 1802 1279 1833 35

132 1845 341 1879 επισκόποις
364 1841 507 1888 Ῥώμης,
530 1842 672 1884 Αἰλίας,
695 1842 962 1890 Ἀλεξανδρείας
987 1848 1046 1878 καὶ
1069 1845 1223 1880 &soumi-

132 1888 234 1924 λεως·
258 1887 407 1936 Ἰωάννῃ
431 1890 487 1932 τῷ
511 1886 737 1932 ἐνδοξοτάτῳ
757 1887 901 1937 ἐπάρχῳ
925 1891 1004 1924 τῶν
1029 1890 1138 1937 ἱερῶν
1161 1892 1223 1934 τῆς

132 2028 254 2069 buens,
279 2030 314 2062 et
329 2030 550 2072 potestatem
566 2027 711 2063 cuilibet
734 2027 933 2063 concedens
957 2027 1089 2063 delicta
1115 2028 1314 2081 deferendi.
1353 2029 1447 2064 Nam
1472 2029 1681 2065 laudandus
1704 2031 1773 2066 erit
1791 2031 1873 2066 talis
1891 2031 1947 2066 vir
1961 2035 1997 2067 et
2018 2031 2294 2068 calumniatoris
2319 2044 2383 2079 ap·

130 2072 363 2119 pellationem
386 2072 547 2118 effuqiet,
572 2073 635 2118 qui
654 2085 729 2108 rem
749 2085 843 2119 quae
867 2078 997 2108 contra
1015 2074 1112 2120 leqes
1137 2077 1183 2119 fit
1206 2080 1342 2121 arquat
1362 2080 1472 2120 atque
1493 2076 1613 2110 sacris
1629 2076 1794 2111 domibus
1812 2077 1966 2123 pietatis
1989 2078 2228 2123 utilitatisque
2253 2083 2383 2113 auctor

131 2119 277 2153 existat.
327 2117 453 2163 Neque
477 2129 561 2153 vero
587 2118 705 2153 minus
730 2130 807 2154 eam
834 2119 1058 2165 reipublicae
1082 2124 1233 2155 nostrae
1250 2125 1456 2167 potestates
1483 2121 1678 2156 servabunt
1703 2127 1738 2157 et
1761 2123 1919 2157 maiores
1943 2126 1979 2158 et
2002 2123 2178 2167 minores,
2202 2128 2238 2159 et
2261 2124 2382 2159 civiles

131 2169 167 2199 et
191 2164 376 2205 militares,
406 2174 449 2198 ac
471 2164 671 2209 praecipue
695 2165 951 2210 olm-iosissimi
968 2165 1006 2199 in
1025 2165 1190 2200 omnibus
1209 2165 1432 2201 dioecesibus
1452 2168 1640 2212 praefecti
1662 2178 1769 2202 sacro
1794 2172 1920 2202 nostro
1939 2169 2148 2214 praetorio,
2173 2176 2209 2204 et
2231 2170 2294 2215 qui
2312 2181 2382 2204 me-

131 2209 212 2244 dias
237 2212 440 2256 potestates
463 2215 614 2254 qerunt,
646 2221 738 2255 quos
763 2211 905 2255 quidem
930 2211 1143 2257 spectabiles
1168 2216 1316 2253 vocant,
1343 2212 1580 2257 Auqustalem
1605 2212 1756 2247 dicimus
1780 2218 1814 2248 et
1844 2214 2086 2259 proconsules
2110 2219 2146 2249 et
2167 2214 2381 2262 spectabiles

131 2254 279 2290 comites
302 2265 381 2289 cum
406 2254 499 2288 alios
525 2258 597 2288 tum
615 2254 793 2296 Orientis;
817 2261 851 2291 et
876 2267 969 2301 quae
992 2261 1077 2302 post
1100 2256 1185 2290 illos
1208 2262 1294 2291 sunt
1311 2262 1529 2303 potestates,
1555 2257 1623 2292 ltoc
1641 2263 1693 2292 est
1715 2259 1989 2304 provinciarum
2007 2263 2179 2302 rectores,
2201 2260 2277 2295 sive
2298 2271 2381 2295 con-

130 2300 274 2335 sulares
296 2301 370 2335 sive
394 2300 588 2346 praesides
618 2300 710 2342 sint,
743 2305 779 2335 et
809 2300 1023 2346 defensores
1055 2301 1258 2336 civitatum:
1297 2306 1333 2337 et
1363 2301 1518 2347 denique
1550 2313 1655 2337 omne
1687 2308 1720 2338 et
1753 2303 1856 2338 civile
1889 2308 1925 2338 et
1946 2304 2137 2351 publicum
2161 2309 2196 2340 et
2224 2305 2382 2341 militare

133 2346 298 2391 officium
322 2345 416 2379 lianc
447 2348 612 2379 nostram
636 2345 750 2390 leqem
774 2349 815 2380 ut
838 2346 876 2379 in
901 2357 1122 2380 communem
1146 2346 1298 2380 salutem
1323 2351 1359 2381 et
1380 2358 1457 2392 pro
1485 2347 1596 2382 totius
1621 2353 1740 2383 terrae
1766 2349 1909 2394 pietate
1942 2350 2053 2384 latam
2080 2354 2216 2393 servet,
2248 2362 2382 2396 eosque

133 2391 195 2436 qui
218 2401 297 2425 eam
321 2390 461 2425 violant
477 2390 623 2435 poenis,
649 2401 741 2434 quas
765 2401 880 2435 supra
904 2390 1076 2431 diximus,
1101 2390 1265 2425 subiciat.
1303 2390 1444 2433 Quodsi
1466 2391 1555 2437 quid
1578 2392 1623 2426 de
1647 2392 1889 2428 locationibus
1912 2404 2034 2428 rerum
2054 2394 2380 2431 ecclesiasticarum

131 2435 189 2470 vel
202 2436 309 2470 etiam
323 2435 360 2468 in
380 2434 463 2468 aliis
480 2434 660 2479 capitibus
682 2446 749 2468 nos
771 2435 964 2469 sanccimus
988 2436 1043 2470 vel
1059 2434 1102 2469 ab
1121 2436 1410 2470 antecessoribus
1430 2437 1569 2471 nostris
1583 2438 1761 2472 sancitum
1778 2443 1842 2480 est,
1867 2437 1907 2472 id
1929 2439 1967 2473 in
1991 2450 2057 2474 suo
2074 2439 2208 2476 robore
2222 2446 2380 2484 maneat,

133 2490 361 2526 nequaquam
378 2490 451 2531 per
460 2483 690 2524 praesentem
709 2485 873 2527 nostram
894 2482 1185 2515 constitutionem
1204 2481 1461 2516 innovandum.
1487 2481 1645 2528 Reliqua
1661 2484 1755 2517 enim
1774 2484 1896 2518 omnia
1912 2484 2011 2519 intra
2023 2496 2111 2519 suos
2127 2486 2222 2530 fines
2234 2497 2380 2522 manere

132 2525 294 2567 sinimus,
316 2525 384 2559 nisi
404 2524 508 2569 forte
524 2524 612 2569 quid
628 2524 672 2558 de
689 2524 745 2559 liis
762 2524 919 2560 babeant
935 2537 1029 2570 quae
1045 2525 1103 2560 llic
1120 2526 1389 2560 constituimus:
1414 2527 1706 2572 quandoquidem
1725 2529 1883 2563 omnium
1902 2529 2021 2564 instar
2039 2529 2128 2565 haec
2148 2530 2212 2566 lex
2227 2541 2306 2566 cum
2323 2543 2379 2574 ea,

133 2582 226 2616 quae
246 2582 268 2605 a
292 2569 414 2605 Leone
430 2570 521 2616 piae
539 2570 651 2604 sortis
676 2570 752 2605 lata
777 2575 847 2612 est,
882 2570 931 2605 ad
954 2582 1092 2605 omnem
1111 2575 1348 2616 praetextum
1372 2571 1606 2607 alienationis
1629 2584 1750 2608 rerum
1774 2573 2026 2620 ptochicarum
2050 2575 2246 2611 tollendum
2271 2577 2378 2623 suffi-

134 2617 191 2651 cit.
243 2615 319 2651 Tua
343 2616 458 2661 iqitur
489 2615 673 2650 beatitudo
709 2620 745 2650 et
773 2617 836 2661 qui
861 2621 952 2662 post
982 2627 1061 2650 eam
1085 2617 1124 2650 in
1158 2616 1465 2663 archiepiscopali
1495 2619 1578 2652 sede
1601 2619 1725 2664 futuri
1748 2624 1851 2661 sunt,
1887 2630 1980 2664 quae
2004 2632 2027 2655 a
2051 2620 2156 2656 nobis
2180 2623 2378 2657 constituta

132 2664 219 2696 sunt
238 2660 288 2696 ad
311 2672 404 2707 opus
424 2660 662 2706 effectumque
687 2660 867 2696 adducere
890 2660 1067 2696 studeant.
1120 2660 1299 2696 Divinitas
1330 2667 1362 2697 te
1385 2668 1503 2698 servet
1520 2675 1592 2710 per
1616 2664 1749 2699 multos
1781 2676 1919 2707 annos,
1951 2671 2076 2701 sancte
2109 2677 2153 2701 ac
2177 2667 2377 2714 reliqiosis-

132 2708 218 2742 sime
274 2711 362 2742 ater.

241 2718 417 2798 PScripta
451 2755 538 2786 sunt
571 2752 801 2798 exemplaria
833 2753 1072 2787 sanctissimis
1109 2752 1397 2799 archiepiscopis
1432 2753 1588 2796 Romae,
1623 2754 1764 2797 Aeliae,
1799 2754 2052 2791 Alexandriae
2087 2761 2123 2793 et
2161 2757 2379 2805 Theopolis,-

182 2894 194 2925 1
223 2887 242 2924 ὁ
266 2892 425 2924 τοιοῦτος
448 2891 562 2931 ἔσται]
585 2891 775 2923 huiusmodi
801 2893 848 2923 cst
873 2903 891 2927 ς
917 2890 928 2934 ΙΙ
955 2893 973 2923 2
999 2894 1219 2936 κατηγορίαν

136 2939 181 2970 Aa
212 2936 223 2979 ΙΙ
250 2933 269 2969 ὁ
296 2949 353 2970 om.
377 2938 409 2969 A
438 2936 450 2976 ΙΙ
479 2938 498 2969 3
531 2938 591 2968 καὶ
625 2949 682 2969 om.
710 2948 729 2972 ς
758 2938 770 2979 ss
801 2939 821 2969 4
855 2934 1052 2981 γινόμενος]
1093 2935 1218 2981 φαινό-

132 2992 236 3026 μενος
256 2982 287 3015 Α
318 2982 330 3025 ΙΙ
361 2984 380 3015 5
414 2979 537 3022 αὐτὸν]
563 2978 656 3014 αὐτα
678 2982 710 3015 A
742 2980 754 3025 11
791 2984 828 3014 10
861 2979 916 3023 δὴ]
942 2978 984 3023 δὴ
1009 2984 1068 3014 καὶ
1089 2984 1120 3015 A
1143 2980 1154 3026 ΙΙ
1175 2979 1219 3023 δὴ

132 3029 175 3068 A]
210 3030 321 3059 autem
346 3039 375 3067 ς,
402 3041 459 3060 om.
486 3028 527 3059 M
552 3026 563 3070 ΙΙ
592 3025 867 3072 αὖγουσταλίους
889 3028 930 3059 τὲ
952 3028 983 3059 Α
1013 3027 1025 3070 Ι]
1057 3029 1094 3061 11
1121 3039 1217 3072 περι-

132 3071 317 3116 βλέπτους]
344 3068 584 3110 πανενδόξους
607 3074 636 3104 Α
665 3072 676 3116 ΙΙ
712 3075 750 3106 12
775 3075 833 3104 καὶ
858 3070 924 3105 τὸν
953 3091 998 3096 -
1033 3075 1071 3106 13
1101 3073 1138 3105 οἵ
1164 3075 1216 3112 τε]

133 3114 216 3161 μετ’
250 3118 400 3150 ἐκείνους
431 3118 491 3159 τῆς
523 3114 615 3149 tuias
651 3116 840 3160 ἄρχοντας·
878 3113 966 3149 ἀλλὰ
1001 3120 1060 3150 καὶ
1092 3117 1127 3150 οἱ
1149 3120 1179 3151 A
1207 3117 1218 3162 Η

136 3166 177 3196 14
201 3159 378 3207 ἄρχοντες,
402 3162 472 3195 εἴτε
498 3176 555 3196 om.
581 3174 600 3198 ς
616 3163 627 3205 ΙΙ
659 3167 694 3196 17
723 3160 922 3207 κοινωφελῆ
946 3164 993 3202 Α;
1024 3164 1071 3195 εἰς
1096 3166 1219 3196 inserui

133 3216 208 3241 ante
242 3205 499 3252 κοινωφέλειαν
533 3210 589 3250 (cf.
624 3211 656 3248 ς)
687 3209 698 3251 Η
734 3208 919 3250 πανταχοῦ
949 3209 1022 3253 γῆς]
1064 3205 1217 3242 πάντων

133 3255 162 3287 Α
180 3256 191 3296 ΙΙ
214 3255 253 3287 19
279 3249 516 3295 ὗποβαλλέτω
540 3254 615 3291 ταῖς
638 3251 729 3298 παρ’
757 3250 859 3296 ἡμῶν
889 3253 1102 3297 ἔμπροσθεν
1127 3254 1215 3296 εἰρη-

131 3301 255 3343 μέναις
279 3300 421 3332 ποιναῖς
444 3299 475 3331 Α
506 3298 518 3341 ΙΙ
546 3300 587 3331 20
611 3296 831 3341 μισθώσεως
855 3300 885 3331 Α
914 3299 925 3343 ΙΙ
957 3302 996 3332 21
1023 3296 1044 3341 ἢ
1071 3312 1128 3332 om.
1155 3302 1184 3332 A
1205 3300 1216 3342 Η

134 3347 175 3378 23
200 3341 316 3384 οὐδὲν]
348 3354 456 3385 neque
480 3345 514 3383 (i.
541 3357 566 3376 e.
589 3339 684 3384 οὐδὲ)
708 3357 726 3380 ς
745 3346 815 3386 1124
841 3340 1104 3388 καινιζόμενον]
1129 3342 1214 3388 βλα-

133 3387 315 3433 πτόμενον
332 3390 363 3422 Α
382 3390 393 3428 ΙΙ
411 3391 453 3422 26
475 3386 568 3430 πλὴν
593 3388 623 3420 εἰ
645 3388 693 3431 μή
720 3402 755 3422 τι
780 3391 948 3422 ἐναντίον
968 3391 1038 3431 ἔχει
1062 3390 1141 3423 τῶν
1161 3391 1214 3422 ἐν·

131 3435 258 3468 ‘cabaa
282 3432 484 3474 διατάξεων
504 3435 534 3466 A
551 3433 562 3478 ΙΙ
583 3436 622 3468 27
646 3434 707 3466 τοῦ
729 3431 838 3477 νόμου
857 3432 984 3468 τούτου
1001 3438 1031 3468 Α
1047 3437 1059 3478 ΙΙ
1080 3438 1122 3470 28
1146 3436 1213 3478 τῷ]

131 3479 174 3513 τὸ
199 3481 244 3513 Μ
261 3479 274 3524 ss
297 3482 490 3526 γενομένου
513 3480 545 3512 Α
572 3478 583 3523 ΙΙ
609 3481 648 3515 31
675 3482 734 3512 καὶ
755 3478 790 3511 οἱ
811 3478 901 3523 μετὰ
926 3481 1040 3514 ταῦτα
1065 3481 1125 3514 ἐπὶ
1148 3481 1215 3514 τὸν

133 3522 383 3571 ἀρχιερατικὸν
406 3523 651 3571 παραγόμενοι
675 3523 815 3569 θρόνον
838 3526 869 3558 Α
897 3525 908 3568 ΙΙ
940 3527 980 3559 33
1013 3524 1214 3560 σπευδέτω-

133 3581 204 3603 σαν
234 3573 266 3603 Α
302 3571 314 3614 ΙΙ
347 3570 961 3613 diuinitaintieseruetpermultosannu
992 3596 1000 3604 .
1031 3575 1143 3605 sancte
1180 3583 1214 3604 as

133 3616 297 3657 religiosis
317 3642 324 3648 .
345 3617 521 3659 simepater
540 3617 588 3649 M
588 3629 595 3654 ;
627 3629 684 3648 om.
709 3617 762 3651 Ας
789 3614 801 3660 ΙΙ
831 3618 872 3649 35
895 3614 1051 3663 Ἐγράφη
1077 3615 1145 3663 γὰρ
1171 3637 1213 3641 -—

133 3663 370 3706 πραιτωρίων
397 3662 470 3704 (64,
495 3664 524 3703 3)
550 3662 627 3695 add.
651 3662 738 3694 solus
757 3663 808 3694 A:

134 3708 195 3738 etsi
207 3708 292 3747 fieri
309 3710 417 3750 potuit
437 3714 472 3740 ut
494 3720 533 3740 ex
557 3708 683 3740 novella
712 3707 760 3739 VI
784 3714 924 3740 extrema
948 3709 1005 3751 (cfi
1026 3721 1060 3751 p.
1088 3710 1142 3749 47,
1163 3712 1212 3743 29)

135 3751 311 3786 miniato-ris
343 3765 450 3787 errore
480 3754 512 3788 in
542 3754 715 3798 archetypo
748 3754 868 3787 codicis
893 3754 925 3787 A
958 3755 1121 3789 commisso
1154 3755 1214 3787 buc

842 3664 930 3705 quod
964 3664 1211 3696 additamentum
1246 3677 1248 3685 ν

1290 2893 1523 2935 transferretur
1560 2894 1638 2932 (vid.
1673 2894 1806 2927 similem
1844 2908 1982 2928 errorem
2014 2898 2047 2929 in
2078 2898 2287 2940 inscriptione
2320 2911 2374 2930 no-

1288 2938 1391 2969 vellae
1415 2938 1535 2979 XII),
1571 2947 1674 2972 tamen
1704 2952 1772 2972 cum
1798 2948 1827 2973 et
1857 2942 1890 2973 in
1923 2942 2061 2985 sinyulis
2087 2944 2127 2974 ab
2160 2943 2216 2975 illo
2242 2944 2376 2986 differat

1290 2990 1318 3014 et
1342 2983 1414 3015 huie
1440 2984 1506 3015 loco
1532 2992 1641 3026 aptum
1666 2986 1723 3026 sit,
1750 2989 1924 3028 aspernari
1947 2988 2039 3020 nolui

1333 3121 1351 3151 2
1374 3119 1462 3161 leges
1478 3120 1555 3153 libri
1568 3119 1581 3164 ΙΙ
1601 3122 1618 3153 3
1645 3121 1853 3164 redarguerit
1868 3122 1905 3155 V
1914 3122 1925 3165 ΙΙ
1944 3125 1965 3156 4
1990 3123 2192 3164 Seruabunt]
2213 3135 2249 3156 ea
2267 3125 2369 3156 nichil

1287 3165 1441 3196 hominus
1466 3166 1655 3198 Seruabunt
1679 3167 1724 3198 R¹
1752 3166 1764 3209 11
1794 3170 1876 3207 eam]
1904 3178 1941 3200 ea
1962 3169 1994 3200 R
2022 3168 2033 3212 ΙΙ
2066 3171 2082 3201 7
2108 3169 2284 3210 glosissimi
2306 3170 2339 3202 R
2362 3170 2374 3212 ΙΙ

1286 3220 1378 3241 sacro
1403 3210 1452 3242 R¹
1482 3210 1493 3252 Η
1519 3212 1775 3251 praeteritorum
1800 3213 1834 3245 R
1864 3212 1875 3256 ΙΙ
1904 3215 1923 3246 8
1946 3224 2029 3254 quos
2054 3227 2110 3246 om.
2136 3214 2185 3246 R¹
2217 3213 2228 3258 ΙΙ
2251 3223 2373 3247 uocant

1286 3255 1480 3297 spectabiles
1505 3256 1553 3288 R¹
1574 3256 1621 3297 119
1647 3257 1865 3298 auguralem‘?
1890 3258 1939 3291 R¹
1962 3258 1973 3302 ΙΙ
1995 3261 2035 3292 13
2066 3259 2221 3291 similiter
2248 3261 2335 3304 vuly.
2360 3260 2372 3305 ΙΙ

1285 3302 1376 3332 omni
1402 3301 1452 3332 Ra
1476 3299 1487 3344 ΙΙ
1507 3301 1656 3334 ciuiliter
1681 3302 1717 3335 V
1725 3303 1734 3322 ¹
1754 3301 1765 3346 11
1786 3305 1826 3337 14
1858 3303 1964 3345 legem
1988 3306 2133 3336 nostram
2154 3304 2188 3336 R
2204 3303 2215 3346 ΙΙ
2239 3307 2276 3338 15
2310 3316 2370 3348 pro

1285 3346 1400 3386 totius]
1426 3347 1538 3387 potius
1561 3346 1611 3379 12¹
1635 3346 1646 3391 ΙΙ
1681 3349 1718 3380 18
1745 3348 1898 3390 captulus
1922 3349 1956 3381 R
1972 3348 1983 3391 ΙΙ
2002 3350 2168 3381 sanximus
2194 3350 2238 3390 R]
2263 3352 2370 3383 sanci-

1285 3392 1398 3422 uimus
1428 3391 1464 3424 V
1491 3393 1576 3435 vuly.
1606 3392 1618 3435 ΙΙ
1650 3395 1688 3426 21
1717 3394 1910 3426 nouandum
1935 3396 1992 3426 est.
2033 3393 2099 3426 alia
2123 3397 2234 3427 autem
2258 3398 2369 3429 omnia

1285 3436 1317 3469 V
1347 3435 1358 3480 ΙΙ
1388 3438 1428 3469 22
1454 3437 1555 3468 81111118
1581 3437 1619 3470 V
1639 3437 1650 3481 ΙΙ
1681 3441 1811 3470 tantum
1837 3439 1874 3472 V
1882 3440 1891 3459 ¹
1920 3438 1931 3482 ΙΙ
1963 3440 2005 3472 23
2038 3439 2180 3472 habebat
2205 3440 2254 3480 R3
2283 3444 2369 3485 sort.

1285 3483 1344 3524 leq.
1370 3482 1515 3514 habeant
1544 3481 1556 3526 {J
1580 3483 1676 3515 sufiat
1699 3484 1747 3517 R*
1773 3485 1784 3526 ΙΙ
1812 3486 1855 3517 24
1884 3484 1993 3516 lieone
2017 3484 2053 3517 V
2062 3486 2072 3505 ¹
2098 3485 2110 3528 ΙΙ
2135 3487 2176 3519 25
2212 3487 2367 3527 pthochi-

1283 3537 1336 3558 cas
1361 3528 1392 3560 R
1414 3527 1564 3569 ptochias
1589 3528 1627 3561 V
1642 3529 1653 3570 ΙΙ
1674 3531 1715 3562 ’26
1741 3529 1871 3561 auferre
1893 3529 2106 3562 alienationis
2129 3530 2260 3564 auferre
2283 3533 2332 3565 ΕΙ
2355 3531 2369 3578 ΙΙ

1284 3575 1323 3606 27
1360 3575 1435 3615 post
1469 3585 1527 3605 om.
1556 3573 1606 3606 Βι
1638 3573 1651 3618 ΙΙ
1683 3574 1779 3606 11111111
1810 3574 1914 3607 RVT
1942 3573 1954 3618 ss
1986 3575 2089 3607 fuerit
2114 3576 2164 3609 R¹
2195 3577 2206 3619 ΙΙ
2234 3579 2276 3610 29
2313 3578 2366 3611 An

1283 3618 1442 3650 festinent
1482 3620 1727 3662 corriyendum?
1761 3619 1774 3663 Ι]
1814 3621 1857 3652 30
1899 3619 2013 3652 datum
2051 3630 2140 3653 xvm
2175 3622 2242 3654 kal.
2276 3623 2365 3656 Mod.

1284 3663 1363 3705 Cap.
1390 3663 1560 3695 Bisiliario
1589 3665 1655 3696 uic.
1686 3676 1756 3697 con.
1786 3665 1905 3699 Bamb.
1929 3665 1979 3707 II,
2011 3665 2077 3698 dat.
2103 3667 2149 3699 kl.
2181 3668 2267 3701 mod.
2299 3669 2364 3703 uic.

1283 3708 1316 3741 V
1351 3710 1382 3741 in
1416 3710 1622 3751 inscriptione
1653 3712 1815 3754 sequentis
1855 3711 1999 3745 novellae
2035 3713 2114 3755 (vid.
2147 3714 2193 3747 ad
2223 3715 2283 3756 64,
2313 3713 2363 3756 6);

1282 3757 1402 3790 subscr.
1429 3767 1488 3789 om.
1513 3755 1664 3800 plerique
