2586 3990
145 166 416 199 MULIERIBUS
445 165 534 196 NON
564 166 868 196 PRAESTANDIS

142 281 208 310 νην
241 267 345 311 ’ἡμῶν
369 269 494 300 πίστιν
518 268 662 309 κρατεῖν
696 265 775 308 (τὴν
801 268 861 309 τῆς
884 264 1081 308 καθολικῆς
1104 278 1221 310 φαμεν

141 316 200 346 καὶ
225 309 460 353 οἷποστολικῆς
484 309 679 353 ἐκκλησίας)
712 313 771 342 καὶ
793 314 955 355 μετέχειν
980 311 1042 353 τῆς
1066 312 1105 344 ἐν
1130 306 1220 356 αὐτῇ

141 354 391 401 σωτηριώὸους
413 359 612 389 κοινωνίας.
660 355 724 389 τὰς
741 355 811 401 γὰρ
842 355 1063 402 χωριζούσας
1094 354 1222 389 ἑαυτὰς

140 405 201 445 τῆς
224 401 326 448 άγίας
348 402 411 435 τοῦ
428 401 519 434 θἐοῦ
542 400 738 444 καθόλικῆς
761 405 822 434 καὶ
841 399 1079 444 άποστολικῆς
1103 399 1220 443 ἐκκλη-

140 452 218 481 σίας
249 451 308 480 καὶ
337 448 399 489 τῆς
430 443 608 501 άχράντου
639 443 724 480 κατ)
753 443 866 489 αὐτὴν
895 450 1087 481 κοινωνίας
1115 458 1221 490 aava·

140 490 340 536 λαμβάνειν
363 489 426 525 οὐκ
445 493 657 536 ανεχομένας
682 492 781 536 παρὰ
806 494 884 526 τῶν
900 491 1030 535 ταύτης
1053 490 1220 536 θεοφιλε-

140 536 287 572 στάτων
309 537 434 582 ἱερέων
451 534 491 570 οὗ
509 536 722 582 βουλόμεθα
744 536 932 572 παντελῶς
949 538 1026 571 τῶν
1043 536 1221 570 τοιούτων

140 580 335 617 ιέπολαύειν
359 587 579 626 προνομίων.
634 584 664 616 εἰ
687 582 756 629 γάρ
780 582 906 616 ἑαυτὰς
928 584 1120 627 χωρίζουσι
1143 583 1221 616 τῶν

138 630 202 661 τοῦ
229 628 317 661 θεοῦ
351 626 499 672 δωρεῶν
530 631 590 662 καὶ
621 629 683 671 τῆς
713 627 816 674 άγίας
850 631 910 661 καὶ
939 626 1115 672 άχράντου
1149 640 1220 660 κοι-

1212 148 1292 195 519

2010 149 2118 190 Nov.
2151 147 2246 190 CIX
2281 150 2314 189 1.
2347 148 2371 186 2

1291 262 1372 296 dam
1408 265 1566 297 nostram
1600 260 1705 295 fidem
1741 262 1862 295 tenere
1905 260 2117 300 (catholicae
2153 258 2303 292 dicimus
2337 262 2373 292 et

1291 308 1511 352 apostolicae
1534 307 1720 348 ecclesiae)
1751 310 1787 340 et
1819 305 2027 350 participari
2058 307 2094 339 in
2119 304 2195 339 eius
2220 303 2372 338 salutari

1291 353 1550 388 communione.
1599 352 1697 396 Quae
1721 351 1813 385 enim
1838 353 2007 394 separant
2027 360 2065 386 se
2085 354 2211 385 sancta
2236 349 2290 384 dei
2311 359 2371 383 ca-

1291 398 1425 432 tholica
1455 403 1490 433 et
1514 398 1713 442 apostolica
1738 396 1887 431 ecclesia
1919 399 1955 431 et
1979 398 2246 431 sacrosanctam
2269 394 2306 428 in
2331 404 2373 428 ea

1258 445 1572 480 5communi0nem
1604 442 1788 487 percipere
1818 452 1889 475 nou
1914 441 2101 485 patiuntur
2132 441 2177 475 ab
2205 440 2280 474 eius
2306 439 2372 474 deo

1291 489 1504 524 amabilibus
1524 488 1783 530 sacerdotibus,
1804 486 1968 521 nolumus
1986 486 2130 521 omnino
2151 485 2283 520 talibus
2299 485 2373 519 frui

1290 534 1492 578 privilegiis.
1542 534 1580 569 Si
1603 533 1696 568 enim
1721 543 1760 568 se
1784 536 1954 576 separant
1981 532 2037 567 dei
2060 531 2266 566 muneribus
2291 534 2328 564 et
2351 541 2373 565 a

1291 585 1417 614 sancta
1447 590 1491 615 ac
1516 590 1620 615 sacra
1644 577 1892 614 communione
1916 577 2049 612 alienas
2074 577 2227 618 faciunt,
2260 576 2372 610 multo

1290 626 1408 669 potius
1440 627 1476 660 et
1508 635 1573 660 nos
1598 635 1671 659 non
1695 634 1754 659 eas
1779 623 1904 667 dignas
1936 623 2012 657 fieri
2036 621 2227 667 privilegiis
2258 631 2373 665 neque

140 677 271 707 ι’ωνίας
301 670 487 720 ἀλλοτρίας
519 675 679 716 ποιοῦσι,
712 672 836 715 πολλῷ
867 672 1005 716 μᾶλλον
1034 676 1094 706 καὶ
1125 670 1221 716 ἡμεῖς
1237 675 1276 706 10
1291 681 1334 705 ex
1358 671 1489 706 nostris
1513 670 1650 714 legibus
1682 669 1754 704 frui
1778 668 2014 714 permittimus
2039 667 2275 709 continentia,
2310 666 2373 700 sed

138 715 201 751 οὐκ
226 718 273 752 ἂν
298 715 408 752 αὐτὰς
432 716 653 763 ἀξιώσαιμεν
677 722 885 764 προνομίων
913 721 973 751 καὶ
997 719 1059 760 τῆς
1084 720 1121 751 ἐκ
1145 719 1222 751 τῶν

140 761 323 810 ἡμετέρων
354 761 481 808 νόμω-ι’
513 761 718 798 άπολαῦσαι
749 764 1045 810 συγχωρήσαιμεν
1075 775 1221 809 συγκρο-

138 807 293 851 τήσεως,
332 806 413 843 άλλ)
448 812 614 844 ἔστωσαν
646 806 770 844 αὐταῖς
803 809 936 853 ἄβατοι
969 812 1152 842 παντοίως
1185 806 1224 840 αἱ

139 855 239 900 παρὰ
271 856 348 888 τῶν
371 854 500 898 νόμων
523 853 734 901 εὐεργεσίαι,
766 858 825 888 καὶ
856 854 993 889 παντὸς
1025 857 1222 899 προνομιόυ

1291 717 1363 750 sint
1395 717 1446 751 eis
1470 715 1755 759 inaggressibilia
1787 714 1930 750 omnino
1962 724 2006 748 ex
2029 713 2165 757 legibus
2190 711 2372 752 beneficia,

1291 765 1326 795 et
1338 761 1437 842 ὀωέἰ
1461 761 1644 841 privilegio
1661 770 1705 795 ex
1721 760 1853 796 nostris
1879 758 2196 794 constitutionibus
2219 757 2269 792 eis
2288 756 2371 792 dato

1290 817 1392 850 priva
1420 818 1467 841 un
1486 817 1539 841 ur.

140 901 177 932 ἑκ
202 902 279 934 τῶν
303 897 488 946 ἡμετέρων
513 900 718 941 διατάξεων
742 897 866 934 αὐταῖς
882 898 1073 943 δεδομένου
1098 910 1222 944 στερη-
1238 901 1278 932 15

142 944 330 988 θήσονται.

1148 1033 1304 1069 CAPUT
1332 1032 1378 1068 ΙΙ.

190 1115 330 1157 ’Ἐξεστι
356 1114 395 1149 δὲ
420 1114 544 1150 αὑταῖς
568 1118 629 1159 τῆς
648 1115 828 1160 βελτίονος
850 1118 1054 1162 γινομέναις
1077 1113 1221 1160 γνώμης

140 1166 199 1195 καὶ
230 1163 297 1205 τὴν
330 1159 451 1207 ὀρθὴν
486 1165 545 1195 καὶ
578 1161 760 1204 ἀληθινὴν
792 1159 1059 1205 ἄσπαζομέναις
1095 1163 1222 1194 πίστιν

140 1211 198 1240 καὶ
222 1207 354 1250 ταύτης
376 1210 478 1251 μέχρι
503 1207 640 1242 παντὸς
664 1205 914 1251 άντεχομέναις
945 1207 1022 1240 τῶν
1044 1203 1222 1239 τοιούτων

141 1251 338 1287 ἀπολαύειν
378 1251 527 1298 δωρεῶν
561 1265 601 1286 τε
635 1256 694 1285 καὶ
731 1257 948 1298 προνομίων.

141 1296 265 1346 ἁπάσῃ
297 1300 341 1345 τῇ
367 1297 516 1341 ὑπηκόῳ
549 1295 783 1344 κρατούντων
813 1301 873 1331 καὶ
903 1295 1222 1342 παραφυλαττομέ-

141 1357 227 1384 νων,
268 1343 517 1388 πρωτοτύπως
556 1345 622 1387 μὲν
664 1344 763 1388 παρὰ
805 1344 883 1377 τῶν
922 1341 1223 1388 θεοφιλεστάτων

142 1390 275 1433 ἱερέων,
306 1391 432 1423 ἔπειτα
457 1386 496 1422 δὲ
518 1392 576 1422 καὶ
601 1389 700 1434 παρὰ
725 1390 802 1422 τῶν
837 1387 1010 1432 εμετέρων
1035 1384 1223 1431 ἀρχόντων

140 1438 199 1468 καὶ
225 1433 421 1477 δικαστῶν,
453 1435 523 1468 εἴτε
545 1437 698 1487 μείζους(
716 1434 786 1468 εἴτε
812 1436 828 1466 ἐ
851 1434 978 1467 άττους
1007 1433 1223 1473 καθεστᾶσι,

1357 1112 1500 1146 Licebit
1534 1115 1653 1146 autem
1688 1112 1740 1147 eis
1777 1111 1930 1145 melioris
1962 1110 2070 1145 factis
2102 1110 2301 1145 sententiae
2336 1110 2374 1143 et

1290 1164 1426 1193 rectam
1458 1167 1647 1202 veramque
1670 1156 1969 1201 amplectentibus
1993 1156 2098 1190 fidem
2128 1160 2165 1190 et
2189 1157 2257 1189 hac
2282 1165 2373 1189 sem-

1291 1213 1354 1247 per
1380 1205 1566 1237 contentas
1598 1202 1730 1236 talibus
1763 1202 1834 1235 frui
1866 1202 2072 1236 muneribus
2103 1206 2139 1235 et
2170 1199 2372 1251 privilegiis.

1003 1250 1149 1284 Τούτων
1183 1252 1222 1283 ἐν
1236 1252 1277 1284 20
1291 1248 1356 1282 His
1376 1249 1413 1282 in
1431 1248 1526 1283 omni
1546 1247 1684 1282 dicione
1703 1247 1905 1282 valentibus
1929 1251 2037 1290 atque
2055 1247 2249 1288 servandis,
2275 1256 2372 1290 prm-

1292 1294 1454 1337 cipaliter
1478 1293 1619 1336 quidem
1650 1302 1672 1327 a
1696 1292 1762 1327 deo
1786 1291 1998 1327 amabilibus
2023 1291 2280 1333 sacerdotibus,
2313 1291 2373 1326 de-

1291 1340 1373 1373 inde
1396 1344 1432 1373 et
1457 1349 1478 1372 a
1502 1338 1635 1373 nostris
1661 1337 2009 1372 administratoribus
2035 1342 2070 1371 et
2089 1337 2277 1377 iudicibus,
2302 1337 2376 1371 sive

1294 1385 1366 1419 sint
1388 1384 1541 1418 maiores
1567 1393 1630 1417 seu
1654 1383 1820 1424 minores,
1854 1386 1890 1417 et
1913 1383 2059 1427 insuper
2090 1393 2112 1417 a
2143 1385 2207 1416 tua
2232 1382 2373 1417 celsitu-

1294 1430 1385 1472 dine,
1409 1429 1505 1474 apud
1522 1439 1628 1473 quam
1648 1434 1683 1463 et
1700 1433 1925 1473 praesentem
1944 1428 2094 1463 facimus
2111 1428 2234 1472 legem.
2273 1427 2376 1463 Unde

141 1484 200 1513 καὶ
223 1479 313 1534 ῃρός
336 1493 375 1526 γε
399 1479 498 1534 πάρά
524 1481 664 1532 τῆςισῆς
680 1481 867 1533 υπξροχῆς,
894 1478 984 1533 πρὸς
1008 1475 1051 1521 ἣν
1075 1480 1134 1510 καὶ
1155 1476 1223 1510 τὸν
1238 1478 1279 1510 25
1295 1479 1498 1521 competens
1523 1480 1578 1509 est
1601 1474 1753 1517 iudices,
1786 1474 1882 1518 apud
1906 1485 1995 1518 quos
2026 1473 2167 1517 aliquae
2190 1477 2376 1508 moventur

141 1539 307 1571 παροντα
325 1525 531 1569 ποιουμεθα
548 1538 671 1568 νομον.
720 1537 808 1559 ωςτε
832 1526 1008 1567 προςῆκον
1041 1525 1118 1556 ἐστι
1141 1522 1223 1555 τοὺς

141 1569 329 1611 δικαστάς,
366 1569 456 1617 παρ’
491 1570 542 1604 οἷς
573 1583 667 1604 τινες
697 1573 883 1604 matos-vtae
919 1569 1010 1603 κατὰ
1041 1568 1223 1614 γυναικῶν

140 1616 238 1650 δίκαι
269 1614 291 1659 ἢ
316 1616 415 1661 παρὰ
438 1617 622 1663 γυναικῶν
652 1629 737 1649 τινα
761 1615 944 1658 προνόμια
969 1613 1120 1648 ἐκδικεῖν
1143 1613 1221 1646 ἑαυ-

139 1664 217 1714 ταῖς
238 1660 479 1715 βουλομένων,
513 1658 736 1705 ἀποβλέπειν
767 1663 814 1695 εἰς
845 1662 912 1714 τὴ]
947 1662 1011 1694 τοῦ
1043 1659 1223 1703 παρόντος

1295 1526 1419 1556 contra
1450 1520 1616 1554 mulieres
1649 1529 1780 1554 causae
1815 1523 1880 1553 aut
1910 1530 1932 1554 a
1963 1519 2170 1554 mulieribus
2203 1519 2376 1562 quaedam

1293 1566 1475 1611 privilegia
1496 1565 1563 1600 sibi
1583 1565 1763 1600 vindicare
1780 1565 1990 1606 volentibus,
2012 1564 2191 1609 respicere
2208 1564 2254 1598 ad
2271 1574 2375 1608 prae-

1294 1612 1403 1647 sentis
1428 1615 1572 1646 nostrae
1596 1611 1682 1654 legis
1708 1610 1952 1652 subtilitatem,
1978 1614 2014 1645 et
2035 1610 2153 1644 sinon
2176 1609 2378 1645 invenerint

1293 1668 1354 1693 eas
1380 1657 1600 1692 orthodoxae
1624 1656 1707 1691 fidei
1731 1656 1923 1690 existentes
1948 1658 1982 1690 et
1998 1655 2236 1700 percipientes
2255 1665 2375 1689 sacro-

139 1708 242 1761 ημῶν
273 1719 384 1749 νομου
415 1705 588 1750 δύναμιν,
625 1710 684 1740 καὶ
719 1708 749 1740 εἰ
776 1707 825 1750 μὴ
859 1719 996 1752 ευροιεν
1021 1703 1131 1738 αὐτὰς
1163 1705 1223 1745 τῆς
1237 1709 1278 1739 30
1293 1707 1454 1738 sanctam
1479 1708 1514 1737 et
1538 1702 1754 1737 adorabilem
1781 1701 2063 1736 communionem
2089 1712 2127 1735 m
2150 1700 2378 1736 sanctissima

139 1750 344 1797 ορθοὸόξου
375 1756 533 1787 πίστεως
565 1750 673 1786 οὔσας
703 1755 761 1785 καὶ
786 1751 1133 1795 μεταλαμβανούσας
1161 1750 1223 1792 τῆς

138 1796 313 1843 ἀχράντου
338 1801 397 1831 καὶ
421 1799 656 1843 προςκυνητῆς
684 1801 874 1831 κοινωνίας
898 1799 936 1830 έν
966 1799 1010 1843 τῇ
1035 1795 1222 1843 ἁγιωτάτῃ

139 1843 318 1889 καθόλικῇ
342 1847 400 1875 καὶ
425 1840 646 1889 ἀποστολικῇ
679 1842 843 1885 ἐκκλησία
876 1842 974 1887 παρὰ
1010 1845 1088 1875 τῶν
1118 1844 1222 1884 σεβα-

140 1890 361 1932 σμιωτάτων
381 1888 514 1932 ταύτης
530 1887 664 1933 ἱερέων,
690 1887 838 1922 ταύταις
853 1888 901 1931 μὴ
920 1890 1116 1934 συγχωρεῖν
1133 1884 1223 1920 άπο-

141 1933 264 1967 λαύειν
279 1935 356 1967 τῶν
378 1936 415 1967 ἐκ
435 1936 512 1968 τῶν
529 1932 714 1979 ἡμετέρων
733 1932 937 1975 διατάξεων
958 1935 1178 1978 προνομίων.

196 1978 489 2025 <Ἐπίλογος.>
541 1980 590 2013 Τὰ
623 1983 748 2013 τοίνυν
777 1978 1021 2024 παραστάντα
1050 1976 1135 2022 ἡμῖν
1167 1979 1226 2010 καὶ

142 2023 203 2058 διὰ
227 2023 332 2058 τοῦδε
362 2027 427 2058 τοῦ
452 2026 556 2059 θἐίου
587 2023 788 2068 δηλούμενα
816 2025 930 2068 νόμου
955 2022 975 2067 ἡ
1001 2024 1045 2067 σὴ
1070 2021 1226 2066 ὑπεροχὴ

142 2069 369 2116 γινώσκουσα
405 2071 444 2104 ἐν
477 2074 556 2104 ταῖς
591 2067 680 2115 παρ’
720 2067 812 2116 αὐτῇ
850 2072 1072 2113 κινουλιιέναις
1112 2066 1225 2102 δίκαις

143 2114 437 2161 παραφυλάττειν
458 2119 517 2148 καὶ
535 2117 627 2161 ἔργῳ
645 2118 704 2148 καὶ
722 2118 852 2160 πέρατι
869 2113 1099 2160 παραδοῦναι
1117 2125 1224 2158 φρον-

1293 1749 1471 1784 catholica
1506 1751 1541 1782 et
1576 1747 1776 1792 apostolica
1814 1747 1967 1782 ecclesia
2005 1757 2027 1781 a
2066 1746 2375 1781 venerandissimis

1292 1795 1368 1829 eius
1405 1793 1668 1834 sacerdotibus,
1706 1803 1778 1827 non
1814 1793 2020 1837 permittere
2056 1791 2127 1826 frui
2163 1802 2208 1827 ex
2242 1792 2376 1827 nostris

1293 1839 1608 1875 constitutionibus
1634 1838 1834 1883 privilegiis.

1239 1934 1281 1966 35

1358 1974 1647 2020 (Epilogus.)
1693 1974 1792 2019 Quae
1821 1974 1930 2018 igitur
1964 1973 2178 2018 placuerunt
2208 1972 2312 2008 nobis
2342 1976 2379 2007 et

1296 2032 1361 2067 per
1381 2022 1474 2056 hanc
1500 2031 1641 2056 sacram
1664 2020 1848 2055 declarata
1868 2022 1953 2055 sunt
1968 2021 2099 2064 legem,
2123 2022 2189 2054 tua
2203 2018 2378 2054 celsitudo

1295 2076 1512 2111 cognoscens
1544 2066 1615 2111 (in)
1646 2066 1765 2101 causis
1796 2064 1894 2110 apud
1925 2075 2003 2099 eam
2033 2064 2139 2100 motis
2169 2073 2312 2100 servare
2343 2067 2379 2098 et

1295 2112 1395 2156 operi
1418 2111 1630 2155 effectuique
1655 2110 1865 2146 contradere
1890 2113 2007 2152 curet,
2039 2112 2076 2145 et
2098 2121 2162 2155 per
2193 2109 2379 2146 sollemnia

145 2254 184 2284 ut
206 2254 340 2283 rectam
365 2252 399 2283 et
423 2248 648 2282 adorandam
676 2252 835 2282 nostram
856 2247 965 2291 sidem
989 2246 1202 2288 (catholicae
1225 2244 1375 2279 dicimus
1400 2249 1435 2279 et
1458 2244 1684 2289 apostolicae
1707 2244 1888 2286 ecclesiae)
1919 2249 2060 2278 teneant
2086 2248 2122 2278 et
2143 2244 2317 2279 salutaris
2341 2245 2379 2278 in

145 2306 188 2330 ea
214 2294 474 2328 communionis
496 2293 569 2339 sint
589 2293 800 2344 participes.

849 2291 949 2334 Quae
980 2292 1072 2327 enim
1103 2303 1125 2326 a
1148 2296 1276 2325 sancta
1307 2289 1365 2323 dei
1397 2288 1578 2323 catholica
1609 2294 1646 2324 et
1676 2289 1880 2334 apostolica
1904 2289 2054 2323 ecclesia
2086 2300 2124 2323 se
2147 2289 2249 2334 ipsae
2272 2300 2377 2335 sepa-

145 2345 231 2374 rant
261 2350 374 2384 neque
397 2338 665 2373 immaculatam
696 2349 733 2372 zn
765 2349 808 2372 ea
833 2338 1115 2372 communionem
1143 2348 1165 2370 a
1196 2335 1262 2370 deo
1294 2334 1491 2368 carissimis
1519 2334 1596 2368 eius
1620 2333 1867 2369 sacerdotibus
1900 2334 2064 2379 accipere
2088 2335 2285 2375 sustinent,
2317 2345 2379 2369 eas

148 2385 292 2419 omnino
317 2383 490 2418 eiusmodi
507 2383 715 2429 privileqiis
736 2382 821 2428 frui
843 2383 1020 2417 nolumus.
1070 2381 1163 2415 Nam
1186 2381 1219 2415 si
1241 2390 1278 2414 se
1302 2380 1404 2425 ipsae
1434 2390 1457 2413 a
1482 2379 1588 2413 donis
1611 2379 1669 2414 dei
1691 2384 1866 2424 separant
1897 2383 1932 2413 et
1952 2390 1975 2413 a
1998 2384 2126 2413 sancta
2150 2383 2187 2414 et
2210 2380 2377 2414 immacu-

148 2431 222 2464 lata
247 2429 495 2463 communione
519 2428 658 2463 alienas
679 2427 853 2469 reddunt,
888 2427 1000 2462 multo
1025 2426 1142 2472 maqis
1170 2437 1215 2460 ne
1238 2435 1306 2459 nos
1329 2424 1472 2469 quidem
1497 2435 1559 2459 eas
1580 2424 1783 2470 privileqiis
1815 2423 1947 2470 diqnas
1970 2422 2175 2459 habebimus
2208 2435 2273 2459 nec
2323 2436 2378 2460 er-

148 2476 324 2510 mittemus
353 2479 391 2508 ut
422 2474 553 2518 favore
586 2485 635 2509 ex
665 2473 802 2518 leqibus
832 2473 967 2507 nostris
990 2476 1129 2518 parato
1160 2471 1357 2515 fruantur:
1392 2469 1456 2504 sed
1487 2470 1536 2503 ad
1558 2468 1730 2513 beneficia
1762 2469 1880 2514 lequm
1911 2469 1956 2503 iis
1987 2468 2088 2504 nullo
2119 2469 2227 2504 modo
2258 2436 2379 2505 aditus

144 2525 284 2567 pateat,
310 2519 476 2564 omnique
497 2518 689 2565 privileqio
714 2530 763 2554 ex
784 2517 1102 2553 constitutionibus
1124 2516 1261 2550 icastris
1286 2515 1375 2560 ipsis
1399 2514 1485 2549 dato
1508 2514 1760 2560 privabuntur.

278 2565 325 2599 ΙΙ.
373 2564 476 2599 Licet
499 2569 617 2599 autem
638 2564 694 2606 iis,
719 2565 750 2598 si
778 2563 828 2598 ad
849 2563 1031 2598 meliorem
1055 2561 1265 2597 sententiam
1288 2564 1519 2595 revertantur
1542 2565 1575 2594 et
1599 2564 1733 2595 rectam
1759 2564 1868 2605 atque
1888 2571 2009 2595 veram
2027 2559 2135 2605 fidem
2156 2560 2377 2606 amplectan-

149 2615 207 2645 tur
237 2616 270 2646 et
294 2611 334 2645 in
356 2622 399 2645 ea
423 2610 546 2655 utique
566 2613 812 2655 perseverent,
845 2607 1023 2643 eiusmodi
1051 2607 1157 2642 donis
1186 2611 1221 2640 et
1245 2605 1451 2651 privileqiis
1472 2605 1564 2650 frui.
1612 2606 1730 2650 Atque
1761 2604 1849 2640 baec
1880 2605 1919 2639 in
1952 2605 2048 2640 omni
2078 2605 2220 2641 dicione
2251 2611 2379 2641 nostra

149 2656 291 2692 valeant
322 2659 358 2690 et
387 2654 631 2694 observentur,
664 2655 830 2700 inprimis
861 2653 1004 2700 quidem
1037 2664 1060 2686 a
1092 2652 1159 2687 deo
1191 2650 1387 2686 carissimis
1417 2649 1677 2692 sacerdotibus,
1709 2650 1837 2685 deinde
1861 2654 1980 2685 autem
2010 2662 2033 2685 a
2065 2651 2202 2685 nostris
2235 2662 2379 2697 quoque

149 2700 421 2747 maqistratibus
445 2706 480 2735 et
502 2699 690 2741 iudicibus,
715 2700 790 2736 sive
812 2700 968 2734 maiores
991 2698 1063 2732 sive
1088 2698 1240 2732 minores
1264 2699 1365 2737 sunt,
1395 2700 1431 2730 et
1482 2700 1646 2742 raeterea
1670 2707 1693 2729 a
1718 2700 1780 2731 tua
1803 2695 2038 2737 sublimitate,
2072 2696 2120 2730 ad
2139 2707 2247 2741 quam
2271 2699 2379 2731 etiam

147 2752 372 2792 praesentem
405 2746 518 2791 leqem
550 2745 685 2780 damus.
735 2744 866 2790 Itaque
897 2744 1051 2785 iudices,
1085 2742 1185 2788 apud
1213 2751 1305 2786 quos
1336 2751 1429 2786 quae
1456 2751 1513 2775 am
1544 2740 1843 2787 lites-moventur
1875 2740 2047 2776 adversus
2071 2741 2237 2777 mulieres
2268 2747 2334 2777 aut
2356 2755 2379 2777 a

148 2792 358 2826 mulieribus
377 2790 572 2836 privileqia
597 2790 774 2835 quaedam
797 2790 867 2825 sibi
889 2789 1072 2825 vindicare
1097 2786 1307 2827 volentibus,
1338 2785 1388 2820 ad
1402 2786 1612 2831 praesentis
1635 2786 1725 2832 leqis
1749 2790 1898 2821 nostrae
1923 2786 1990 2821 vim
2014 2786 2195 2832 respicere
2210 2798 2288 2833 par
2313 2794 2378 2829 est,

148 2842 183 2872 et
207 2837 278 2871 nisi
302 2836 542 2882 compererint
565 2847 628 2870 eas
653 2835 882 2870 orthodoxae
902 2834 990 2878 fidei
1014 2845 1090 2868 esse
1114 2837 1150 2868 et
1172 2830 1439 2866 immaculatam
1463 2835 1499 2865 et
1522 2830 1749 2865 adorandam
1773 2831 2057 2867 communionem
2090 2831 2128 2865 in
2152 2833 2379 2872 sanctissima

149 2882 330 2917 catholica
355 2888 390 2916 et
413 2881 616 2927 apostolica
640 2881 789 2915 ecclesia
807 2881 1000 2927 percipere
1025 2891 1047 2913 α
1071 2875 1385 2913 venerabilissimis
1409 2876 1486 2910 eius
1509 2875 1776 2919 sacerdotibus,
1807 2887 1882 2911 non
1907 2877 2104 2912 concedere
2127 2876 2173 2912 iis
2204 2881 2246 2912 ut
2261 2878 2378 2923 privi-

150 2928 255 2973 teqz‘ts
278 2938 327 2962 ex
351 2927 487 2961 nostris
510 2925 824 2961 constitutionibus
842 2926 1031 2971 fruantur.

287 2971 374 3017 Epi
383 2972 395 3005 t
405 2982 526 3017 oqus.
574 2969 674 3013 Quae
705 2971 819 3017 iqitur
849 2970 953 3005 nobis
978 2970 1198 3015 placuerunt
1229 2971 1264 3002 et
1291 2977 1359 3012 per
1390 2965 1483 3001 lianc
1512 2977 1655 3001 sacram
1687 2966 1800 3011 leqem
1833 2965 2068 3001 declarantur
2093 2970 2155 3002 tua
2179 2967 2381 3003 sublimitas

152 3028 372 3062 coqnoscens
401 3018 438 3051 in
464 3016 583 3052 litibus
608 3016 708 3062 apud
730 3016 847 3061 ipsam
871 3016 976 3050 motis
1001 3013 1226 3049 observanda
1257 3018 1292 3047 et
1322 3011 1371 3046 ad
1402 3022 1495 3058 opus
1517 3011 1754 3056 effectumque
1787 3011 2001 3046 adducenda
2025 3017 2142 3054 curet,
2174 3017 2284 3058 atque
2308 3024 2380 3058 per

222 3154 238 3186 1
264 3153 407 3194 κρατεῖν
433 3165 489 3184 om.
505 3152 556 3184 Bc
582 3151 594 3195 ΙΙ
626 3154 644 3185 2
668 3153 728 3183 καὶ
751 3153 911 3193 μετέχειν
934 3169 977 3172 ——
1002 3152 1023 3183 4
1047 3147 1231 3189 ἐκκλησίας

153 3211 211 3230 om.
227 3198 287 3235 La,
313 3198 390 3228 add.
405 3196 452 3229 L⁶
474 3198 506 3229 in
525 3210 625 3236 marq.
644 3210 692 3229 vv.
714 3197 751 3228 ἐκ
770 3197 833 3228 τοῦ
857 3197 1016 3238 κειμένου
1038 3196 1200 3236 inscriptis
1221 3197 1231 3236 Η

155 3245 173 3276 8
191 3238 390 3284 ἀπολαβεῖν
406 3242 440 3274 Β
463 3241 474 3284 ΙΙ
503 3244 539 3275 11
561 3237 714 3280 ἀξιῶσαι
731 3242 762 3274 L
787 3241 904 3281 dignas
921 3241 992 3272 fieri
1013 3241 1046 3281 (i.
1062 3251 1090 3273 e.
1112 3235 1230 3279 ἀξιοῦ-

153 3287 257 3328 σθαι)
283 3299 302 3323 ς
319 3288 330 3329 ΙΙ
355 3289 426 3327 καὶ]
452 3297 558 3328 neque
583 3299 601 3322 ς
617 3290 628 3330 l}
656 3287 695 3320 13
723 3283 840 3319 αὐτοῖς
865 3288 894 3318 L
913 3286 925 3328 ΙΙ
949 3283 1134 3318 παντελῶς
1158 3285 1231 3318 Ha-

155 3335 288 3365 loander
305 3332 316 3375 ΙΙ
339 3335 376 3366 17
392 3331 542 3372 Ἔξεστι]
560 3332 691 3364 Licebit
707 3344 725 3367 ς
737 3331 747 3376 Η
759 3333 964 3376 γενομέναις
977 3331 1045 3363 LB
1062 3330 1073 3374 ΙΙ
1097 3331 1136 3364 18
1149 3325 1231 3371 άλη-

157 3377 280 3420 θινην]
305 3377 374 3419 τὴν
396 3373 579 3419 ἀληθινὴν
595 3378 625 3410 L
645 3377 657 3420 11
673 3374 925 3418 ἆσπαζομένας
946 3377 975 3408 L
993 3375 1004 3419 ΙΙ
1026 3378 1066 3409 19
1091 3371 1231 3416 ἀντεχο-

153 3426 287 3467 μεῖναις]
301 3427 472 3455 contentas
484 3434 503 3458 ς
518 3423 529 3465 ΙΙ
551 3425 592 3456 20
605 3435 644 3455 τε
657 3435 715 3455 om.
727 3423 763 3455 Β
779 3422 790 3464 Η
811 3423 852 3455 23
866 3424 925 3453 καὶ
939 3434 996 3454 om.
1008 3421 1042 3453 Β
1060 3421 1072 3463 ΙΙ
1090 3422 1130 3454 27
1141 3418 1231 3453 κατὰ

154 3469 334 3513 γυναικῶν
351 3481 408 3502 om.
426 3469 474 3500 Bc
490 3468 502 3511 ΙΙ
522 3470 563 3502 30
582 3463 667 3510 ἡμῖν
683 3468 714 3500 L
734 3467 746 3511 ΙΙ
762 3464 930 3510 δύναμιν]
951 3466 1172 3499 subtilitatem
1188 3477 1207 3501 ς
1221 3465 1232 3507 ΙΙ

156 3516 197 3546 32
222 3512 306 3558 ἁγία
330 3515 361 3546 L
381 3514 392 3557 ΙΙ
409 3515 452 3546 34
467 3511 668 3554 ταύταςνΒ,
686 3526 746 3547 om.
760 3525 778 3549 ς
794 3512 806 3556 ΙΙ
832 3514 874 3546 38
899 3509 988 3555 παρ’
1008 3507 1131 3545 αὐτῶν
1147 3512 1190 3544 Μ

218 3651 231 3681 1
256 3651 369 3680 nostra
391 3648 446 3691 Vll
471 3647 663 3688 catholicae]
689 3650 799 3679 autem
824 3647 901 3679 add.
921 3645 972 3679 Τ2
995 3645 1007 3688 ΙΙ
1033 3646 1053 3677 2
1078 3644 1232 3678 ecclesiae

159 3705 217 3725 om.
230 3692 279 3725 R¹
297 3692 310 3736 ΙΙ
331 3694 532 3736 participare
555 3693 641 3726 1221*
661 3692 673 3736 ΙΙ
701 3692 771 3724 eius
795 3692 895 3732 R2T]
922 3691 968 3723 eis
994 3691 1084 3723 R¹V
1103 3690 1115 3733 ΙΙ
1142 3690 1231 3723 salu-

158 3738 239 3770 taris
262 3739 524 3772 communionem
544 3738 591 3771 R¹
608 3737 621 3782 ΙΙ
647 3740 666 3772 3
683 3740 812 3780 separat
832 3737 863 3770 T
870 3737 880 3757 ¹
898 3736 910 3779 ΙΙ
932 3738 1056 3776 sancta]
1082 3746 1101 3768 a
1119 3739 1232 3769 sancta

1300 3147 1348 3180 R2
1359 3147 1447 3189 vuly.
1466 3145 1516 3187 114
1532 3156 1603 3178 eam
1622 3147 1654 3178 T
1665 3145 1677 3189 ΙΙ
1696 3148 1715 3178 5
1733 3146 1773 3178 ab
1791 3146 1862 3177 eius
1882 3145 1942 3186 T¹]
1967 3146 2008 3178 ab
2032 3146 2179 3179 eiusdem
2204 3148 2246 3188 R,
2261 3161 2319 3181 om.
2341 3149 2378 3188 V,

1299 3203 1317 3223 a
1337 3192 1385 3224 Τ2
1397 3192 1484 3234 υιιί9.
1501 3191 1512 3233 ΙΙ
1538 3193 1557 3223 6
1574 3191 1730 3223 nolumus
1745 3194 1855 3222 autem
1873 3191 2008 3223 omnino
2027 3192 2059 3224 Τ
2066 3191 2076 3210 ¹
2092 3191 2103 3234 ΙΙ
2129 3195 2146 3225 7
2165 3202 2198 3224 se
2214 3196 2379 3234 separant]

1298 3239 1469 3279 separatur
1494 3236 1543 3268 R¹
1561 3237 1572 3278 Η
1589 3246 1608 3267 a
1631 3240 1747 3268 sancta
1768 3246 1806 3267 ac
1829 3246 1920 3268 sacra
1941 3236 1987 3276 V]
2013 3247 2032 3267 a
2053 3240 2167 3269 sancta
2192 3240 2223 3269 et
2246 3248 2265 3269 a
2288 3249 2381 3271 sacra

1302 3283 1332 3315 T
1352 3294 1371 3314 a
1392 3291 1484 3314 sacra
1508 3281 1640 3324 Rvuly.
1661 3281 1673 3325 ΙΙ
1699 3283 1718 3315 9
1744 3292 1804 3313 nos
1830 3294 1888 3313 om.
1912 3281 1967 3323 Vll
1985 3284 2103 3322 neque]
2129 3286 2161 3313 et
2185 3293 2291 3324 neque
2319 3284 2351 3316 T
2370 3284 2381 3325 ll

1302 3330 1340 3361 11
1366 3328 1433 3359 sint
1464 3327 1535 3358 eius
1564 3329 1597 3358 et
1625 3326 1730 3368 magis
1760 3326 1874 3359 sibilia
1900 3326 1948 3359 Τι
1974 3326 1986 3369 ΙΙ
2019 3328 2058 3360 12
2083 3327 2262 3369 priuilegia
2295 3329 2348 3361 Va
2369 3328 2381 3373 ΙΙ

1301 3375 1340 3406 17
1367 3374 1424 3413 eis]
1462 3372 1533 3404 eius
1560 3371 1612 3404 T¹
1649 3372 1697 3404 eis
1728 3371 1806 3404 dato
1834 3371 2061 3413 priuabuntur
2093 3373 2139 3404 eis
2163 3373 2213 3405 Ra
2242 3373 2254 3416 ΙΙ
2285 3373 2381 3407 factis

1300 3432 1357 3451 om.
1375 3418 1418 3449 R¹
1439 3417 1451 3460 ΙΙ
1470 3418 1510 3451 18
1526 3418 1611 3449 hanc
1626 3417 1656 3449 R
1673 3417 1685 3459 ΙΙ
1707 3418 1746 3450 19
1763 3420 1969 3458 contemptas
1993 3418 2028 3457 V,
2053 3418 2218 3450 contentis
2238 3420 2287 3451 ed.
2299 3432 2352 3462 pr.
2370 3421 2381 3463 ΙΙ

1300 3463 1421 3495 talibus
1445 3464 1543 3505 vala]
1577 3461 1752 3494 stabilibus
1777 3463 1853 3495 libri
1879 3461 1892 3505 ΙΙ
1921 3463 1960 3496 21
1988 3462 2123 3503 quidam
2146 3463 2179 3496 V
2197 3463 2209 3506 ΙΙ
2240 3464 2282 3497 22
2306 3469 2339 3497 et
2362 3476 2381 3497 a

1299 3508 1466 3541 iudicibus
1481 3508 1529 3539 R2
1553 3511 1585 3539 et
1605 3518 1625 3539 a
1649 3507 1769 3540 om.R¹
1786 3508 1797 3549 ΙΙ
1817 3508 1858 3540 23
1883 3507 1951 3539 sint
1975 3520 2032 3540 om.
2056 3507 2113 3551 Vn
2129 3519 2185 3541 seu
2209 3509 2284 3550 VT]
2309 3510 2380 3543 siue

1264 3571 1268 3584 ι
1302 3555 1432 3597 Rvulq.
1462 3553 1473 3596 ΙΙ
1504 3554 1546 3586 26
1571 3556 1629 3585 aut
1652 3563 1672 3584 a
1695 3554 1795 3596 vul9.]
1833 3556 1865 3584 et
1888 3554 1946 3584 aut
1971 3553 2048 3586 libri
2076 3551 2087 3596 ΙΙ
2118 3555 2158 3586 27
2185 3554 2248 3586 sibi
2272 3555 2379 3596 priui-

1298 3599 1386 3640 legia
1404 3600 1446 3639 R,
1470 3598 1534 3630 sibi
1552 3611 1609 3631 om.
1626 3598 1658 3630 T
1665 3598 1675 3617 ¹
1691 3598 1702 3640 ΙΙ
1721 3597 1898 3630 uendicare
1915 3597 2022 3630 RVT
2037 3598 2048 3641 ss
2073 3599 2115 3631 28
2132 3599 2301 3632 inuenerit
2320 3601 2353 3634 T
2370 3605 2381 3644 ΙΙ

1300 3647 1340 3678 30
1362 3645 1398 3675 in
1425 3657 1482 3676 om.
1496 3644 1530 3676 R
1546 3643 1558 3686 ss
1585 3644 1624 3676 31
1645 3643 1782 3675 ecclesia
1805 3656 1864 3676 om.
1879 3643 1927 3675 R¹
1943 3642 1955 3686 ΙΙ
1975 3645 2005 3684 a]
2030 3654 2068 3675 ac
2084 3644 2193 3688 R2Tn
2212 3646 2255 3678 32
2273 3648 2322 3686 ex]
2349 3652 2381 3679 et

1300 3700 1338 3722 ex
1359 3688 1416 3733 Vn
1433 3689 1474 3722 38
1498 3689 1534 3720 in
1556 3690 1633 3722 add.
1659 3689 1755 3722 Beck
1773 3689 1844 3732 1139
1869 3687 2065 3731 sollempnia
2087 3689 2176 3722 dicta
2196 3690 2231 3723 V
2247 3691 2378 3724 sollem—

1299 3735 1378 3778 pnie
1402 3734 1492 3767 dicta
1517 3735 1550 3767 T
