2618 4010
255 140 363 185 Nov.
395 140 453 185 VI
486 143 518 186 1.
538 140 562 183 2

254 265 320 286 νον
354 249 521 306 ὀφθέντα
549 251 770 306 ἱπροςέεσθαι
798 250 887 300 πρὸς
921 250 989 296 τὴν
1024 254 1196 306 έσομένηΙν
1225 265 1335 307 χειροκ-

254 301 392 332 τονίαν.
454 299 483 331 0
516 310 585 344 γαρ
619 309 716 331 ουτω
749 297 1058 353 χειροτονούμενος
1094 294 1255 331 αὐτόθεν
1288 311 1333 331 τα

254 341 407 376 πλεῖστα
428 344 488 376 καὶ
512 339 684 376 κάλλιστα
707 354 890 389 γνωσεται
913 343 991 377 τῶν
1014 339 1333 397 μαὶἢημάτωνικαὶ

1341 131 1396 186 40

1734 151 1948 195 QUOMODO
1978 151 2211 189 OPORTEAT
2235 149 2478 191 'npmcoros
2531 207 2533 210 Α

1405 264 1495 334 εὲω,
1521 254 1581 333 ᾳὲιί
1604 262 1670 298 per
1692 253 1836 332 togvias
1854 254 2081 310 inculpabilis
2105 257 2284 311 apparuit,
2307 255 2479 310 accedere

1402 309 1446 378 ἒ,
1469 308 1538 378 ἕὲἲ
1557 301 2479 399 *mse{tizsstmsgissamffmzttp‘zfflffi

254 385 316 420 οὐκ
348 389 548 422 ἐκπεσεῖται
583 385 670 433 πρὸς
700 390 785 432 βίον
814 385 1027 429 ἀκόλαστον,
1062 400 1130 430 την
1160 399 1334 431 τοιαυτην
1401 398 1473 423 non
1508 387 1660 423 incurrit
1691 387 1738 423 ad
1767 388 1875 424 vitam
1905 390 2131 437 impunitam,
2165 391 2368 428 huiusmodi
2396 401 2477 426 eru·

253 430 533 476 πεπαιδευμένος
556 429 651 479 λόγῳ
675 445 715 467 τε
737 435 797 467 καὶ
822 435 915 480 ἔργῳ
940 435 1083 478 σοφίαν.

1363 436 1382 467 5
1397 432 1492 468 ditus
1517 435 1554 468 et
1575 433 1684 469 verbo
1708 435 1745 468 et
1768 443 1875 478 opere
1898 437 2083 482 [corporis]
2107 437 2292 483 sapientia.

1254 522 1410 558 CAPUT
1435 522 1480 557 11.

295 580 360 635 <ῙῙ>
406 585 559 625 Κάκεῖνό
589 603 630 637 γε
651 589 724 635 μὴν
748 588 1048 635 προςὸιοριζομεν,
1083 585 1171 625 dien
1194 588 1331 635 μηδένα

251 635 331 668 τῶν
353 633 652 682 θεοφιλεστάτων
672 635 883 670 ἐπισκόπων
902 636 974 676 ἔξω
998 636 1059 678 τῆς
1082 633 1174 669 καθ’
1202 635 1332 671 ἑαυτὸν

252 677 437 724 ἐκκλησίας
467 678 591 716 πλεῖον
622 677 644 724 ἢ
667 680 751 715 κατ’
778 679 944 715 ἐνιαυτὸν
973 676 1058 714 ὅλον
1088 677 1331 725 ἀπολιμπάνε-

251 724 356 767 σθαι,
389 722 484 768 πλὴν
517 725 553 779 εἰἱ
578 724 628 770 μὴ
659 727 766 760 τοῦτο
789 725 879 759 κατὰ
903 723 1094 768 βασιλικὴν
1115 729 1253 773 γίνοιτο
1277 729 1330 760 κε’-

1445 589 1496 625 Et
1519 588 1607 625 illud
1630 589 1736 625 etiam
1761 589 1966 635 definimus,
1990 597 2031 627 ut
2053 603 2156 631 nemo
2180 595 2246 631 deo
2271 594 2476 630 amabilium

1400 636 1650 680 episcoporum
1673 635 1771 671 foras
1796 645 1819 670 a
1843 645 1908 671 sua
1931 636 2083 673 ecclesia
2134 639 2190 676 lus
2214 650 2318 684 quam
2343 650 2477 675 annum

1399 684 1514 716 totum
1538 680 1673 723 deesse,
1697 680 1767 716 nisi
1790 680 1858 716 hoc
1882 691 1947 726 per
1965 681 2013 717 im
2039 650 2180 719 eriai’em
2199 684 2263 720 fiat
2285 686 2477 720 iussionem

1400 730 1499 767 (tunc
1542 726 1635 761 enim
1670 726 1784 761 solum
1829 726 1897 761 erit
1930 726 2012 762 ineu
2027 728 2176 780 pabile),
2218 730 2478 766 sacratissimos

251 767 372 804 λευσιν
395 768 492 813 (τότε
513 784 580 818 γαρ
603 771 717 815 μόνον
738 773 837 804 ἐστὶν
859 767 943 804 ἀνεύ
951 770 1099 811 &wom-
1123 771 1201 806 τῶν
1225 767 1330 806 ‹imm-
1347 773 1386 805 10
1399 771 1623 816 patriarchas
1674 771 1955 816 uniuscuiusque
2001 771 2182 809 dlooeseos
2227 775 2478 820 compellentes

251 814 375 850 τάτων
390 817 626 861 πατριαρχῶν
646 813 794 859 ἑκάστης
817 812 1023 858 διοικήσεως
1047 812 1330 863 ἀναγκαζόντων

251 858 334 894 τοὺς
368 858 669 914 θεοφιλεστάτους
705 860 920 894 ἐπισκόπους
947 862 1025 894 ταῖς
1056 857 1181 913 αὐτῶν
1209 863 1331 909 ἐγκαρ-

1398 817 1463 851 deo
1500 816 1672 852 amabiles
1705 816 1892 861 episcopos
1924 816 2000 852 suis
2030 817 2214 854 inhaerere
2245 819 2478 855 sanctissimis

1401 861 1563 897 ecclesiis
1598 865 1634 896 et
1669 871 1740 897 non
1783 862 1887 906 longo
1931 861 2058 897 itinere
2097 864 2254 908 separari
2288 873 2404 910 neque
2442 864 2478 899 in

250 908 367 951 τερεῖν
402 904 621 952 αγιωτάταις
658 904 856 948 έκκλησιαις
890 908 950 939 καὶ
984 904 1034 950 μὴ
1067 919 1211 954 μακραν
1245 903 1333 942 ὁδὸν
1400 906 1594 952 peregrinis
1618 906 1794 942 demorari
1826 907 1914 942 velle
1945 917 2060 952 neque
2091 908 2334 945 sanctissimas
2363 910 2477 946 eccle-

250 948 468 984 στέλλεσθαι
509 948 600 995 μηδὲ
635 952 674 984 ἐν
709 950 791 996 ξένῃ
828 948 1030 997 διατρίβειν
1066 950 1209 986 ἐθέλειν
1242 949 1333 996 μηδὲ

250 996 329 1030 τῶν
360 992 576 1042 ἁγιωτάτων
606 994 804 1037 ἐκκλησιῶν
835 991 979 1053 ἀμελεῖν
1001 994 1092 1041 μηδὲ
1120 995 1187 1031 τὸν
1216 998 1331 1031 ἐνιαυ-
1348 999 1386 1031 15
1400 1001 1548 1042 propter
1578 996 1855 1032 mlsericordiam
1888 998 2145 1033 constituimus.

250 1039 316 1075 τὸν
339 1040 585 1087 ὑπερβαίνειν,
610 1036 654 1075 ὃν
672 1038 716 1083 δὴ
737 1042 799 1074 καὶ
823 1040 936 1076 αυτὸν
959 1039 1021 1075 διὰ
1043 1040 1332 1088 φιλανθρωπίαν

250 1083 436 1130 ἐτάξαμεν.
485 1087 531 1119 Εἰ
552 1087 717 1132 μέντοιγε
747 1088 808 1119 καὶ
831 1082 922 1132 ὑπὲρ
945 1084 1012 1121 τὸν
1043 1086 1211 1122 ἐνιαυτὸν
1243 1086 1331 1122 πλα-

248 1131 346 1173 νῷτο
370 1134 430 1164 καὶ
454 1129 628 1173 ἇλητεύοι,
652 1133 711 1164 καὶ
734 1130 784 1175 μὴ
807 1129 896 1178 πρὸς
911 1130 979 1175 τὴν
996 1131 1198 1176 ἐπισκοπὴν
1221 1134 1330 1167 ἐπαν-

249 1179 297 1208 ιόι
320 1174 389 1219 τὴν
418 1176 564 1218 οἰκείαν,
595 1173 686 1220 μηδὲ
716 1174 884 1220 βασιλική
915 1187 970 1211 τις
1002 1175 1126 1219 αὐτόν,
1159 1177 1330 1224 καθάπερ

250 1219 412 1255 εἰπόντες
430 1221 608 1266 ἔφθημεν,
632 1224 774 1275 κατέχοι
794 1220 958 1264 κέλευσις,
981 1224 1191 1265 τηνικαῦτα,
1214 1223 1246 1257 εἰ
1264 1225 1331 1266 μὲν
1344 1224 1531 1258 20t10nem
1557 1225 1779 1267 segregatum
1802 1223 1956 1267 regionis
1988 1223 2083 1259 illius

249 1265 301 1308 εἴη
325 1264 605 1312 μητροπολίτης,
637 1278 725 1313 προς
748 1266 816 1310 τὴν
840 1266 1136 1311 ἐκκλησιαστικὴν
1159 1267 1330 1309 εὐταξίαν

248 1309 397 1366 ἀφορῶν
421 1308 440 1346 ὁ
464 1312 530 1346 τοῦ
552 1310 719 1356 κλίιιατος
750 1310 970 1359 πατριάρχης
992 1311 1145 1348 καλείτω
1175 1314 1243 1357 μὲν
1269 1310 1328 1346 αὗ-

247 1369 314 1389 τον
342 1359 412 1390 τοῖς
435 1358 702 1402 νενομισμένοις
724 1354 941 1404 κηρύγμασι,
973 1355 1167 1413 φυλάττων
1191 1371 1328 1394 παντα-

248 1403 310 1443 χοῦ
335 1400 404 1445 τὴν
425 1403 503 1436 τῶν
526 1401 636 1446 ἱερῶν
656 1400 824 1437 κανόνων
844 1414 1111 1450 παρατηρησιν·
1143 1404 1174 1437 εἰ
1195 1401 1235 1437 δὲ
1255 1406 1328 1447 μεί·

1401 951 1472 987 sias
1489 952 1673 996 neglegere
1693 961 1808 996 neque
1824 962 1957 988 annum
1977 951 2159 996 excedere,
2208 962 2288 989 uem
2303 956 2341 990 et
2361 954 2479 1000 ipsum

1616 997 1623 1004 ‘
2221 998 2233 1033 i
2264 1008 2347 1035 vero
2382 999 2480 1035 ultra

1401 1052 1532 1077 annum
1557 1042 1727 1077 erraverit
1750 1046 1785 1077 et
1808 1042 2037 1088 dereliquerit
2061 1046 2095 1078 et
2128 1054 2200 1079 non
2224 1043 2270 1079 ad
2294 1043 2478 1089 episcopa·

1401 1090 1477 1122 tum
1512 1087 1719 1123 remeaverit
1750 1087 1957 1167 proprium,
1993 1098 2108 1133 neque
2138 1089 2330 1134 imperialis
2359 1088 2481 1133 aliqua

1401 1142 1500 1175 eum,
1537 1132 1631 1167 sicut
1661 1141 1748 1177 prae
1774 1132 1922 1178 iximus,
1959 1133 2116 1168 detineat
2143 1134 2274 1176 iussio,
2309 1136 2413 1178 tunc,
2449 1133 2481 1169 si

1401 1177 1542 1230 quidem
1566 1177 1613 1212 sit
1636 1177 1881 1222 metropolita,
1907 1178 2003 1214 circa
2027 1178 2306 1214 ecclesiasticam
2329 1178 2480 1224 disposi-

2144 1224 2326 1259 atriarcha
2358 1226 2482 1259 evocet

1399 1267 1540 1313 quidem
1564 1277 1645 1303 eum
1674 1267 1840 1311 legitimis
1870 1268 2115 1305 inclamationi
2141 1280 2200 1311 us,
2231 1279 2377 1305 servans
2401 1269 2480 1306 ubi·

1399 1323 1467 1357 que
1491 1323 1676 1348 sacrarum
1699 1313 1900 1357 regularum
1923 1314 2201 1358 observantiam;
2238 1315 2269 1350 si
2297 1324 2381 1350 vero
2404 1324 2479 1349 ma-

1398 1362 1483 1393 neat
1505 1368 1571 1403 per
1602 1358 1720 1393 omnia
1749 1358 1999 1401 inoboediens,
2035 1363 2071 1394 et
2101 1369 2144 1395 ex
2172 1360 2300 1395 ellatur
2322 1370 2345 1395 a
2375 1369 2479 1395 sacro

1398 1403 1646 1448 episcoporum
1678 1404 1787 1439 choro
1823 1406 1860 1438 et
1893 1404 2001 1439 alium
2035 1405 2128 1440 intro
2154 1408 2240 1440 ucat
2274 1404 2481 1440 huiusmodi

248 1460 319 1481 νειε
341 1449 444 1494 μέχρι
468 1446 605 1482 παντὸς
627 1444 813 1489 ἀπειθῶν,
842 1450 901 1481 καὶ
923 1448 1111 1489 ἐξωθεῖται
1136 1450 1198 1482 τοῦ
1225 1448 1329 1482 θείου
1343 1450 1384 1482 25
1399 1452 1435 1483 et
1468 1448 1683 1484 verecundia
1718 1451 1754 1483 et
1789 1449 1977 1485 honestate
2013 1449 2168 1502 dignum.
2215 1450 2255 1485 Si
2289 1459 2371 1486 vero
2406 1460 2478 1485 non

248 1493 330 1533 τῷν
359 1491 571 1527 ἐπισκόπων
604 1494 711 1539 χοροῦ
746 1495 804 1526 καὶ
840 1494 964 1540 ἕτερον
998 1491 1234 1541 ἀντειςαγέτω
1271 1494 1331 1536 τῆς

247 1538 310 1582 <Θ>
355 1534 522 1581 τοιαύτης
543 1535 661 1572 αἰδοῦς
687 1550 727 1572 τε
749 1540 808 1571 καὶ
835 1537 1050 1583 σεμνότητος
1072 1537 1184 1579 ἄξιον.
1283 1539 1330 1572 Εἰ

249 1582 288 1618 δὲ
309 1579 350 1617 οὗ
374 1581 654 1629 μητροπολίτης,
683 1580 771 1617 ἀλλὰ
794 1584 873 1618 τῶν
896 1581 1018 1618 ἄλλων
1040 1595 1094 1618 τις
1118 1582 1331 1619 ἐπισκόπων

248 1626 267 1663 ὁ
292 1626 527 1672 πλανώμενος
549 1628 614 1671 εἴη,
640 1629 757 1682 ταῦτα
781 1627 886 1683 παραὶ
902 1630 966 1663 τοῦ
989 1628 1254 1683 μητροπολίτου
1277 1642 1328 1676 γι-

1397 1493 1641 1538 metropolita,
1684 1493 1746 1529 sed
1781 1494 1932 1529 aliorum
1972 1504 2221 1540 eplscoporum
2257 1495 2385 1540 aliquis
2421 1495 2479 1538 sit,

1399 1538 1459 1583 qui
1482 1538 1664 1581 erraverit,
1689 1539 1778 1574 haec
1795 1540 1913 1574 omnia
1929 1549 1950 1574 a
1972 1540 2200 1586 metropolita
2223 1539 2323 1575 fiant.
2366 1540 2479 1575 Nemo

1398 1584 1490 1619 enim
1515 1594 1636 1619 eorum
1659 1584 1767 1620 talem
1791 1584 1964 1630 suscipiat
1993 1586 2236 1627 occasionem,
2270 1585 2302 1621 si
2325 1585 2481 1620 dixerint

1398 1633 1588 1674 propterea
1623 1629 1788 1674 proprias
1825 1630 2068 1675 derelinquere
2103 1631 2292 1674 ecclesias,
2330 1632 2481 1683 propter

247 1673 385 1727 νεξσθω.
431 1670 515 1706 οὐδὲ
541 1671 609 1720 γὰρ
633 1686 678 1706 αν
701 1685 755 1707 τις
785 1687 908 1708 avem
938 1687 1078 1728 ταυτην
1101 1672 1329 1727 προςδέξοιτο
1343 1677 1384 1709 30
1398 1675 1492 1720 quod
1523 1675 1637 1710 litium
1668 1684 1795 1718 causa,
1831 1678 1894 1710 aut
1924 1675 2073 1711 aliarum
2103 1686 2222 1711 rerum
2253 1685 2480 1721 propriarum

248 1732 315 1762 την
338 1717 533 1766 πρόφασιν,
557 1719 589 1752 εἰ
612 1717 748 1765 λέγοιεν
768 1716 827 1752 διὰ
850 1719 957 1754 τοῦτο
976 1731 1039 1754 τας
1061 1719 1204 1754 ἑαυτων
1220 1733 1328 1754 κατα-

248 1761 440 1808 λιμπάνειν
478 1761 680 1817 exul-natae,
718 1761 810 1799 διότι
847 1761 961 1798 δικῶν
995 1767 1116 1799 ἕνεκεν
1151 1762 1173 1809 ἢ
1207 1763 1329 1799 ἄλλων

247 1806 474 1855 πραγμάτων
508 1807 613 1843 ἰδίων
648 1822 670 1851 η
703 1809 752 1843 εἰς
786 1808 854 1865 την
892 1806 1100 1856 ἁγιωτάτην
1137 1808 1330 1853 ἐκκλησίαν

247 1852 424 1901 ὁρώντων
447 1855 700 1909 περινοστοῦσι
723 1856 783 1888 καὶ
815 1868 837 1898 η
867 1858 942 1889 τοῖς
964 1855 1131 1907 ἑνταζιθα
1155 1867 1327 1902 προςκαρ-

1397 1723 1461 1755 aut
1486 1720 1530 1755 ad
1554 1730 1676 1755 sacras
1698 1720 1869 1756 ecclesias
1888 1721 2154 1765 respicientium
2176 1721 2480 1764 circumlustrant,

1398 1769 1434 1800 et
1456 1765 1516 1800 hic
1540 1765 1725 1801 constituti
1750 1765 1946 1801 adhaerent
1969 1769 2032 1801 aut
2054 1766 2091 1801 in
2110 1766 2189 1801 aliis
2209 1765 2356 1801 veniunt
2378 1765 2479 1801 locis.

1397 1810 1475 1846 Hoc
1506 1810 1599 1846 enim
1631 1821 1702 1846 non
1734 1811 1844 1847 habet
1878 1810 2062 1846 decentem
2092 1811 2286 1854 rationem,
2322 1813 2364 1847 ut
2398 1821 2480 1846 cum

1401 1854 1645 1898 multitudine,
1679 1866 1783 1901 quam
1813 1864 1959 1892 necesse
1982 1860 2039 1892 est
2069 1856 2318 1902 episcoporum
2348 1856 2480 1892 habere

247 1901 411 1946 τεροῦσιν
442 1913 464 1942 η
499 1910 546 1933 εις
580 1899 718 1955 ἑτέρους
752 1896 989 1945 ἀφικνοῦνται
1023 1911 1163 1935 τοπους.
1217 1901 1328 1934 Τοῦτο
1343 1903 1384 1935 35
1397 1900 1611 1944 ministeria,
1643 1901 1798 1936 lustrent
1820 1912 1967 1947 peregre
1991 1905 2027 1937 et
2050 1901 2274 1947 expendant,
2306 1903 2342 1937 et
2365 1911 2480 1946 neque

247 1945 313 1991 γὰρ
340 1942 403 1978 οὐκ
425 1941 471 1979 ἂν
503 1946 577 1986 &ot
611 1957 800 1990 πρεποντα
831 1943 1011 1991 λογισμόν,
1047 1944 1090 1980 τὸ
1120 1943 1212 1990 μετὰ
1243 1939 1328 1989 πλή-

251 1991 355 2032 θους,
387 1986 478 2036 ὅπερ
508 1988 643 2037 ἀνάγκη
676 1987 739 2023 τὰς
761 1990 840 2023 τῶν
863 1989 1075 2025 ἐπισκόπων
1098 1991 1192 2033 ἔχειν
1215 1990 1326 2037 θερα·

249 2038 368 2076 πείας,
401 2037 628 2081 περινοστεῖν
651 2048 691 2068 τε
715 2035 755 2068 ἐν
778 2034 860 2082 ξένῃ
885 2038 943 2068 καὶ
969 2033 1149 2080 δαπανᾶν,
1180 2038 1240 2069 καὶ
1262 2048 1327 2080 μη-

249 2079 376 2124 δεμίαν
394 2084 472 2114 ταῖς
493 2076 712 2126 ἁγιωτάταις
732 2078 813 2113 έκκλ
837 2083 931 2115 σίαις
950 2083 1119 2127 παρέχειν
1141 2077 1329 2126 ὠφέλειαν,

249 2123 341 2169 μηδὲ
354 2124 446 2159 κατὰ
459 2124 501 2159 τὸ
515 2127 657 2171 πρέπον
670 2124 799 2171 ἱερεῦσι
813 2093 835 2159 3

837 2125 1046 2172 ιαγίνεσθαι
1060 2126 1187 2170 σχῆμα,
1201 2125 1330 2171 παρόν,
1346 2129 1388 2161 40

1398 1946 1510 1981 ullum
1535 1946 1771 1982 sanctissimis
1796 1947 1957 1982 ecclesiis
1986 1947 2159 1992 praebere
2181 1946 2343 1982 iuvemeu
2366 1956 2481 1991 neque

1395 1991 1592 2027 secundum
1628 1991 1722 2036 quod
1758 1992 1860 2027 decet
1889 1992 2093 2028 sacerdotes
2128 1991 2313 2037 proprium
2346 1992 2479 2027 habere

1396 2036 1572 2079 habitum3
1593 2039 1800 2082 praesente,
1822 2036 1853 2072 si
1873 2037 2046 2082 quaedam
2067 2037 2140 2073 sint
2158 2037 2239 2072 lites
2259 2036 2353 2072 forte
2375 2047 2479 2073 sauc-

293 2196 366 2227 cap.
390 2182 434 2216 II
451 2190 480 2216 et
501 2183 566 2216 III
584 2195 723 2216 summae
743 2190 854 2216 extant
878 2183 957 2217 Coa.
983 2183 1214 2216 LXXXVII
1233 2185 1330 2227 capit.
1353 2185 1372 2218 3
1396 2184 1485 2224 (inde
1506 2184 1638 2218 Nomoc.
1661 2184 1692 2217 L
1719 2184 1764 2217 tit.
1792 2185 1845 2224 13)
1870 2191 1899 2217 et
1919 2184 2051 2218 Nomoc.
2075 2184 2173 2218 XIV
2192 2185 2238 2218 tit.
2262 2185 2294 2226 8,
2319 2192 2347 2218 2.
2388 2210 2392 2211 γ

248 2250 302 2285 uti
321 2255 405 2285 ante
420 2249 591 2292 dioeimus,
608 2248 774 2302 probare
792 2254 959 2295 nequeat,
985 2255 1059 2285 tum
1081 2249 1183 2285 decet
1205 2257 1297 2293 eum,
1321 2251 1386 2296 qui
1404 2255 1458 2286 tot
1474 2250 1591 2286 modis
1607 2251 1733 2286 insons
1751 2251 1938 2297 apparuit,
1962 2250 2192 2296 adfuturam
2211 2250 2476 2287 ordinationem

248 2294 399 2330 admitti.

448 2294 543 2330 Nam
562 2306 624 2340 qui
648 2299 700 2330 tta
721 2294 925 2337 ordinat-ur,
955 2294 1089 2330 exinde
1117 2294 1277 2340 plurima
1301 2301 1336 2330 et
1358 2294 1610 2342 pulcherrima
1635 2300 1841 2342 praecepta
1864 2299 2059 2342 coqnoscet
2081 2306 2196 2342 neque
2218 2296 2256 2331 in
2281 2296 2393 2333 vitam
2413 2297 2477 2332 ἰηι-

250 2339 474 2376 moderatam
497 2339 695 2382 delabetur,
720 2350 798 2375 cum
824 2339 929 2376 talem
952 2339 1169 2386 sapientiam
1193 2343 1230 2375 et
1251 2339 1368 2376 verbis
1391 2344 1427 2376 et
1446 2340 1563 2392 sactis
1585 2339 1714 2375 doctus
1735 2341 1793 2376 sit.

382 2385 429 2420 II.
476 2383 597 2420 Porro
620 2384 714 2420 illud
734 2395 879 2431 quoque
901 2384 1051 2436 insuper
1079 2383 1287 2430 definimus,
1316 2396 1364 2420 ne
1391 2395 1474 2431 quas
1505 2395 1555 2420 ea·
1586 2384 1654 2420 deo
1685 2385 1883 2421 carissimis
1913 2396 1933 2420 e
1959 2384 2094 2437 iscqpis
2119 2385 2220 2431 foris
2249 2384 2295 2421 ab
2324 2384 2478 2422 ecclesia

247 2442 315 2466 sua
335 2430 432 2466 ultra
455 2430 634 2476 inteqrum
658 2440 793 2465 annum
817 2429 929 2472 absit,
953 2430 1023 2464 nisi
1044 2429 1147 2475 forte
1168 2429 1350 2476 imperiali
1372 2430 1474 2466 iussu
1496 2429 1537 2465 id
1553 2430 1625 2475 fiat
1647 2432 1736 2471 (tum
1759 2430 1852 2466 enim
1875 2441 1917 2466 so
1934 2441 1992 2465 um
2015 2441 2161 2478 impune
2183 2431 2270 2473 est).·
2304 2441 2348 2466 ac
2370 2440 2474 2473 sana-

250 2476 378 2512 tissimi
401 2474 641 2522 patriarchae
673 2474 845 2521 cuiusque
875 2474 1079 2510 dioeceseos
1107 2474 1173 2511 deo
1199 2475 1407 2510 carissimos
1429 2475 1623 2522 episcopos
1648 2476 1686 2511 in
1716 2475 1953 2512 sanctissimis
1975 2475 2136 2512 ecclesiis
2158 2475 2236 2511 suis
2259 2485 2479 2523 permanere

249 2525 385 2568 coqant
400 2532 464 2556 nec
482 2521 630 2567 tanqum
646 2520 716 2556 iter
733 2520 877 2567 inqredi
890 2520 1088 2566 patiantur
1101 2530 1166 2555 nec
1175 2531 1334 2567 pereqre
1353 2520 1440 2557 velle
1461 2520 1679 2555 commorari
1697 2531 1812 2566 neque
1827 2520 2076 2556 sanctissimas
2092 2520 2261 2556 ecclesias
2276 2520 2477 2567 neqleqere,

250 2577 365 2613 neque
388 2577 522 2602 annum
544 2564 740 2607 excedere,
764 2576 868 2611 quem
892 2564 1035 2611 quidem
1058 2566 1176 2611 ipsum
1192 2569 1354 2612 propter
1377 2564 1635 2600 humanitatem
1663 2565 1921 2600 constituimus.
1970 2564 2013 2600 Si
2034 2564 2199 2601 vero'vel
2219 2564 2319 2600 ultra
2343 2576 2476 2601 annum

252 2618 403 2658 vaqetur
425 2616 462 2647 et
484 2616 581 2646 erret
604 2620 669 2646 nec
692 2610 742 2645 ad
763 2610 1012 2656 episcopatum
1030 2621 1134 2646 suum
1149 2610 1286 2652 redeat,
1311 2621 1426 2662 neque
1445 2610 1494 2645 im
1521 2609 1645 2645 erialis
1664 2609 1790 2655 aliqua
1814 2609 1940 2651 iussio,
1957 2614 2072 2656 prout
2094 2614 2179 2645 ante
2201 2609 2373 2653 diximus,
2395 2621 2476 2646 eum

250 2657 424 2698 detineat,
459 2659 532 2691 tum
555 2655 654 2691 illius
677 2654 839 2701 reqionis
851 2654 1072 2701 patriarcha
1096 2654 1146 2691 ad
1167 2655 1446 2692 ecclesiastwam
1469 2621 1697 2701 fflczplinam
1720 2654 1917 2701 respiciens
1939 2665 2038 2697 eum,
2067 2653 2243 2700 siquidem
2267 2654 2475 2703 metropoli-

252 2707 359 2737 tanus
380 2701 440 2744 sit,
463 2701 582 2736 solitis
605 2699 836 2735 citationibus
859 2704 1013 2743 revocet,
1037 2700 1219 2736 custodita
1240 2711 1499 2747 usquequaque
1521 2710 1710 2735 sacrorum
1730 2710 1906 2735 canonum
1924 2698 2171 2736 observantia:
2194 2698 2326 2751 quodsi
2342 2711 2475 2753 perpe-

252 2752 313 2782 tuo
332 2750 478 2781 maneat
499 2756 573 2781 non
593 2745 794 2787 oboediens,
818 2749 855 2781 et
876 2740 1042 2792 expellat
1063 2756 1141 2781 eum
1157 2756 1265 2781 sacro
1290 2746 1544 2792 episcoporum
1564 2744 1676 2780 choro
1693 2749 1729 2781 et
1752 2744 1863 2779 alium
1882 2744 1920 2779 in
1941 2744 2019 2779 eius
2042 2744 2159 2780 locum
2177 2743 2351 2780 emsmodn
2375 2755 2474 2781 reve-

251 2792 370 2827 rentia
400 2795 436 2827 et
465 2791 646 2837 qravitate
669 2790 817 2837 diqnum
839 2790 1043 2826 substituat.
1092 2789 1159 2826 Sin
1183 2796 1301 2826 autem
1333 2791 1383 2833 is,
1416 2790 1480 2836 qui
1510 2794 1677 2836 vaqatur,
1708 2800 1783 2825 non
1805 2789 2125 2836 metropolitanus,
2157 2789 2223 2825 sed
2252 2801 2303 2826 ex
2324 2789 2476 2836 reliquis

251 2837 371 2883 episco
399 2836 431 2871 is
458 2837 522 2878 sit,
554 2835 642 2872 haec
665 2847 688 2870 a
710 2835 992 2882 metropolitano
1022 2836 1124 2881 fiant.
1173 2835 1299 2882 Neque
1329 2836 1422 2871 enim
1478 2835 1642 2881 uis-quam
1673 2833 1818 2870 illorum
1851 2845 1931 2870 eum
1959 2838 2194 2881 praetextum
2222 2834 2410 2877 admittat,
2440 2836 2475 2870 si

251 2893 350 2928 quan
377 2892 398 2918 o
422 2880 546 2917 dicant
568 2892 607 2916 se
636 2880 716 2916 ideo
741 2880 926 2916 ecclesiam
949 2892 1052 2916 suam
1074 2881 1299 2926 relinquere,
1332 2880 1433 2926 quod
1476 2881 1577 2916 itiam
1601 2879 1799 2915 aliorumve
1824 2880 2053 2926 neqotiorum
2078 2879 2319 2927 propriorum
2341 2885 2407 2915 aut
2425 2879 2476 2915 ad

253 2925 516 2962 sanctissimam
535 2925 719 2962 ecclesiam
737 2926 998 2972 pertinentium
1018 2927 1142 2972 qratia
1163 2926 1330 2962 oberrent
1350 2930 1386 2962 et
1405 2925 1462 2963 vel
1481 2925 1520 2961 in
1543 2924 1600 2961 his
1619 2924 1710 2960 locis
1733 2930 1995 2960 commorantes
2011 2929 2244 2972 perseverent
2265 2924 2322 2961 vel
2340 2925 2379 2960 in
2397 2925 2474 2961 alia

250 2983 290 3007 se
312 2972 517 3018 conferant.
566 2971 691 3017 Neque
715 2971 807 3007 enim
831 2970 870 3006 id
892 2972 1024 3007 iustam
1048 2972 1225 3008 rationem
1250 2970 1373 3014 habet,
1406 2982 1485 3006 cum
1508 2981 1642 3017 maqno
1667 2969 1848 3005 hominum
1871 2980 2037 3011 numero,
2069 2981 2172 3016 quem
2195 2980 2338 3006 necesse
2359 2973 2415 3008 est.
2434 2970 2473 3006 in

251 3017 504 3064 episcoporum
528 3016 726 3052 ministerio
750 3027 843 3058 esse,
874 3027 1029 3062 pereqre
1051 3017 1182 3062 vaqari
1204 3020 1239 3052 et
1261 3020 1426 3062 sumptus
1447 3016 1576 3062 facere
1605 3026 1672 3051 nec
1701 3014 1812 3050 ullam
1842 3015 2079 3050 sanctissimis
2101 3014 2260 3050 ecclesiis
2282 3014 2472 3051 utilitatem

706 3087 712 3095 r

1399 3087 1475 3118 add.
1503 3086 1552 3118 Κ*
1573 3090 1585 3126 fl
1608 3089 1647 3118 10
1673 3086 1918 3125 unuscujusque
1944 3086 1974 3116 lc
1996 3085 2010 3127 fl
2036 3085 2199 3117 dioceseos
2217 3085 2250 3117 R
2275 3084 2473 3117 dione-ineos

296 3090 315 3120 4
341 3087 547 3129 ἐμπεσεῖται
567 3088 598 3118 A
614 3087 626 3129 ll
645 3090 664 3119 ὃ
690 3090 782 3174 ἑῇψῳ
805 3098 844 3119 τε
868 3088 926 3118 naz
950 3084 1043 3131 λόγῳ
1060 3088 1090 3118 A
1106 3085 1119 3130 ΙΙ
1138 3088 1158 3120 8
1181 3083 1203 3128 ἢ
1227 3085 1328 3127 κατ’]
1398 3130 1453 3164 V,
1478 3129 1618 3163 diocesis
1636 3129 1692 3163 γε

251 3129 341 3185 ἥπερ
362 3132 392 3164 Α
422 3130 435 3174 ΙΙ
460 3126 545 3164 ὅλον
569 3143 627 3163 om.
649 3131 678 3164 A
749 3133 769 3164 9
800 3131 941 3176 γένοιτο
964 3132 994 3164 Α
1021 3130 1034 3174 ΙΙ
1068 3132 1107 3164 12
1132 3130 1274 3164 ἑαυτῶν
1297 3132 1328 3163 Α
1753 3131 1789 3163 11
1815 3129 1931 3162 inhere
1951 3129 1987 3162 V
1995 3130 2002 3149 ¹
2022 3128 2034 3172 ΙΙ

2054 3131 2092 3164 15
2116 3129 2168 3162 sin
2188 3127 2247 3173 Vn
2269 3131 2309 3163 16
2333 3131 2471 3170 annum]

253 3177 374 3210 αυτῶν
397 3176 468 3219 M!
493 3178 527 3209 17
551 3177 610 3208 καὶ
635 3188 692 3208 om.
713 3176 799 3216 Αίς)
822 3175 835 3219 ΙΙ
864 3177 904 3210 18
928 3171 1088 3217 ἀλητεύει
1111 3176 1142 3208 A
1168 3175 1180 3218 ΙΙ
1202 3177 1261 3208 καὶ
1280 3173 1330 3219 μὴ
1397 3176 1544 3208 animum
1563 3175 1612 3208 R¹
1638 3173 1645 3218 Ι
1681 3173 1721 3207 de
1736 3173 1859 3216 iquerit
1883 3173 1935 3207 V·
1967 3173 1979 3217 ΙΙ
2007 3175 2050 3207 20
2079 3176 2265 3216 segregatos
2288 3173 2326 3207 V
2332 3176 2340 3195 ¹
2363 3184 2471 3217 segre·

252 3223 350 3262 Α(ς)]
375 3223 434 3254 καὶ
457 3217 547 3264 μήτε
563 3221 605 3253 Μ
618 3219 630 3265 ΙΙ
649 3223 691 3254 20
715 3222 852 3262 κατέχει
867 3221 896 3254 Α
915 3219 928 3264 ΙΙ
944 3222 986 3254 24
1012 3222 1155 3264 *μείνοι
1169 3221 1214 3253 M
1228 3222 1330 3263 μένοι
1396 3223 1495 3262 gatus
1514 3220 1551 3253 V
1557 3219 1572 3240 ³
1594 3218 1607 3264 ΙΙ
1632 3219 1639 3226 ’
1657 3219 1710 3252 lus
1731 3219 1953 3262 patriarcham
1976 3221 2110 3252 reuocet
2134 3219 2172 3253 V
2178 3220 2189 3240 ¹
2216 3218 2229 3263 ΙΙ
2258 3219 2298 3253 21
2325 3218 2470 3261 quidem]

254 3268 283 3298 A
305 3266 375 3309 1125
399 3265 600 3306 ἐξωθείτω]
625 3276 664 3298 ex
689 3265 809 3298 ellatur
831 3277 849 3302 ς
864 3264 877 3309 ΙΙ
896 3267 939 3299 29
959 3265 1089 3307 ταῦτα]
1114 3266 1195 3298 haec
1218 3266 1330 3298 omnia
1398 3265 1487 3308 quod
1511 3264 1549 3299 V
1550 3263 1564 3284 ²
1586 3264 1599 3308 ΙΙ
1624 3264 1665 3298 23
1696 3266 1729 3297 et
1751 3277 1810 3298 om.
1835 3263 1869 3298 V
1890 3264 1975 3308 vulq.
1998 3265 2011 3308 ΙΙ
2038 3265 2079 3297 25
2111 3266 2144 3297 et
2167 3263 2368 3297 uerecundia
2388 3262 2469 3304 RV]

254 3323 287 3349 ς;
313 3312 373 3353 [ey.
398 3307 536 3344 ταύτὰῗ
558 3309 572 3355 u
590 3312 632 3345 30
679 3309 794 3350 έξοιτο
814 3311 844 3344 A
860 3309 873 3354 ΙΙ
892 3312 934 3344 33
958 3307 1024 3352 τὴν
1047 3306 1252 3356 ἁγιωτάτην
1275 3312 1328 3345 ἐκ·
1397 3310 1586 3343 reuerentia
1609 3311 1642 3342 et
1662 3308 1863 3342 uerecundia
1883 3309 1969 3352 vulq.
1988 3307 2001 3353 ΙΙ
2018 3311 2059 3344 28
2087 3309 2116 3342 si
2139 3321 2197 3343 om.
2218 3309 2267 3342 R·
2285 3308 2356 3352 [30
2371 3317 2470 3343 caua

1399 3354 1482 3396 VT]
1505 3363 1620 3388 causas
1639 3354 1673 3388 R
1695 3353 1810 3399 valan
1835 3355 1877 3389 32
1900 3354 2055 3395 ueniunt]
2080 3354 2220 3387 ueni-nt
2237 3352 2285 3386 12¹
2308 3355 2470 3391 uenerant

1398 3401 1447 3434 Β*
1468 3399 1606 3432 ueniant
1618 3398 1758 3433 R²V²T
1770 3398 1783 3445 ΙΙ
1798 3400 1842 3434 33
1862 3400 1942 3439 non]
1964 3399 1992 3431 si
2012 3408 2079 3432 non
2092 3395 2202 3442 R¹Tu
2218 3398 2260 3431 34
2278 3396 2468 3430 multitudi-

1398 3456 1472 3478 nem
1498 3444 1535 3478 V
1543 3445 1556 3487 ΙΙ
1574 3444 1790 3487 *episcopum
1815 3444 1892 3479 libri
1915 3442 1928 3488 ΙΙ
1952 3446 1994 3478 35
2018 3443 2230 3477 minister-0·
2250 3441 2297 3479 ‚V
2302 3442 2313 3463 ¹
2339 3440 2353 3487 Β
2374 3451 2466 3484 pere-

1397 3499 1491 3532 regre
1512 3489 1551 3523 V
1555 3489 1564 3509 ¹
1582 3487 1596 3532 Ι
1611 3488 1997 3531 (lupum—morunt
2020 3490 2105 3530 41,1
2129 3489 2161 3521 in
2185 3499 2251 3520 ras.
2275 3487 2297 3520 2
2321 3498 2467 3521 versuumn

1396 3548 1459 3569 ser.
1472 3534 1532 3576 R’,
1545 3536 1669 3568 ominis
1677 3535 1782 3569 verbis
1792 3533 1948 3577 praebere
1961 3536 2004 3568 36
2018 3551 2059 3558 -
2070 3531 2215 3566 ecclesii·
2226 3533 2280 3573 41,
2293 3533 2307 3565 l
2326 3530 2340 3575 Ι
2357 3532 2400 3566 36
2413 3531 2466 3565 ul-

1396 3579 1479 3621 lum]
1498 3578 1630 3612 nullum
1644 3578 1681 3613 V
1697 3579 1827 3613 luorum
1840 3578 1948 3612 ullum
1960 3577 2041 3620 R(²)
2058 3576 2071 3620 Ι
2085 3575 2240 3616 ecelesiis]
2260 3576 2344 3609 uiris
2361 3576 2465 3610 eoele-

1395 3625 1454 3658 nii·
1473 3624 1511 3659 V
1518 3624 1529 3644 ¹
1575 3626 1617 3658 37
1638 3623 1837 3658 sacerdotem
1860 3623 1898 3658 V
1916 3623 1930 3668 fl
1946 3625 1987 3658 38
2007 3620 2168 3661 habitum]
2190 3620 2340 3654 habitum
2357 3631 2464 3655 sacer·

1395 3669 1504 3703 dotem
1568 3668 1576 3688 ¹
1591 3668 1606 3714 ss
1624 3669 1833 3713 *praesentel
1855 3667 2046 3712 praesertim
2070 3666 2147 3701 libri
2164 3667 2252 3709 (oum
2269 3665 2369 3700 licoat
2386 3668 2465 3705 add,

1395 3715 1496 3761 vuly.)

254 3352 413 3396 κλησίαν]
438 3366 544 3389 sacras
560 3355 712 3389 eeclesias
727 3367 746 3391 ς
764 3356 776 3398 ΙΙ
793 3357 835 3389 36
856 3352 938 3400 γὰρ]
956 3352 996 3388 δὲ
1007 3356 1039 3389 A
1054 3355 1066 3400 ΙΙ
1085 3357 1128 3390 38
1147 3352 1329 3397 δαπανᾶν]

254 3398 314 3432 τὰς
327 3397 522 3444 προσόδους
535 3402 612 3434 add.
621 3402 650 3434 A
658 3399 672 3446 ΙΙ
681 3403 723 3435 40
731 3398 849 3446 παρὸν
856 3401 1134 3445 -ζητουμένων
1142 3403 1197 3444 41,
1204 3403 1224 3435 5
1232 3413 1290 3434 om.
1299 3403 1329 3435 A

303 3489 317 3522 1
355 3488 572 3531 inculpabiles
606 3490 650 3523 R¹
678 3489 691 3535 ΙΙ
722 3491 742 3524 2
771 3490 851 3531 quia
876 3489 909 3523 V
914 3490 922 3509 ¹
951 3489 963 3532 ΙΙ
994 3492 1013 3523 5
1044 3493 1077 3523 et
1107 3489 1210 3524 uerbo
1239 3489 1314 3523 RV
1315 3491 1328 3531 ]

256 3532 355 3565 uerbo
374 3534 429 3566 vul
452 3559 459 3566 .
477 3533 490 3578 fl
506 3535 664 3577 corporis]
688 3538 721 3568 et
743 3534 890 3578 corporis
910 3534 982 3568 RV
985 3534 1007 3569 ³.
1030 3535 1158 3569 seclusi
1173 3534 1186 3580 ΙΙ
1201 3535 1329 3578 sapien-

256 3578 334 3610 tiam
349 3548 448 3611 1²⁰1?
449 3577 463 3622 ΙΙ
482 3581 503 3612 6
526 3579 689 3612 defuimus
704 3579 762 3624 Ru
781 3581 799 3613 7
822 3589 921 3622 quam
934 3579 1033 3624 vala]
1058 3582 1117 3614 aut
1139 3581 1173 3614 R
1198 3593 1260 3611 ..ο
1276 3579 1314 3614 V
1319 3580 1329 3601 ¹

255 3632 353 3664 quam
375 3632 434 3665 per
458 3622 494 3657 V
497 3622 510 3643 ⁸
571 3634 658 3657 anno
687 3627 757 3657 toto
781 3624 831 3658 12¹
861 3623 876 3670 ΙΙ
903 3625 924 3659 8
955 3624 1063 3659 deense
1085 3626 1192 3671 suppl.
1217 3625 1272 3660 1²²
1295 3627 1328 3659 in

255 3674 339 3711 spat.
360 3679 452 3708 vac.,·
477 3668 553 3700 add.
579 3668 695 3702 debeat
718 3683 755 3703 m.
775 3682 838 3704 rec.
860 3672 894 3704 in
914 3667 958 3713 V,
984 3670 1106 3703 audant
1129 3671 1215 3715 vuly.
1241 3669 1328 3714 'per

256 3714 318 3748 hoo
342 3711 376 3747 V
399 3711 412 3758 Ι
441 3712 645 3756 imperi-o·-
667 3713 703 3747 V
711 3715 720 3734 ¹
748 3715 761 3758 u
789 3716 810 3749 9
838 3715 1083 3757 sacratissimos]
1112 3718 1222 3749 autem
1246 3728 1271 3749 ι.
1297 3728 1327 3750 υ.
