2580 3984
1980 149 2040 179 DE
2068 147 2452 181 ARGENTARIORUM

1294 134 1378 182 692

226 255 380 299 φρονεῖν.
429 249 508 284 ἀλλ’
536 250 572 283 εἴ
597 262 633 284 τι
664 251 805 303 γένοιτο
831 250 972 283 τοιοῦτο
1000 246 1210 293 σύμφωνον,
1244 247 1378 288 ἐξέστω
1410 245 1530 281 αὐτοῖς
1563 250 1623 281 καὶ
1651 246 1745 281 κατὰ
1769 243 1915 291 πρώτου
1934 247 1998 281 τοῦ
2018 245 2252 291 μανδάτωρος
2276 249 2335 279 καὶ
2358 246 2451 280 κατὰ

226 299 287 331 τοῦ
310 297 480 341 έγγυητοῦ
501 298 562 328 καὶ
584 308 678 328 κατα
702 295 779 328 τῶν
804 292 928 327 ἄλλων
952 293 1157 339 προςιόπων
1180 295 1328 338 χωρεῖν·
1354 289 1443 327 ὥςτε
1467 294 1498 326 εἰ
1520 294 1588 336 μὲν
1612 291 1661 335 μὴ
1684 294 1886 337 γέγραπται
1910 289 2118 336 σύμφωνον,
2143 291 2292 326 πάντως
2308 293 2452 337 κρατεῖν

224 344 283 375 καὶ
308 341 363 374 ἐπ’
391 338 510 374 αὐτοῖς
533 340 601 382 τὴν
626 338 805 382 διάταξιν,
829 340 861 372 εἰ
885 337 923 373 δὲ
945 342 1145 385 γέγραπται
1166 338 1208 372 τὸ
1233 337 1444 382 σύμφωνον,
1469 337 1561 371 εἶναι
1592 336 1634 371 τὸ
1658 337 1850 378 κανονίζον
1872 335 1915 369 τὸ
1939 336 2171 384 συνάλλαγμα
2194 333 2364 370 κάκεῖθεν
2387 335 2452 370 τὰς

224 384 418 432 εἰςπράξεις
442 384 655 430 ἐπάγεσθαι.

1215 428 1371 464 CAPUT
1395 428 1442 462 ΙΙ.

358 496 535 542 Δεύτερον
560 494 600 529 δὲ
623 492 743 530 αὐτοῖς
762 492 960 540 κεφάλαιον
984 487 1031 537 ἧν
1053 494 1096 529 τὸ
1122 496 1185 538 τῆς
1208 494 1315 537 ἄλλης
1335 495 1554 540 ἐξαιρέσεως,
1578 490 1625 536 ἣν
1649 491 1777 539 πρώην
1802 492 2032 536 ἐποιήσαμεν,
2056 489 2162 535 ἡνίκα
2185 504 2238 527 τις
2266 491 2449 538 προεστὼς

224 539 376 588 ἀργύρου
413 543 591 588 τραπέζης
627 539 860 586 στρατεύοιτο
900 538 923 594 ἢ
947 540 1031 574 τοὺς
1058 540 1204 574 οἰκείους
1231 538 1363 574 παῖδας
1394 537 1665 584 στρατεύσειεν,
1697 535 1785 572 ὤςτε
1812 537 1861 581 μὴ
1894 536 2080 571 δύνασθαι
2107 536 2340 582 ἀποχρῆσθαι
2368 538 2448 572 τοὺς

223 590 523 631 στρατευομένους
553 584 677 619 αὐτῶν
708 583 857 627 παῖδας,
888 597 935 619 ως
962 584 1009 628 μὴ
1041 587 1079 618 ἐκ
1111 584 1298 629 πατρῴων
1329 587 1655 629 στρατευσαμένους
1682 583 1876 638 χρημάτων
1900 578 1922 625 ἢ
1947 582 2130 627 ἑτέρωθεν
2161 581 2279 617 αὐτοῖς
2303 595 2446 627 πεπορι-

223 635 380 676 σμένων,
405 627 487 665 ἄλλ’
515 633 553 664 ἐκ
576 632 653 664 τῶν
678 629 939 664 δανεισάντων.
987 633 1046 663 καὶ
1070 627 1210 676 ᾔτησαν
1230 633 1290 663 καὶ
1310 628 1411 663 aizoi
1435 627 1456 672 ἢ
1481 627 1571 672 μηδὲ
1590 627 1646 662 ἐπ’
1673 631 1791 661 αυτοῖς
1813 626 1936 673 χώραν
1959 630 2053 669 ἔχειν
2075 626 2142 670 τὴν
2164 628 2336 669 τοιαύτην
2360 627 2447 674 πρό-

223 677 334 722 ληψιν
373 674 395 720 ἢ
425 679 485 710 καὶ
510 674 629 709 αὐτοῖς
659 673 705 709 τὰ
739 673 831 708 αὐτὰ
861 672 1032 720 ὑπάρξαι,
1065 674 1152 708 ω’ςτε
1181 675 1217 708 εἴ
1241 686 1294 709 τις
1327 671 1475 708 δανεισά
1506 684 1583 708 ενος
1610 672 1694 718 παρ’
1731 671 1855 707 αὐτῶν
1882 669 2157 716 στρατεύοιτοῆ
2188 676 2248 705 καὶ
2277 672 2314 706 οἱ
2340 671 2447 707 αὐτοῦ

223 720 358 765 παῖδες,
382 724 442 754 καὶ
464 720 514 765 μὴ
538 719 714 775 δυνηθείη
739 720 923 765 ἑτέρωθεν
947 718 1052 754 λῦσαι
1077 719 1119 754 τὸ
1144 718 1301 765 ὄφλημα,
1325 722 1384 753 καὶ
1410 721 1448 752 ἐκ
1469 688 1697 765 δῖαπράσεως
1720 719 1783 761 τῆς
1807 716 1915 751 αὐτοῦ
1937 715 1959 759 ἢ
1981 718 2041 759 τῆς
2065 717 2142 750 τῶν
2164 716 2311 751 παίδων
2342 729 2447 762 στρα-

222 771 318 801 τείας
349 767 392 800 τὸ
426 765 554 800 ἱκανὸν
586 768 706 800 αυτοῖς
735 765 917 811 γίνεσθαι.
966 762 1062 807 ἡμεῖς
1089 768 1214 798 τοίνυν
1245 764 1327 798 οὔτε
1356 761 1480 799 ἁπλῶς
1510 762 1576 798 τὸν
1599 761 1715 807 νόμον
1738 763 1972 804 τεθείκαμεν,
2005 759 2097 794 ἀλλὰ
2121 761 2213 804 μετὰ
2236 763 2299 805 τῆς
2322 773 2448 841 ergoet]-

223 810 351 853 κούσης
381 809 678 856 παρατηρήσεως,
711 811 792 844 ούτε
825 806 1046 854 ἀνατρέπειν
1077 805 1190 843 αὐτὸν
1221 808 1354 856 ῥᾳδίως
1376 807 1619 853 ὑπομένομεν,
1652 805 1742 841 ἀλλὰ
1766 808 2011 851 θεσπίζομεν,
2043 805 2236 850 κρατούσης
2258 807 2321 850 τῆς
2377 810 2449 841 είας

224 856 418 896 διατάξεως
449 859 508 889 καὶ
539 857 602 896 τῆς
632 854 846 900 προλήψεως
875 853 1008 897 ταύτης
1035 855 1096 897 ’τῆς
1126 851 1203 888 κατ’
1230 855 1352 889 αὐτῶν
1384 858 1578 900 φερομένης
1608 853 1700 887 κατὰ
1723 851 1791 895 τὴν
1815 853 1926 886 θείαν
1947 849 2110 891 διάταξιν
2134 848 2196 885 οὐκ
2218 850 2448 899 ἀνῃρημένης,

223 900 318 935 διότι
343 900 488 935 δοκοῦσι
511 899 654 934 πολλοῖς
677 899 943 944 συμβάλλοντες
968 897 1031 933 οὐκ
1057 900 1094 940 ἐξ
1118 900 1260 933 οἰκείων
1285 895 1434 934 ἅπαντα
1458 898 1632 944 πράττειν
1655 896 1868 942 χρημάτων,
1901 898 1994 939 ἔχειν
2017 899 2076 929 καὶ
2101 892 2227 930 αὖτοὺς
2246 897 2314 940 τὴν
2335 895 2449 940 αὐτὴν

223 950 443 990 προνομίαν,
470 942 565 979 ὥστε
588 945 624 978 εἴ
642 957 694 979 τις
718 942 952 990 στρατεύοιτο
974 942 997 987 ἢ
1020 944 1056 978 οἱ
1079 941 1191 978 αὐτοῦ
1216 942 1357 987 παῖδες,
1388 944 1457 987 τὴν
1481 946 1548 988 μὲν
1572 941 1680 977 αὐτοῦ
1706 946 1900 987 στρατείαν
1925 940 2143 975 ὑποκεῖσθαι
2167 940 2332 984 πάντως,
2356 941 2391 974 εἴ
2408 955 2447 986 γε

222 993 300 1025 τῶν
331 993 638 1035 πιπρασκομένων
666 990 737 1032 εἴη,
770 987 902 1031 ὁμοίως
932 987 971 1023 δὲ
1004 987 1047 1032 δὴ
1079 992 1138 1023 καὶ
1166 988 1234 1032 τὴν
1258 991 1334 1024 τῶν
1358 988 1515 1032 παίδων,
1547 988 1643 1031 πλὴν
1663 989 1692 1022 εἰ
1718 988 1766 1032 μὴ
1791 986 1952 1029 δειχθείη
1973 989 2033 1020 καὶ
2057 989 2338 1032 προφανέστατα
2362 984 2444 1030 παρ’

224 1033 363 1075 αὐτῶν,
391 1037 439 1070 ὠς
466 1032 488 1078 ἢ
520 1037 558 1068 ἐκ
583 1034 752 1080 μητρῴας
778 1038 855 1069 τῶν
886 1033 1033 1069 παίδων
1065 1030 1227 1078 οὖσίαςῆ
1257 1037 1295 1068 ἐκ
1318 1034 1503 1078 βασιλικῆς
1527 1033 1731 1078 φιλοτιμίας
1754 1029 1775 1076 ἦ
1800 1035 1970 1077 στρατεία
1990 1035 2218 1077 περιγέγονεν
2243 1028 2370 1066 αὐτοῖς.
2419 1033 2449 1065 εἰ

221 1081 291 1126 γὰρ
322 1078 386 1114 οὐκ
415 1082 529 1122 ἔχοιεν
561 1079 665 1113 λύσιν
692 1081 820 1125 ἑτέραν
849 1081 913 1113 τοῦ
944 1077 1168 1125 ὀφλήματος,
1201 1081 1400 1123 τηνικαῦτα
1432 1081 1470 1112 ἐκ
1497 1081 1558 1122 τῆς
1582 1082 1770 1123 στρατείας
1793 1078 1870 1111 τῶν
1893 1075 2039 1111 παίδων
2062 1076 2104 1110 τὸ
2130 1076 2256 1110 ἱκανὸν
2278 1077 2449 1122 γίνεσθαι

221 1129 294 1159 τοῖς
321 1123 474 1178 ,ἀργύρου
505 1125 708 1170 προεστῶσι
739 1127 925 1178 τραπέζης.
975 1122 1027 1170 ἐφ’
1063 1122 1117 1158 ὡν
1149 1123 1193 1167 δὴ
1225 1126 1355 1159 τοῦτον
1382 1125 1536 1168 τίθεμεν
1566 1124 1635 1158 τὸν
1658 1122 1774 1167 νόμον
1798 1119 2049 1156 ἀντιτιθέντες
2071 1123 2178 1174 τοῦτο
2201 1122 2246 1167 τῇ
2271 1121 2370 1166 παρὰ
2387 1123 2449 1164 τῆς

226 144 333 186 Nov.
355 141 575 186 CXXXVI
609 142 713 181 1-3

2475 723 2515 754 10

2475 946 2514 978 15

223 1169 419 1211 διατάξεως
443 1169 642 1215 προλήψει·
689 1173 748 1203 καὶ
777 1182 894 1214 ωςπερ
926 1169 1132 1224 ἐκείνηπὴν
1153 1171 1340 1214 εἰρημένην
1364 1168 1550 1215 πρόληψιν
1573 1166 1649 1203 κατ’
1677 1165 1801 1202 αὐτῶν
1825 1166 2030 1210 ἐποιήσατο,
2055 1163 2153 1200 ου’τω
2177 1170 2237 1199 καὶ
2261 1165 2357 1221 ἡμεῖς
2381 1164 2449 1209 τὴν
2472 1171 2513 1203 20

223 1215 423 1250 ἀντίθετον
456 1214 565 1258 αύτης
597 1215 802 1270 θεραπείαν
827 1213 989 1249 διδόντες
1011 1226 1136 1259 μονοις
1155 1218 1228 1249 τοῖς
1252 1217 1316 1249 τοῦ
1335 1215 1518 1259 εἰρημένου
1542 1212 1765 1257 συστήματος
1784 1211 2074 1258 φιλοτιμούμεθα
2096 1210 2155 1245 διὰ
2182 1211 2223 1246 τὸ
2243 1224 2366 1245 κοινον
2389 1212 2449 1253 τῆς

223 1257 347 1295 αὐτῶν
376 1259 608 1302 λυσιτελείας,
641 1260 686 1303 ἣν
716 1263 935 1307 παρέχονται
966 1264 1039 1294 τοῖς
1069 1259 1359 1305 συναλλάγμασι,
1388 1259 1531 1294 πολλοῖς
1559 1258 1768 1303 ὁμιλοῦντες
1795 1255 1973 1292 κινδύνοις
2004 1258 2064 1291 ἵνα
2096 1257 2161 1290 τὰς
2181 1256 2315 1302 ἑτέρων
2339 1256 2448 1301 θερα-

222 1305 394 1340 πεύσαιεν
411 1309 538 1352 χρείας.

1209 1350 1365 1385 CAPUT
1394 1349 1458 1385 III.

208 1458 211 1460 ,
357 1414 511 1452 Κᾶκεῖνο
541 1420 664 1458 μέντοι
690 1415 758 1451 ούκ
786 1416 860 1452 ἄπο
891 1418 1028 1463 τρόπου
1055 1417 1171 1464 λέγειν
1198 1416 1339 1460 ἔδοξαν,
1369 1413 1417 1451 οἷς
1447 1416 1477 1450 εἰ
1501 1413 1707 1450 δανείσειάν
1729 1428 1803 1449 τινι
1826 1411 1849 1458 ἢ
1871 1418 1930 1449 καὶ
1954 1413 2162 1460 φθάσαντες
2186 1412 2378 1448 ἐδάνεισαν
2402 1414 2449 1449 εἷς

222 1460 419 1509 ἆγορασίαν
443 1463 671 1509 πραγμάτων
694 1464 810 1497 τινῶν
833 1465 992 1507 κινητῶν
1015 1461 1038 1505 ἢ
1059 1460 1261 1506 ἀκινήτων,
1292 1466 1352 1496 καὶ
1376 1462 1488 1508 ῥητὸν
1507 1464 1652 1506 χρυσίον
1677 1458 1791 1503 δοῖεν,
1823 1464 1882 1494 καὶ
1907 1462 1944 1493 ἐκ
1968 1461 2045 1494 τῶν
2068 1457 2344 1494 δανεισθέντων
2366 1473 2446 1503 χρη·

222 1508 350 1551 μάτων
368 1508 521 1551 κτηθείη
545 1507 588 1542 τὸ
614 1509 774 1554 πρᾶγμα,
799 1507 953 1543 πάντων
979 1505 1107 1542 αὐτοὺς
1130 1511 1190 1542 έπὶ
1209 1509 1263 1551 τῷ
1285 1504 1384 1551 αύτῷ
1405 1504 1591 1553 πράγματι
1615 1506 1811 1551 κυριώτερα
1834 1510 1927 1548 ἐχειν
1951 1503 2084 1546 δίκαια,
2109 1503 2232 1548 καὶμὴ
2251 1505 2450 1550 πειρᾶσθαι

221 1551 394 1597 μηδεμιᾶς
426 1551 660 1600 διαστροφῆς,
703 1550 785 1586 ἀλλ’
810 1554 909 1599 εἴπερ
934 1551 1164 1594 άποδείξαιεν
1196 1550 1288 1587 ὅλως
1308 1554 1346 1586 ἐκ
1370 1554 1446 1587 τῶν
1469 1551 1664 1597 χρημάτων
1688 1547 1811 1585 αὐτῶν
1835 1552 1940 1585 τοῦτο
1964 1551 2101 1593 κτηθὲν
2119 1552 2179 1583 καὶ
2202 1549 2250 1592 μὴ
2276 1548 2448 1584 δύναιντο

222 1598 265 1631 τὸ
292 1597 419 1632 ἱκανὸν
442 1596 503 1631 διὰ
524 1596 718 1653 χρημάτων
744 1599 891 1641 ποιῆσαι
917 1596 1037 1632 αὐτοῖς
1060 1598 1095 1632 οἱ
1118 1596 1382 1640 δανεισάμενοι,
1403 1595 1491 1631 αὐτὸ
1509 1597 1552 1630 τὸ
1570 1597 1719 1642 πρᾶγμα
1736 1596 1779 1629 τὸ
1797 1597 1835 1629 ἐκ
1852 1596 1929 1630 τῶν
1947 1596 2143 1640 χρημάτων
2160 1592 2283 1629 αὐτῶν
2301 1592 2449 1638 ὠνηθὲν

223 1643 513 1687 προςκυροῦσθαι
546 1646 682 1685 αυτοῖς,
714 1640 841 1677 ώςανεῑ
868 1647 945 1677 ταῖς
975 1646 1043 1687 μὲν
1068 1642 1255 1686 ἀληθείαις
1279 1639 1362 1689 παρ’
1389 1639 1513 1676 αὐτῶν
1537 1639 1765 1688 ἀγορασθέν,
1798 1640 1904 1686 ψιλῆς
1927 1640 1966 1674 δὲ
1990 1643 2221 1686 προςηγορίας
2240 1640 2447 1682 ἐντεθείσης

222 1689 284 1729 τῆς
314 1688 379 1720 τοῦ
410 1688 624 1740 ἐωνημένον.
672 1685 756 1721 οὐδὲ
784 1688 853 1743 γὰρ
886 1685 1029 1722 δίκαιόν
1061 1690 1137 1722 ἐστι
1170 1687 1253 1722 τοὺς
1276 1688 1323 1722 τὰ
1354 1688 1466 1721 οἰκεῖα
1489 1684 1653 1732 χρήματα
1678 1689 1905 1730 προϊεμένους
1923 1685 1973 1730 μὴ
1998 1689 2058 1719 καὶ
2082 1686 2231 1731 πρώτην
2254 1688 2314 1718 καὶ
2337 1682 2445 1728 ἀναμ-

224 1730 441 1776 φιςβήτητον
464 1732 571 1772 ταξιν
592 1733 652 1766 ἐπὶ
676 1735 749 1766 τοῖς
773 1733 949 1775 ωνηθεῖσι
975 1730 1186 1778 πράγμασιν
1210 1733 1313 1775 ἔχειν,
1336 1731 1454 1776 μόνον
1474 1732 1573 1775 εἴπερ
1592 1728 1781 1774 ὑποθήκης
1802 1733 1942 1777 γένοιτο
1967 1732 2006 1764 ἐν
2029 1733 2102 1764 τοῖς
2119 1729 2307 1776 ἐγγράφοις
2321 1729 2449 1763 συναλ-

222 1876 295 1922 ipsi
317 1887 341 1911 a
364 1876 444 1922 leqe
468 1875 556 1911 data
578 1878 665 1911 sunt
687 1879 920 1912 contemnere.
968 1875 1042 1911 Sed
1063 1876 1095 1911 si
1119 1875 1217 1922 quod
1238 1875 1413 1911 eiusmodi
1432 1878 1579 1923 pactum
1599 1875 1686 1920 fiat,
1717 1875 1824 1911 liceat
1846 1875 1890 1910 iis
1906 1874 2068 1921 primum
2091 1877 2126 1910 et
2148 1874 2394 1910 mandatorem
2416 1879 2451 1910 et

220 1922 470 1966 fideiussorem
501 1925 535 1956 et
558 1926 696 1957 ceteras
712 1931 896 1967 personas
917 1921 1126 1957 convenire:
1150 1925 1191 1956 ut
1212 1921 1244 1956 si
1266 1921 1407 1967 quidem
1428 1924 1576 1967 pactum
1605 1920 1779 1966 scriptum
1805 1931 1880 1955 non
1902 1923 1967 1963 est,
1993 1919 2136 1954 omnino
2160 1919 2267 1954 etiam
2291 1920 2329 1955 in
2351 1920 2450 1966 ipsos

223 1966 429 2002 constitutio
447 1966 577 2008 valeat,
592 1966 648 2001 sin
664 1970 782 2001 autem
797 1967 971 2012 scriptum
989 1970 1043 2001 est
1052 1969 1212 2012 pactum,
1229 1970 1437 2001 contractus
1448 1976 1612 2001 normam
1621 1969 1782 2011 praestet
1795 1969 1904 2011 atque
1915 1964 1998 2000 inde
2009 1965 2217 2000 exactiones
2229 1965 2448 2010 inferantur.

357 2011 403 2045 11.
431 2010 633 2046 Secundum
657 2015 775 2045 autem
799 2011 872 2046 illis
895 2015 1007 2056 caput
1029 2014 1110 2046 erat
1132 2011 1177 2046 de
1200 2011 1316 2057 altera
1340 2011 1565 2056 exceptione,
1590 2021 1698 2055 quam
1722 2020 1838 2056 nuper
1859 2010 2022 2055 fecimus,
2045 2008 2190 2054 quando
2214 2010 2294 2055 quis
2317 2020 2448 2055 arqen-

225 2055 342 2091 tariae
365 2066 507 2091 mensae
523 2055 760 2101 praepositus
783 2055 910 2090 militet
932 2055 987 2090 vel
1005 2055 1103 2099 filios
1124 2065 1211 2090 suos
1233 2055 1391 2090 militare
1411 2056 1552 2100 faciat:
1575 2054 1673 2099 quod
1694 2054 1889 2089 militantes
1911 2055 2071 2100 ipsorum
2092 2053 2162 2097 filii
2185 2064 2228 2089 ea
2252 2054 2305 2089 uti
2320 2065 2449 2100 neque-

222 2107 298 2143 ant,
322 2100 428 2145 quasi
450 2111 524 2135 non
548 2110 597 2135 ex
613 2105 773 2145 paterna
794 2100 951 2146 pecunia
972 2099 1028 2135 vel
1051 2099 1198 2135 aliunde
1221 2099 1266 2134 iis
1289 2099 1484 2144 adquisita,
1507 2098 1572 2134 sed
1583 2109 1633 2134 ex
1648 2098 1866 2134 creditorum
1875 2099 2034 2145 pecunia
2052 2098 2292 2134 militaverint.
2331 2100 2379 2135 At
2406 2111 2450 2135 ue

221 2148 402 2189 roqarunt
436 2148 471 2180 et
502 2145 593 2191 ipsi,
625 2148 667 2179 ut
700 2148 765 2179 aut
795 2155 840 2180 ne
871 2145 908 2179 in
933 2145 1022 2190 ipsis
1047 2144 1189 2190 quidem
1213 2144 1391 2180 eiusmodi
1409 2145 1658 2190 praesumptio
1684 2143 1801 2179 locum
1824 2143 1972 2179 haberet
1995 2146 2059 2178 aut
2082 2144 2172 2189 ipsis
2194 2154 2335 2194 quoque
2357 2144 2370 2178 i
2396 2155 2449 2180 em

222 2193 450 2236 competeret,
474 2194 526 2232 ut,
557 2189 591 2224 si
614 2189 695 2234 quis
718 2192 841 2225 mutuo
865 2188 910 2224 ab
936 2189 1025 2235 ipsis
1048 2193 1197 2236 accepto
1222 2189 1348 2225 militet
1371 2192 1426 2225 vel
1449 2189 1556 2224 etiam
1580 2188 1683 2224 tiberi
1706 2189 1795 2228 eius,
1826 2199 1942 2235 neque
1965 2187 2111 2223 aliunde
2134 2187 2289 2223 debitum
2312 2188 2450 2225 solvere

220 2236 349 2280 possit,
373 2235 480 2269 etiam
500 2245 550 2269 ea:
573 2234 773 2270 venditione
797 2234 945 2270 militiae
968 2234 1045 2270 eius
1068 2235 1127 2270 vel
1144 2234 1305 2279 filiorum
1330 2234 1407 2269 eius
1429 2235 1520 2280 ipsis
1543 2233 1711 2278 satisfiat.
1743 2233 1837 2269 ·Nos
1853 2234 1966 2280 iqitur
1981 2243 2096 2278 neque
2110 2232 2322 2278 simpliciter
2337 2233 2448 2279 leqem

224 2279 379 2320 tulimus,
403 2279 468 2315 sed
490 2290 569 2315 cum
592 2279 722 2314 idonea
746 2278 1004 2322 observatione,
1028 2290 1144 2325 neque
1167 2290 1246 2314 eam
1268 2279 1383 2325 facile
1405 2278 1563 2315 subverti
1583 2279 1756 2324 patimur,
1781 2278 1845 2313 sed
1866 2278 2056 2320 sancimus,
2081 2277 2221 2314 valente
2243 2287 2351 2314 sacra
2366 2289 2450 2314 con-

221 2324 407 2359 stitutione
426 2334 491 2359 nec
522 2324 665 2359 sublata
692 2324 991 2370 praesumptione
1025 2324 1091 2359 illa
1125 2335 1219 2371 quae
1252 2324 1448 2359 secundum
1481 2334 1624 2359 sacram
1659 2323 1951 2360 constitutionem
1985 2325 2115 2358 contra
2146 2322 2228 2357 illos
2257 2323 2449 2366 inducitur,

223 2369 394 2414 quoniam
424 2378 504 2404 cum
535 2368 657 2404 multis
686 2368 942 2404 contrahentes
972 2379 1046 2404 non
1069 2380 1120 2405 ex
1138 2370 1310 2416 propriis
1327 2369 1492 2416 pecuniis
1516 2369 1636 2404 omnia
1665 2369 1793 2413 facere
1815 2368 1992 2410 videntur,
2022 2366 2154 2402 habere
2176 2371 2211 2402 et
2235 2368 2334 2414 ipsos
2358 2367 2450 2403 idem

221 2414 467 2460 privileqium,
501 2417 559 2455 ut,
591 2414 626 2448 si
651 2414 732 2459 quis
762 2414 891 2449 militet
918 2414 974 2449 vel
992 2413 1063 2458 filii
1086 2414 1174 2456 eius,
1198 2414 1328 2449 militia
1352 2414 1494 2460 quidem
1517 2414 1594 2448 eius
1617 2414 1762 2448 omnino
1788 2413 1949 2459 obliqata
1972 2413 2030 2455 sit,
2053 2411 2228 2458 siquidem
2253 2423 2302 2448 ex
2324 2423 2449 2448 earum

221 2469 369 2493 numero
385 2458 434 2494 sit
446 2469 540 2504 quae
552 2457 767 2500 vendantur,
781 2459 944 2494 similiter
957 2463 1076 2494 autem
1085 2458 1246 2503 filiorum
1260 2470 1403 2504 quoque
1416 2458 1556 2500 militia,
1574 2458 1645 2493 nisi
1658 2458 1702 2493 ab
1717 2457 1807 2504 ipsis
1818 2457 2111 2504 manifestissime
2123 2457 2374 2502 comprobetur
2386 2461 2451 2493 aut

222 2514 271 2538 ex
299 2505 471 2538 maternis
483 2503 645 2548 filiorum
662 2503 765 2538 bonis
780 2507 845 2538 aut
860 2514 910 2539 ex
925 2504 1106 2550 imperiali
1122 2503 1337 2539 liberalitate
1353 2504 1516 2539 militiam
1532 2502 1600 2538 sibi
1616 2502 1794 2548 obtiqisse.
1827 2502 1921 2538 Nam
1937 2503 1969 2538 si
1985 2502 2140 2537 debitum
2155 2501 2300 2537 aliunde
2313 2502 2450 2538 solvere

221 2551 420 2593 nequeant,
455 2552 526 2583 tum
557 2558 606 2583 ecc
637 2548 767 2583 militia
796 2548 957 2593 filiorum
979 2548 1207 2594 praepositis
1237 2559 1380 2584 mensae
1414 2547 1646 2594 arqentariae
1675 2547 1841 2592 satisfiat.
1889 2546 2050 2590 Quorum
2072 2547 2196 2593 qratia
2219 2546 2314 2581 hanc
2337 2547 2450 2592 leqem

215 2593 410 2638 ponimus,
448 2596 672 2639 opponentes
709 2592 778 2628 hoc
805 2593 1097 2640 praesumptioni
1131 2604 1181 2629 ex
1210 2593 1464 2629 constitutione
1492 2593 1702 2639 profectae:
1739 2596 1774 2628 et
1803 2591 2100 2638 quemadmodum
2129 2591 2196 2626 illa
2224 2591 2448 2638 praedictam

218 2639 551 2683 praesumptionem
582 2643 712 2673 contra
743 2648 806 2672 eos
837 2637 976 2683 effecit,
1005 2638 1059 2673 ita
1087 2648 1153 2673 nos
1183 2648 1327 2684 quoque
1354 2639 1575 2673 contrarium
1607 2638 1641 2672 ei
1670 2637 1863 2673 remedium
1895 2637 2101 2672 adhibentes
2131 2636 2177 2671 iis
2203 2635 2291 2671 solis
2313 2637 2377 2683 qui
2400 2648 2449 2672 ex

214 2682 409 2727 praedicto
429 2682 582 2728 colleqio
606 2686 689 2717 sunt
715 2682 893 2728 larqimur
914 2686 1069 2729 propter
1092 2693 1310 2718 communem
1333 2694 1457 2718 eorum
1482 2683 1672 2718 utilitatem
1695 2693 1803 2727 quam
1832 2681 2077 2718 contractibus
2094 2684 2306 2727 praestant,
2329 2681 2450 2717 multis

218 2727 393 2772 periculis
416 2738 455 2762 se
478 2727 714 2763 immiscentes
736 2734 777 2762 ut
801 2727 955 2763 aliorum
979 2727 1249 2763 necessitatibus
1274 2728 1493 2763 medeantur.
2352 2741 2354 2743 >

356 2771 426 2806 III.
451 2771 525 2807 Sed
548 2771 640 2806 illud
662 2782 805 2817 quoque
828 2783 901 2807 non
926 2772 990 2807 abs
1012 2783 1053 2808 re
1077 2772 1195 2808 dicere
1219 2772 1285 2808 visi
1307 2777 1410 2816 sunt,
1433 2773 1465 2807 si
1488 2772 1546 2807 cui
1568 2774 1727 2807 mutuam
1748 2770 1939 2817 pecuniam
1961 2770 2111 2806 credant
2133 2770 2189 2806 vel
2211 2770 2318 2806 etiam
2342 2775 2450 2806 antea

222 2815 441 2851 crediderint
465 2816 514 2851 ad
535 2827 594 2851 res
644 2817 793 2851 uasdam
816 2817 964 2852 mobiles
988 2817 1043 2852 vel
1064 2816 1260 2853 immobiles
1283 2818 1462 2860 emendas,
1487 2820 1522 2852 et
1545 2820 1679 2852 certam
1701 2816 1784 2851 auri
1807 2825 1979 2850 summam
2003 2814 2187 2857 dederint,
2211 2818 2247 2850 et
2269 2825 2319 2850 ece
2339 2825 2448 2860 pecu-

222 2861 293 2895 niis
323 2861 471 2896 creditis
493 2871 552 2896 res
575 2873 598 2896 a
625 2861 759 2906 quisita
782 2862 848 2904 sit,
881 2861 1045 2897 omnibus
1067 2873 1144 2897 sese
1167 2863 1205 2897 in
1228 2861 1350 2897 eadem
1375 2873 1416 2896 re
1433 2862 1582 2909 potiora
1606 2860 1737 2896 habere
1758 2860 1841 2895 iura
1864 2859 1991 2895 debere
2015 2870 2130 2905 neque
2153 2859 2263 2894 ullam
2287 2860 2451 2906 experiri

222 2905 523 2947 imminutionem,
556 2905 620 2941 sed
647 2906 679 2940 si
710 2906 851 2951 quidem
880 2908 1025 2941 omnino
1057 2906 1247 2943 docuerint
1277 2917 1327 2941 ea·
1356 2908 1433 2942 suis
1453 2906 1619 2953 pecuniis
1640 2916 1714 2941 rem
1739 2909 1986 2951 comparatam
2010 2914 2085 2939 esse
2108 2914 2173 2939 nec
2193 2907 2381 2950 potuerint
2402 2904 2449 2939 iis

221 2949 399 2985 debitores
456 2951 583 2985 ecunia
615 2954 804 2986 numerata
834 2952 1070 2997 satisfacere,
1101 2952 1184 2999 ipsa
1214 2962 1274 2986 res
1304 2961 1353 2986 ex
1382 2952 1547 2997 pecuniis
1577 2961 1700 2986 eorum
1731 2955 1851 2995 empta
1883 2949 1927 2984 iis
1950 2949 2153 2994 addicatur,
2175 2948 2326 2996 perinde
2350 2959 2394 2984 ac
2417 2949 2449 2984 si

221 3005 261 3029 re
285 3005 370 3029 vera
394 2961 452 3030 aff
462 2995 553 3040 ipsis
575 2999 696 3041 empta
727 2999 760 3030 el
791 2995 890 3030 nuda
921 2998 1094 3042 emptoris
1126 2996 1325 3043 appellatio
1349 2996 1563 3043 interposita
1587 2998 1687 3031 esset.
1737 2994 1861 3040 Neque
1883 2994 1976 3029 enim
1995 3005 2071 3040 par
2093 2999 2148 3029 est
2169 3005 2248 3036 eos,
2303 2995 2342 3029 ui
2362 3004 2449 3029 suas

219 3039 395 3084 pecunias
412 3040 621 3085 porriqunt,
646 3051 720 3075 non
743 3041 826 3075 item
836 3041 998 3086 primum
1022 3044 1057 3076 et
1071 3046 1180 3077 extra
1196 3041 1452 3077 dubitationem
1463 3041 1625 3087 positum
1645 3040 1760 3075 locum
1777 3041 1814 3075 in
1829 3039 1937 3074 rebus
1952 3039 2080 3085 emptis
2097 3038 2238 3081 habere,
2281 3042 2448 3074 umtaoeat

222 3084 255 3118 si
277 3082 504 3129 hypothecae
521 3085 653 3120 mentio
675 3085 713 3119 in
738 3086 885 3131 scriptis
909 3086 1157 3122 contractibus
1174 3086 1281 3131 facta
1304 3085 1361 3120 sit.
1400 3086 1494 3121 Nam
1509 3086 1542 3120 si
1557 3084 1624 3120 hoc
1640 3084 1918 3126 observaverint,
1947 3084 2067 3119 omnia
2083 3083 2243 3119 habituri
2257 3086 2342 3118 sunt
2356 3094 2449 3128 quae

269 3231 287 3263 1
324 3230 479 3271 τοιοῦτο]
514 3231 592 3263 τῶν
627 3229 806 3264 τοιούτων
839 3232 868 3264 L
899 3231 911 3273 ss
938 3229 1030 3264 κατὰ
1061 3229 1208 3274 πρώτου
1238 3230 1302 3264 τοῦ

222 3271 458 3319 μανδάτωρος
481 3276 551 3308 LB
571 3277 707 3318 (Theod.
731 3275 824 3308 κατὰ
854 3276 918 3308 τοῦ
944 3277 1113 3321 ἐγγυητοῦ
1145 3275 1303 3320 πρῶτον,

223 3318 285 3351 Iul.
318 3322 357 3351 ut
389 3322 584 3362 potestatem
615 3321 759 3353 habeant
791 3321 886 3363 prius
911 3321 1135 3354 fideiussorem
1158 3321 1302 3364 pulsare,

223 3364 291 3394 sim.
313 3365 400 3405 Aah„
416 3367 522 3397 Anon.
540 3366 668 3408 Bodl.)]
693 3364 785 3397 κατὰ
808 3366 872 3398 τοῦ
887 3364 1044 3408 ’πρώτου
1066 3362 1303 3409 μανδάτωρος

226 3406 271 3438 Μ
288 3407 380 3440 κατὰ
412 3409 476 3441 τοῦ
508 3410 751 3454 πρωτοτύπου
782 3413 841 3442 καὶ
864 3408 956 3443 κατὰ
979 3411 1044 3444 τοῦ
1067 3407 1303 3455 μανδάτωρος

225 3451 419 3485 Haloander
443 3455 542 3495 (quod
559 3458 679 3497 probat
695 3456 883 3488 Zachariae
908 3457 940 3488 in
957 3457 1044 3488 Add.
1063 3457 1124 3488 vol.
1139 3456 1155 3488 I
1172 3468 1205 3498 p.
1225 3456 1302 3498 563)

225 3493 294 3544 πρὸ
318 3497 381 3528 τοῦ
406 3499 646 3541 πρωτοτύπου
671 3499 763 3532 κατὰ
781 3500 845 3532 τοῦ
861 3497 1099 3545 μανδάτωρος
1115 3501 1302 3533 Zachariae

226 3550 258 3590 in
284 3540 470 3582 Appendice
492 3556 525 3584 p.
551 3545 592 3577 20
610 3544 621 3587 ΙΙ
642 3546 660 3577 2
685 3545 748 3577 τοῦ
772 3545 941 3590 ἐγγυητοῦ
959 3546 1040 3585 LB]
1066 3545 1130 3578 τοῦ
1156 3544 1301 3588 πρώτου

227 3585 393 3632 εγγυητοῦ
415 3586 457 3618 Μ
477 3586 489 3628 ΙΙ
516 3589 535 3620 3
559 3587 602 3620 τὸ
624 3587 856 3634 συνάλλαγμα
879 3590 1069 3631 κανονίζον
1094 3590 1135 3631 L,
1159 3590 1202 3622 τό
1229 3597 1302 3623 ante

226 3636 269 3655 ‘zo
293 3639 449 3682 superser.
468 3630 617 3674 Lbfalso
642 3634 709 3666 loco
727 3634 738 3676 ΙΙ
757 3636 775 3666 5
801 3631 1033 3677 ἐποιήσαμεν]
1062 3635 1140 3668 C'od.
1162 3635 1251 3676 8,13,
1266 3642 1300 3668 27

226 3665 238 3711 ΙΙ
257 3670 274 3700 7
307 3677 510 3714 χρήματων]
537 3674 731 3719 χρημάτων
763 3674 836 3711 ἀλλ’
861 3678 1004 3711 οἰκείων
1035 3680 1087 3721 (ex
1116 3692 1147 3713 υ.
1177 3681 1231 3719 14)
1263 3679 1300 3715 Β

1370 3232 1470 3272 (quod
1487 3232 1674 3265 Zachariae
1699 3232 1746 3264 ita
1765 3233 1895 3273 probat,
1920 3237 1955 3263 ut
1977 3225 1999 3271 ἢ
2024 3230 2129 3263 deleat
2147 3236 2177 3262 et
2193 3230 2284 3272 infra
2306 3231 2450 3272 corriqat

1369 3273 1451 3308 ἀλλ’
1487 3273 1564 3309 οὐκ
1600 3276 1638 3308 ἐκ
1672 3275 1750 3308 τῶν
1786 3272 2052 3314 δανεισάντων,
2086 3287 2202 3318 parum
2234 3275 2449 3317 probabiliter

1369 3323 1545 3364 utrumque)
1561 3322 1572 3363 ΙΙ
1601 3322 1620 3354 8
1645 3318 1832 3366 πρόληψισ
1856 3320 1914 3354 Ma
1932 3319 1944 3364 ΙΙ
1962 3322 1981 3354 9
2006 3317 2043 3352 οἱ
2064 3320 2146 3359 LB]
2168 3331 2226 3351 om.
2248 3319 2296 3351 M
2312 3319 2367 3360 (cf.
2394 3319 2447 3358 15)

1369 3364 1380 3409 ΙΙ
1405 3368 1439 3399 11
1469 3365 1531 3407 τῆς
1560 3362 1798 3410 προςηκούσης
1822 3377 1880 3397 om.
1902 3366 1933 3398 L
1958 3365 1970 3407 ΙΙ
1997 3366 2037 3398 13
2061 3361 2282 3407 ἀνῃρημένας
2305 3361 2377 3400 Ml}
2405 3363 2445 3395 14

1370 3408 1511 3444 πολλοῖς
1534 3409 1649 3451 Kroll]
1683 3407 1809 3443 πολλοὶ
1841 3410 1918 3443 libri
1934 3410 1945 3451 u
1964 3411 2004 3444 18
2034 3408 2154 3452 ἑτέρου
2177 3409 2228 3441 La
2247 3409 2258 3449 ΙΙ
2272 3405 2446 3457 γενέσθαι

1371 3455 1406 3487 Β
1433 3455 1444 3497 ΙΙ
1474 3457 1512 3489 19
1537 3454 1645 3488 τοῦτο
1671 3455 1729 3494 Μ]
1755 3454 1884 3487 τοῦτον
1908 3455 1978 3487 LB
2004 3454 2016 3497 Η
2041 3455 2080 3487 21
2111 3450 2219 3494 αὐτῆς
2244 3451 2302 3502 Μ]
2326 3452 2446 3482 αυτοῖς

1370 3499 1440 3531 LB
1463 3503 1474 3541 ΙΙ
1500 3501 1543 3533 22
1566 3498 1750 3542 ἑτέρωθεν
1770 3500 1801 3532 L
1825 3499 1837 3541 ΙΙ
1863 3500 1906 3532 24
1929 3494 1951 3540 ἢ
1975 3511 2032 3531 om.
2055 3498 2091 3530 B
2116 3497 2128 3534 ΙΙ
2151 3498 2193 3529 26
2222 3503 2367 3528 παντως
2390 3494 2445 3538 LM

1369 3543 1585 3588 κυριώτερον
1606 3545 1699 3585 ἔχειν
1723 3541 1862 3576 δίκαιον
1878 3544 1914 3576 Β
1931 3544 1943 3586 ΙΙ
1962 3545 2001 3576 27
2029 3539 2243 3583 διαστροφῆς
2260 3538 2340 3577 LB]
2365 3550 2445 3582 τρο-

1370 3589 1436 3632 φῆς
1461 3589 1503 3621 M
1525 3589 1537 3632 ΙΙ
1563 3586 1672 3621 αὐτοῦ
1693 3589 1780 3621 ΙιαΒ
1802 3588 1814 3631 ΙΙ
1840 3588 1959 3628 τοῦτο]
1984 3585 2026 3620 τὸ
2051 3583 2121 3623 Mn
2136 3585 2179 3617 28
2198 3580 2336 3634 κτηθέν
2360 3594 2444 3626 προ-

1369 3632 1570 3677 κυροῦσθαι
1594 3634 1631 3667 Β
1648 3633 1660 3678 ΙΙ
1678 3634 1720 3667 29
1745 3631 1950 3674 ἐκτεθείσης
1973 3632 2003 3663 L
2021 3630 2034 3676 ΙΙ
2050 3630 2092 3662 30
2115 3628 2174 3662 καὶ
2197 3629 2359 3672 πρωτην]
2385 3630 2445 3661 καὶ

1369 3691 1426 3710 om.
1449 3679 1484 3715 Β

2473 1463 2515 1496 25

2473 1689 2515 1721 30
