2586 3990
1176 122 1259 173 599
1885 126 1994 170 Nov'.
2025 123 2207 170 CXXIII
2235 125 2345 167 4-6

107 245 170 288 κῆς
196 243 302 289 τύχης
329 239 511 289 εὑρεθεῖεν
542 243 734 277 ἐπίσκοποι
767 240 1100 288 χειροτονηθεντες,
1131 241 1195 284 τῆς

106 291 174 335 μὲν
197 289 363 333 τοιαύτης
391 287 498 344 τύζης
527 286 737 333 ἐλευθέρους
761 286 874 331 εἶναι,
906 285 950 321 τὸ
976 284 1016 321 δὲ
1037 284 1195 332 νόμιμον

106 338 210 382 μέρος
239 337 278 370 ἐκ
308 334 385 369 τῶν
414 333 538 367 αυτῶν
569 331 798 380 πραγμάτων
826 333 871 379 τῇ
903 330 1015 380 βουλῇ
1046 334 1106 366 καὶ
1136 332 1190 375 τῷ

108 379 269 425 δημοσίῳ
293 377 446 420 διδόναι,
470 374 567 412 οὕτω
591 382 756 425 μέντοιγε
781 374 868 412 ὥςτε
886 376 1066 423 μηδεμίαν
1090 375 1192 412 ἐλάτ-

108 437 224 460 τωσιν
256 423 303 460 τοὶ
334 422 609 467 ἐκκλησιαστικά
643 421 766 458 δίκαια
800 420 994 467 ὑπομεῖναι
1030 424 1091 457 ἐπὶ
1121 425 1195 457 τοῖς

107 469 328 517 πράγμασιν,
362 465 457 513 ἅπερ
487 469 579 514 μετὰ
612 469 681 513 τὴν
713 468 916 512 ἐπισκοπὴν
946 468 1195 512 ἐπικτηθέντα

107 517 152 562 τῇ
184 514 352 558 ἐκκλησίᾳ
383 511 507 549 αὐτῶν
537 512 722 561 διαφέρειν
752 512 1037 559 διετυπώσαμεν.
1085 515 1131 548 Εἰ
1155 511 1195 547 δὲ

107 561 226 608 συμβῇ
257 559 325 594 τὸν
347 560 663 605 χειροτονούμενον
695 562 896 594 ἐπίσκοπον
926 556 999 595 ὑπὸ
1031 559 1101 603 τὴν
1128 559 1197 593 τοῦ

106 603 199 639 ἰδίου
221 607 354 652 γονέως
378 605 544 646 ἐξουσίαν
568 605 678 649 εἶναι,
703 605 743 646 ἐξ
762 602 872 649 αὐτῆς
894 606 957 649 τῆς
977 608 1194 650 χειροτονίας

108 649 334 691 αὖτεξούσιος
358 652 463 685 ἔστω.
1209 652 1249 686 10

1107 739 1267 776 CAPUT
1291 739 1336 776 V.

180 798 267 832 Τοὺς
290 796 330 832 δὲ
352 799 657 845 θεοφιλεστάτους
687 795 906 834 ἐπισκόπους
936 798 996 830 καὶ
1018 796 1195 841 μοναχοὺς
1330 795 1407 831 Deo
1440 797 1559 831 autem
1590 793 1761 830 amabiles
1793 792 1983 838 episcopos
2014 795 2052 829 et
2079 792 2274 829 monachos
2306 802 2351 828 ex

108 844 147 877 ἐκ
169 841 323 888 μηδενὸς
353 845 467 889 νόμου
499 844 714 890 ἐπιτρόπους
741 840 765 886 ἢ
793 842 1022 888 κουράτωρας
1052 839 1194 885 οἱουδή-
1262 841 1359 876 nulla
1389 841 1467 885 lege
1497 843 1636 876 tutores
1668 843 1734 875 aut
1765 843 1950 875 curatores
1982 839 2235 883 cuiuscumque
2266 847 2349 882 per-

107 901 197 924 ποτε
221 887 412 935 προςώπου
438 889 610 936 γίνεσθαι
637 889 900 936 συγχωροῦμεν.
947 886 1031 922 τοὺς
1053 885 1094 921 δὲ
1109 898 1194 932 πρε-
1262 897 1373 923 sonae
1404 885 1483 922 fieri
1514 885 1762 932 permittimus.
1809 885 2032 930 Presbyteris
2064 889 2183 920 autem
2214 886 2251 919 et
2273 883 2349 919 dia-

108 937 299 981 σβυτέρους
321 938 382 970 καὶ
406 933 593 970 διακόνους
614 937 675 979 καὶ
699 930 962 968 ὑποδιακόνους
984 933 1036 976 τῷ
1063 930 1193 976 δικαίῳ
1264 933 1362 968 conis
1386 935 1423 967 et
1447 931 1674 967 subdiaconis
1698 931 1776 966 iure
1796 934 1832 966 et
1847 931 1924 974 lege
1941 930 2163 975 cognationis
2188 929 2350 973 [tutelam

107 983 167 1013 καὶ
198 981 303 1025 μόνῳ
335 982 397 1024 τῆς
428 983 632 1027 συγγενείας
663 980 710 1013 εἰς
734 978 938 1024 ἐπιτροπὴν
967 975 991 1022 ἢ
1013 990 1193 1024 κουρατω-
1209 981 1248 1012 15
1263 981 1325 1013 aut
1350 987 1472 1013 curam
1501 977 1684 1022 suscipere
1707 975 1916 1012 hereditatis
1946 976 2182 1021 permittimus
2206 974 2351 1021 proprie

107 1027 210 1070 ρείαν
232 1024 468 1070 καλουμένους
491 1025 561 1069 τὴν
581 1025 755 1067 τοιαύτην
779 1023 1003 1071 λειτουργίαν
1027 1021 1193 1066 ὖποδέχε-
1262 1027 1298 1058 et
1322 1023 1398 1058 solo
1422 1023 1535 1068 gradu
1560 1021 1793 1067 cognationis]
1828 1022 1874 1057 ad
1897 1022 2045 1057 tutelam
2077 1025 2113 1056 et
2144 1031 2266 1057 curam
2288 1031 2350 1056 vo-

108 1070 202 1104 σθαι
225 1072 491 1117 συγχωροῦμεν,
515 1071 546 1104 εἰ
564 1073 730 1115 μέντοιγε
754 1070 840 1104 εἴσω
857 1067 1049 1116 τεσσάρων
1067 1069 1195 1113 μηνῶν
1264 1069 1355 1104 catis
1380 1068 1583 1104 huiusmodi
1605 1067 1789 1113 suscipere
1810 1067 2152 1103 administrationem
2175 1066 2350 1112 permitti-

108 1113 393 1161 ἀριθμουμένων
426 1116 464 1157 ἐξ
494 1108 538 1150 οὗ
567 1114 778 1159 ἐκλήθησαν
812 1114 913 1161 παρὰ
944 1117 998 1158 τῷ
1031 1111 1194 1162 ἁρμοδίῳ
1262 1124 1353 1156 mus,
1384 1114 1415 1149 si
1438 1116 1557 1149 tamen
1580 1113 1676 1148 intra
1699 1115 1870 1158 quattuor
1893 1123 2034 1149 menses
2065 1123 2110 1148 ex
2139 1122 2210 1157 quo
2234 1112 2352 1147 vocati

108 1158 260 1211 δικαστῇ
291 1160 478 1210 ἐγγράφως
499 1162 751 1207 φανερωσουσι
782 1160 824 1195 τὸ
847 1162 1014 1195 τοιοῦτον
1038 1158 1156 1194 λοιτού
1180 1179 1195 1184 -
1265 1163 1350 1195 sunt
1385 1159 1481 1204 apud
1514 1163 1773 1203 competentem
1808 1159 1962 1194 iudicem
1998 1159 2132 1204 scripto
2169 1158 2353 1194 declarent

106 1219 203 1253 γημα
226 1207 340 1250 οἰκείᾳ
370 1209 575 1252 προαιρέσει
599 1205 884 1246 καταδέξασθαι.
932 1209 993 1239 καὶ
1016 1205 1053 1240 εἴ
1070 1217 1124 1240 τις
1148 1217 1196 1240 ως
1209 1207 1251 1240 20
1263 1206 1371 1240 talem
1395 1205 1741 1240 administrationem
1764 1204 1913 1250 propria
1936 1205 2120 1240 voluntate
2138 1203 2351 1249 suscepisse.

107 1251 200 1286 εἰκὸς
216 1248 340 1288 αὐτῶν
355 1254 465 1287 τοῦτο
481 1250 636 1296 ποιήσει,
654 1250 768 1297 μηδὲν
785 1254 824 1285 ἐκ
837 1251 968 1286 τούτου
983 1254 1066 1297 περὶ
1083 1249 1196 1294 ἄλλην
1263 1250 1314 1286 Et
1337 1250 1368 1286 si
1393 1250 1470 1294 quis
1491 1260 1614 1286 eorum
1636 1249 1760 1285 forsan
1788 1251 1858 1286 hoc
1880 1249 2022 1293 fecerit,
2054 1249 2191 1284 nullum
2215 1259 2259 1285 ex
2281 1248 2351 1285 hoc

109 1297 311 1344 ἐπιτροπὴν
335 1296 358 1342 ἢ
380 1300 648 1344 κουρατωρείαν
671 1297 856 1344 πρόκριμα
880 1294 1103 1341 ὑπομενέτω.
1263 1296 1302 1332 in
1325 1295 1396 1331 alia
1420 1296 1533 1331 tutela
1557 1298 1621 1331 aut
1646 1305 1734 1331 cura
1754 1295 2012 1340 praeiudicium
2035 1295 2206 1341 patiatur.

110 144 169 176 m*
195 142 285 176 DEO
313 139 585 175 AMABILI'BUS

1262 240 1376 285 legem
1406 249 1451 276 ex
1479 237 1606 274 curiali
1635 237 1780 274 fortuna
1812 237 2041 273 inveniuntur
2066 236 2228 283 episcopi
2251 236 2346 272 ordi-

1262 285 1358 328 nati,
1390 284 1594 320 huiusmodi
1625 283 1766 329 quidem
1788 283 1934 319 fortuna
1957 283 2089 319 liberos
2113 292 2203 326 esse,
2232 282 2345 326 legiti-

1259 342 1354 366 mam
1384 340 1467 366 vero
1500 333 1638 375 partem
1667 339 1712 366 ex
1735 329 1890 374 propriis
1922 330 2030 364 rebus
2055 329 2176 364 curiae
2199 331 2235 363 et
2257 327 2346 364 fisco

1262 378 1358 419 dare,
1384 377 1435 412 sic
1451 379 1572 411 tamen
1595 377 1638 411 ut
1653 375 1789 411 nullam
1810 374 2080 410 inminutionem
2103 373 2349 410 ecclesiastica

1230 423 1343 458 5iura
1366 421 1568 458 sustineant
1590 421 1627 456 in
1650 421 1776 464 rebus,
1812 430 1901 465 quas
1925 420 1961 455 in
1984 420 2197 465 episcopatu
2221 419 2346 464 adqui-

1264 468 1351 503 sitas
1394 467 1568 503 ecclesiae
1610 476 1732 502 eorum
1769 470 1970 512 competere
2006 465 2254 510 disposuimus.
2311 464 2348 499 Si

1263 524 1345 549 vero
1381 512 1572 557 contigerit
1612 511 1814 547 ordinatum
1855 511 2065 557 episcopum
2108 512 2175 547 sub
2211 509 2349 556 proprii

1262 558 1422 604 parentis
1456 560 1635 639 pozestate
1671 567 1766 601 esse,
1810 567 1854 593 ex
1888 557 1969 603 ipsa
2003 556 2227 593 ordinatione
2260 564 2350 593 suae

1262 603 1452 650 potestatis
1476 603 1507 639 si
1525 629 1534 638 .

1112 1386 1270 1423 CAPUT
1289 1386 1351 1422 VI.

175 1453 271 1491 Ἀλλ’
297 1453 382 1491 οὐδὲ
405 1455 609 1502 ἐκλήπτορα
633 1454 654 1499 ἢ
675 1452 882 1499 ἀπαιτητὴν
906 1454 1090 1500 δημοσίων
1114 1468 1196 1490 συν-
1310 1453 1431 1490 Alium
1447 1455 1567 1489 autem
1584 1454 1663 1490 fieri
1679 1457 1922 1499 susceptorem
1946 1456 2009 1488 aut
2024 1454 2229 1489 exactorem
2246 1451 2352 1487 fisca-

109 1500 258 1537 τελειῶν
287 1501 310 1546 ἢ
338 1502 538 1547 μισθωτὴν
561 1501 678 1536 τελῶν
715 1497 732 1509 '⁸
755 1497 956 1547 ἀλλοτρίων
987 1499 1151 1544 κτήσεων
1175 1498 1198 1544 ἢ
1265 1500 1353 1535 lium
1381 1500 1608 1535 functionum
1644 1503 1708 1535 aut
1736 1500 1992 1536 conductorem
2029 1499 2255 1544 publicorum
2290 1500 2354 1532 aut

110 1546 322 1593 κουράτωρα
352 1547 449 1582 οἴκου
482 1546 505 1591 ἢ
535 1546 681 1582 ἐντολέα
708 1515 807 1590 δίκης
840 1542 863 1590 ἢ
897 1547 1072 1594 ἐγγυητὴν
1106 1544 1198 1592 ὑπὲρ
1211 1548 1252 1580 25
1266 1546 1463 1582 alienarum
1499 1546 1766 1591 possessionum
1801 1548 1865 1580 aut
1895 1547 2097 1580 curatorem
2130 1544 2256 1580 domus
2290 1545 2354 1578 aut

112 1595 188 1628 τῶν
210 1593 388 1628 τοιούτων
412 1594 541 1627 αἰτιῶν
566 1595 766 1628 ἐπίσκοπον
789 1590 812 1635 ἢ
835 1591 1026 1637 οἰκονόμον
1050 1590 1073 1636 ἢ
1088 1590 1198 1626 ἄλλον
1265 1594 1538 1636 procuratorem
1561 1591 1634 1627 litis
1659 1593 1723 1627 aut
1745 1591 1992 1626 fideiussorem
2020 1600 2086 1635 pro
2110 1589 2243 1634 talibus
2268 1598 2353 1624 cau-

110 1637 282 1683 κληρικὸν
305 1636 519 1682 οἱανδήποτε
542 1638 695 1683 βαθμοῦ
720 1635 743 1681 ἢ
757 1637 921 1682 μοναχὸν
942 1635 1024 1681 ἰδίῳ
1043 1635 1198 1682 ὀνόματι
1266 1637 1315 1672 sis
1347 1636 1557 1682 episcopum
1589 1640 1653 1673 aut
1686 1647 1921 1673 oeconomum
1951 1638 2017 1671 aut
2044 1635 2154 1671 alium
2185 1634 2355 1669 clericum

111 1682 134 1727 ἢ
157 1685 220 1728 τῆς
244 1683 427 1728 ἐκκλησίας
458 1683 473 1694 ’“
496 1685 562 1718 τοῦ
576 1687 818 1729 μοναστηριόυ
845 1680 1039 1719 ὑπειςιέναι
1063 1695 1198 1730 συγχω-
1268 1683 1458 1718 cuiuslibet
1480 1682 1613 1727 gradus
1637 1686 1701 1718 aut
1720 1682 1934 1718 monachum
1957 1681 2105 1726 proprio
2126 1680 2268 1716 nomine
2292 1681 2356 1715 aut

111 1731 253 1774 ροῦμεν,
285 1730 347 1764 ἵνα
373 1729 423 1773 μὴ
450 1697 516 1763 3⁴&
537 1728 669 1772 ταύτης
700 1730 763 1771 τῆς
787 1730 1004 1775 προφάσεως
1034 1732 1095 1763 καὶ
1124 1731 1197 1763 τοῖς
1265 1727 1439 1764 ecclesiae
1462 1732 1527 1764 aut
1549 1729 1760 1764 monasterii
1784 1728 1905 1764 subire
1930 1737 2003 1762 non
2027 1727 2194 1768 sinimus,
2219 1729 2260 1760 ut
2282 1735 2356 1760 non

111 1773 226 1821 ἁγίοις
244 1775 352 1810 οἴκοις
370 1776 479 1819 ζημία
494 1777 643 1821 γένηται
663 1777 723 1808 καὶ
744 1773 784 1808 αἱ
801 1775 904 1809 θεῖαι
924 1772 1115 1821 ὑπηρεσίαι
1136 1775 1196 1819 ἐμ·
1211 1775 1254 1809 30
1266 1784 1332 1819 per
1347 1774 1442 1809 hanc
1457 1774 1681 1810 occasionem
1704 1777 1740 1810 et
1758 1773 1894 1810 sanctis
1918 1772 2082 1810 domibus
2102 1772 2270 1808 damnum
2288 1770 2356 1806 fiat

179 1858 205 1879 c.
227 1845 323 1887 V(—
338 1847 378 1879 17
392 1844 657 1890 συγχωροῦμεν)
682 1846 800 1878 habent
822 1845 1030 1889 Epanaqoqe
1043 1846 1075 1888 9,
1088 1852 1112 1879 1.
1127 1851 1143 1878 2
1169 1851 1200 1878 et
1222 1857 1261 1878 ex
1285 1844 1314 1878 S
1329 1843 1461 1877 Nomoc.
1477 1844 1508 1877 L
1529 1845 1574 1878 tit.
1592 1845 1635 1878 14
1654 1857 1689 1888 p.
1703 1845 1768 1879 619
1792 1843 1890 1877 Voell.
1937 1842 2068 1877 Initium
2081 1843 2139 1885 (—
2158 1843 2198 1876 13
2219 1851 2355 1886 συγχω-

112 1890 255 1936 ροῦμεν)
281 1903 319 1924 ex
342 1890 379 1924 B
403 1891 516 1933 repetit
543 1890 590 1923 B*
612 1892 648 1923 E
669 1892 754 1932 37‚2
776 1902 810 1933 p.
825 1891 890 1925 335
906 1890 1010 1924 Zach.
1034 1909 1079 1914 —
1103 1890 1290 1924 Summaria
1315 1897 1426 1923 extant
1448 1886 1541 1923 Ῥοπ.
1564 1891 1616 1932 17,
1638 1897 1672 1932 4,
1695 1890 1829 1924 Nomoc.
1844 1889 1944 1923 XIV
1955 1890 2001 1922 tit.
2015 1889 2047 1930 8,
2062 1895 2105 1930 13,
2129 1889 2233 1931 ipsum
2257 1893 2357 1930 caput

112 1949 151 1970 ex
174 1937 210 1970 Β
235 1937 405 1980 exscripsit
427 1935 580 1969 Nomoc.d
602 1938 645 1970 ib.
669 1955 713 1960 -—
739 1936 905 1970 Theodori
926 1949 1078 1970 summam
1102 1941 1217 1979 repetit
1239 1936 1338 1969 schol.
1352 1935 1402 1977 L,
1434 1936 1510 1968 Ath.
1535 1948 1687 1969 summam
1707 1935 1871 1979 paratitlo
1894 1934 1970 1968 Ath.
1987 1934 2027 1968 13
2044 1938 2096 1973 §1.

176 1994 202 2015 c.
223 1981 276 2015 VI
294 1982 352 2022 (—
366 1982 443 2022 600,
455 1982 500 2022 15)
526 1993 564 2013 ex
583 1981 611 2015 S
635 1982 732 2015 habet
743 1980 877 2015 Nomoc.
891 1982 923 2015 L
942 1983 988 2016 tit.
1005 1983 1047 2016 14
1066 1994 1102 2025 p.
1119 1983 1184 2015 618
1207 1981 1320 2023 Voell.‚
1346 1994 1384 2014 ex
1397 1981 1433 2013 B
1448 1981 1498 2014 Βᾶἶ
1512 1982 1551 2013 K
1563 1982 1615 2023 18,
1627 1989 1641 2015 1
1655 1984 1693 2020 -1-
1711 1983 1748 2014 Ε
1759 1982 1812 2022 11,
1825 1988 1838 2014 1
1850 1981 1897 2023 (p.
1910 1981 1988 2014 434.
2003 1980 2068 2014 298
2081 1979 2215 2020 ΖασῘι.);
2242 1978 2353 2011 eadem

114 2028 315 2070 aliquantum
338 2033 460 2060 mutata
482 2026 688 2070 Epanayoye
712 2028 744 2067 9,
761 2033 777 2060 3
793 2029 831 2066 -1-
850 2028 902 2068 10,
918 2034 946 2060 3.
1005 2027 1060 2060 Ex
1084 2027 1121 2059 B
1145 2028 1270 2060 initium
1294 2027 1352 2068 (—
1377 2027 1418 2059 30
1443 2023 1729 2070 ἑμποδίζωνται)
1754 2027 1870 2070 repetit
1892 2024 2073 2059 Nomoc.dm
2097 2023 2198 2058 XIV
2212 2025 2257 2057 tit.
2277 2024 2309 2064 8,
2325 2030 2355 2065 2,

110 2086 145 2116 p.
160 2074 352 2114 600‚1·1—32
366 2071 528 2105 Nemee-”⁸
541 2072 572 2111 8,
588 2078 631 2113 13,
655 2072 813 2114 inteyrum
837 2079 935 2114 caput
957 2070 1112 2105 Nomoc.d
1127 2073 1169 2105 ib.
1195 2090 1238 2095 —
1263 2071 1479 2104 Summarium
1504 2079 1593 2105 extat
1615 2074 1649 2106 in
1672 2072 1806 2106 Nomoc.
1820 2071 1885 2104 XI
1890 2071 1978 2105 Vtit.
1992 2071 2023 2112 8,
2037 2077 2084 2110 13;
2109 2081 2261 2103 summam
2279 2069 2353 2102 Ath.

114 2120 304 2159 600,1’1-21
329 2124 476 2160 repetunt
494 2117 657 2160 paratitla
680 2116 756 2149 Ath.
774 2117 794 2150 2
815 2121 880 2159 §2,
905 2129 934 2150 v.
951 2123 1058 2151 25-32
1077 2116 1242 2159 paratitlo
1265 2116 1342 2149 Atlz.
1362 2118 1402 2149 15
1420 2120 1471 2155 §1.

113 2198 197 2230 ante
221 2193 316 2229 hanc
347 2193 459 2239 leqem
489 2199 649 2228 nostram
673 2204 723 2229 ex
746 2193 878 2228 curiali
909 2193 1119 2228 condicione
1150 2193 1340 2229 extiterint
1370 2204 1390 2228 e
1417 2193 1534 2239 iscopi
1559 2192 1692 2235 creati,
1725 2192 1791 2228 tali
1814 2192 1958 2239 quidem
1989 2192 2201 2229 condicione
2226 2193 2356 2229 liberos

112 2250 202 2283 esse,
226 2239 422 2285 leqitimam
444 2242 563 2274 autem
583 2242 727 2285 partem
758 2249 808 2274 ex
830 2238 938 2274 rebus
960 2239 1036 2273 suis
1060 2239 1184 2274 curiae
1208 2241 1244 2274 et
1261 2238 1354 2284 fisco
1404 2249 1477 2280 are,
1509 2238 1563 2274 ita
1588 2242 1705 2273 tamen
1731 2241 1772 2273 ut
1801 2238 1939 2274 nullam
1970 2237 2248 2282 deminutionem
2271 2238 2355 2274 iura

113 2284 356 2322 ecclesiastica
372 2285 569 2331 patiantur
591 2284 630 2319 in
653 2283 773 2326 rebus,
798 2294 890 2330 quas
906 2287 998 2330 post
1021 2283 1239 2330 capessitum
1262 2284 1510 2330 episcopatum
1533 2282 1738 2330 adquisitas
1761 2283 1811 2318 ad
1825 2283 2011 2319 ecclesiam
2030 2294 2154 2320 eorum
2167 2284 2355 2331 pertinere

114 2330 376 2367 constituimus.
424 2328 565 2372 Quodsi
583 2329 687 2375 forte
709 2329 903 2375 episcopus
925 2333 1069 2364 creatus
1089 2329 1155 2364 sub
1166 2329 1290 2375 patris
1312 2330 1370 2364 sui
1387 2332 1570 2376 potestate
1583 2328 1644 2370 sit,
1667 2339 1717 2364 ex
1740 2329 1822 2375 ipsa
1846 2330 2030 2365 creatione
2052 2330 2111 2364 sui
2132 2329 2227 2365 iuris
2247 2330 2307 2365 sit.

248 2375 293 2411 V.
343 2374 418 2410 Deo
435 2374 640 2410 carissimos
663 2379 783 2410 autem
807 2374 999 2421 episcopos
1021 2377 1055 2410 et
1077 2373 1276 2410 monachos
1299 2385 1349 2410 ex
1364 2373 1467 2409 nulla
1491 2374 1568 2421 leqe
1591 2377 1730 2409 tutores
1753 2374 1810 2410 vel
1831 2378 2019 2410 curatores
2042 2374 2153 2410 ullius
2170 2385 2355 2420 personae

110 2421 195 2468 fieri
214 2421 466 2468 permittimus.
514 2418 755 2466 Presbyteros
772 2430 857 2455 vero
878 2423 913 2456 et
933 2419 1108 2456 diaconos
1129 2423 1166 2455 et
1186 2419 1431 2456 subdiaconos
1453 2419 1532 2455 iure
1554 2418 1634 2455 solo
1657 2419 1888 2466 coqnationis
1911 2419 1961 2455 ad
1980 2419 2126 2455 tutelam
2150 2420 2208 2455 vel
2229 2430 2354 2455 curam

114 2472 262 2503 vocatos
285 2464 491 2501 huiusmodi
520 2475 650 2500 munus
671 2465 856 2511 suscipere
874 2465 1128 2512 permittimus,
1159 2465 1191 2500 si
1216 2468 1334 2500 tamen
1364 2465 1464 2501 intra
1493 2469 1669 2511 quattuor
1692 2475 1831 2500 menses
1859 2465 2102 2501 numerandos
2132 2464 2177 2500 ab
2202 2475 2245 2501 eo
2271 2469 2354 2501 tem-

113 2523 205 2559 pore
228 2522 300 2558 quo
322 2510 443 2547 vocati
465 2514 551 2545 sunt
573 2509 675 2557 apud
698 2521 776 2546 com
804 2513 953 2546 etentem
977 2509 1129 2546 iudicem
1154 2511 1190 2546 in
1214 2510 1361 2556 scriptis
1384 2509 1651 2546 declaraverint
1675 2520 1715 2545 se
1738 2509 1943 2546 huiusmodi
1972 2521 2104 2546 munus
2132 2521 2201 2546 sua
2223 2513 2355 2556 sponte

114 2557 323 2604 suscepisse.
375 2555 426 2591 Et
447 2556 479 2590 si
499 2555 581 2601 quis
603 2565 728 2591 eorum
749 2522 850 2602 fffrte
873 2554 942 2591 hoc
961 2555 1106 2602 fecerit,
1130 2555 1270 2590 nullum
1293 2555 1377 2591 inde
1426 2554 1664 2591 raeiudicium
1687 2554 1731 2590 de
1755 2555 1830 2591 alia
1855 2555 1967 2591 tutela
1990 2555 2046 2592 vel
2064 2566 2154 2592 cura
2172 2556 2354 2602 patiatur.

250 2601 314 2638 VI.
360 2599 435 2636 Sed
453 2611 498 2636 ne
521 2605 754 2647 exceptorem
785 2600 927 2647 quidem
958 2604 1021 2636 aut
1051 2604 1261 2637 exactorem
1288 2601 1380 2646 fisca
1396 2611 1470 2636 ium
1502 2600 1717 2636 tributorum
1749 2604 1813 2636 aut
1842 2600 2095 2637 conductorem
2125 2600 2354 2647 vectiqalium

115 2647 172 2684 vel
186 2647 387 2682 alienarum
437 2646 676 2682 ossessionum
700 2649 765 2682 aut
780 2650 985 2682 curatorem
1009 2645 1137 2682 domus
1159 2648 1225 2682 aut
1232 2650 1516 2693 procuratorem
1539 2645 1614 2682 litis
1637 2649 1702 2681 aut
1713 2645 1965 2691 fideiussorem
1982 2657 2057 2693 pro
2080 2646 2211 2683 talibus
2234 2646 2355 2682 causis

116 2692 327 2739 episcopum
351 2702 391 2728 ve
426 2701 658 2726 oeconomum
681 2691 740 2727 vel
755 2691 867 2727 alium
887 2692 1143 2738 cuiuscumque
1165 2691 1306 2738 qradus
1325 2691 1495 2728 clericum
1518 2690 1576 2727 vel
1596 2690 1810 2727 monachum
1827 2692 1988 2739 proprio
2011 2696 2077 2727 aut
2094 2691 2266 2728 ecclesiae
2289 2694 2355 2727 aut

115 2736 326 2773 monasterii
348 2736 492 2772 nomine
513 2737 672 2773 existere
687 2736 945 2783 permittimus,
975 2747 1020 2772 ne
1035 2747 1110 2784 per
1132 2735 1227 2772 hanc
1249 2747 1398 2773 causam
1421 2740 1458 2773 et
1479 2737 1616 2773 sanctis
1639 2735 1805 2772 domibus
1835 2736 2005 2772 damnum
2028 2737 2216 2784 inferatur
2243 2739 2278 2773 et
2301 2736 2354 2772 di-

183 2831 204 2864 2
226 2826 333 2871 τύχης
356 2840 411 2862 om.
426 2829 458 2862 L
476 2827 488 2872 11
505 2826 598 2861 εἶναι
618 2828 665 2862 M
668 2827 773 2868 glut]
798 2826 892 2861 εἶναι
915 2827 1141 2872 θεσπίζομεν
1157 2829 1200 2871 L,

115 2875 203 2919 ναῖς.
221 2874 235 2918 11
251 2875 270 2908 3
284 2875 387 2919 μέρος
398 2874 431 2907 L
441 2874 531 2910 ςΙαὶ.
545 2874 635 2914 Ata]
659 2874 774 2917 μέρος,
789 2874 955 2907 τουτέστι
968 2870 1012 2906 τὸ
1030 2868 1200 2952 ἐνναοΞγ-

115 2931 195 2954 κιον
207 2920 250 2953 Μ
260 2920 315 2963 (cf.
329 2921 374 2952 ad
385 2920 463 2961 594,
476 2919 524 2962 34)
547 2918 559 2962 11
585 2915 711 2952 αὐτῶν
732 2919 810 2952 decli
822 2931 860 2952 ex
872 2929 892 2955 ς
902 2919 967 2952 Iul.
981 2913 1119 2960 (αὐτῶν
1164 2931 1201 2952 a·

116 2966 274 3006 chariae)]
299 2959 411 2997 αὐτοῦ
425 2964 498 2997 ML
517 2964 567 3007 114
589 2964 713 3007 μέντοι
737 2974 754 2995 e
766 2963 824 3004 M]
848 2965 974 3006 μέντοι
990 2964 1022 2997 L
1039 2963 1051 3007 11
1069 2964 1089 2996 6
1108 2962 1200 3007 μετὰ

117 3008 186 3052 τὴν
210 3006 426 3050 ἐπισκοπὴν]
449 3007 487 3040 in
509 3008 544 3050 (i.
558 3020 584 3042 e.
609 3005 704 3041 κατὰ
731 3010 743 3051 )
767 3008 959 3052 episcopatu
983 3020 1003 3045 ς
1018 3008 1031 3048 ΙΙ
1052 3010 1093 3044 10
1116 3007 1201 3043 αὗτ-

117 3054 277 3094 εξουσιον
292 3052 385 3087 εἶναι
398 3052 464 3094 Bt,
488 3053 584 3086 ἔστω
601 3066 658 3087 om.
671 3052 827 3088 Nemee!
843 3053 855 3097 ΙΙ
875 3055 916 3089 12
931 3051 1151 3099 κουράτορας
1164 3054 1201 3088 Β

117 3101 227 3143 Epan.
246 3101 288 3142 (et
303 3100 350 3133 sic
366 3099 469 3141 infra)
485 3098 497 3141 11
518 3099 559 3132 14
575 3099 635 3130 καὶ
652 3094 851 3140 διακόνους]
875 3100 935 3132 καὶ
956 3110 1012 3132 om.
1026 3099 1178 3133 Nomocst
1189 3098 1202 3145 11

120 3147 161 3180 15
185 3146 246 3178 καὶ
269 3155 325 3178 om.
340 3143 382 3176 M
388 3147 406 3165 ⁴¹
429 3141 442 3197 11
471 3139 575 3186 νόμῳ
599 3143 714 3185 Sat,
731 3143 923 3185 Nemeam
949 3143 960 3187 11
988 3139 1023 3186 ἢ]
1051 3146 1111 3177 καὶ
1134 3145 1201 3179 Νο-

117 3190 213 3224 ητος.α
231 3189 244 3234 11
268 3190 311 3224 16
334 3200 508 3231 τοιαυτην
533 3200 589 3222 om.
607 3189 718 3232 Epan.
742 3188 755 3232 11
779 3185 1025 3231 ὑποδέχεσθαι
1049 3186 1201 3235 λειτουρ-

117 3238 201 3281 γίαν
221 3235 250 3268 S
271 3234 284 3278 11
311 3236 350 3268 17
376 3235 499 3277 μέντοι
524 3233 575 3267 ΒΓ
597 3233 609 3271 ΙΙ
638 3234 678 3268 18
704 3228 988 3278 ἀριθμουμένων
1012 3245 1067 3268 om.
1086 3246 1105 3270 ς
1120 3234 1133 3279 11
1160 3237 1198 3270 21

118 3278 264 3322 ποιήσοι
279 3280 330 3312 Βο
347 3278 359 3322 11
377 3281 419 3313 23
440 3274 535 3312 Ἀλλ’
552 3273 647 3319 οὐδὲ]
671 3278 786 3312 Alium
802 3281 913 3312 autem
929 3279 963 3322 (i.
978 3291 1003 3313 e.
1021 3276 1132 3314 ἄλλον
1148 3277 1200 3321 δὲ)

118 3325 190 3358 fieri
211 3336 230 3361 ς
246 3324 258 3367 11
285 3325 329 3358 24
343 3322 542 3367 μισθωτὸν
554 3320 598 3358 Μ
612 3323 624 3367 11
640 3320 665 3367 ἢ
680 3321 902 3370 κουράτωρα]
926 3322 1127 3371 κουράτορα
1142 3327 1202 3359 καὶ

118 3371 228 3415 Epan.
248 3368 261 3414 11
278 3371 319 3403 25
340 3368 448 3410 οἴκου]
473 3367 570 3402 οἴκου
582 3369 652 3411 (om.
666 3369 730 3412 La)
749 3367 773 3411 ἢ
788 3366 975 3412 διοικητὴν
987 3370 1019 3402 L
1036 3370 1048 3414 11
1067 3371 1109 3404 26
1124 3370 1202 3405 τῶν

118 3413 298 3449 τοιούτων
321 3415 350 3449 S
363 3414 457 3450 elul.
471 3415 548 3448 Atb.
567 3415 624 3459 (cf.
642 3415 718 3456 600,
732 3415 774 3458 5)]
797 3412 942 3448 τούτων
965 3414 1043 3448 τῶν
1065 3415 1175 3450 MLB
1189 3416 1201 3460 11

120 3462 162 3495 29
187 3459 247 3494 ἵνα
263 3479 307 3485 -
324 3461 366 3495 30
385 3456 654 3504 ἐμποδίζωνται
677 3471 732 3494 om.
747 3460 776 3494 S
786 3461 899 3504 Epan.
914 3459 928 3505 11
945 3460 990 3494 30
1011 3457 1052 3494 αἱ
1073 3472 1128 3495 om.
1139 3462 1185 3495 M
1191 3466 1203 3506 11

119 3502 377 3549 ἐμποδίζονται
396 3506 468 3539 ML
478 3506 639 3543 Νονιιος]η

181 3641 198 3673 1
224 3639 395 3672 ordinanti
413 3640 446 3673 R
463 3639 476 3683 11
493 3641 513 3673 2
539 3638 684 3680 quidem]
709 3639 770 3681 qui
784 3639 824 3672 de
845 3639 895 3673 V¹
921 3640 1055 3682 quidem
1070 3641 1110 3676 de
1130 3642 1204 3687 17211

122 3694 190 3718 esse
211 3683 408 3727 legitimam]
433 3683 656 3727 colegitimam
682 3685 715 3718 Τ
722 3685 732 3704 ¹
747 3685 760 3727 11
780 3686 800 3719 5
824 3684 1009 3731 suscipiant
1033 3686 1089 3731 Tu
1108 3690 1202 3730 quas]

122 3730 203 3773 quia
228 3729 311 3775 1⁷²ss
334 3730 372 3764 in
395 3729 623 3773 episcopatum
646 3729 831 3772 adquisitas
851 3730 903 3765 V2
925 3730 1109 3774 adquisitas
1134 3733 1202 3777 epi-

1269 2831 1440 2870 scopatum
1464 2827 1513 2871 (in
1530 2828 1721 2871 episcopatu
1739 2828 1801 2871 T2)
1827 2829 1861 2862 T
1875 2830 1887 2872 11
1903 2831 1923 2864 6
1948 2830 2142 2871 competere]
2168 2830 2354 2872 competere

1268 2883 1384 2906 eorum
1407 2873 1457 2905 R¹
1472 2873 1484 2916 11
1504 2874 1524 2907 8
1549 2875 1600 2915 ex]
1626 2875 1660 2906 et
1680 2884 1719 2907 ex
1738 2874 1795 2917 Vn
1823 2875 1863 2908 11
1876 2876 1964 2908 rubr.
1988 2874 2039 2907 De
2060 2874 2260 2918 presbyteris
2284 2874 2354 2908 dia-

1268 2919 1361 2952 conis
1386 2919 1419 2950 et
1442 2918 1654 2952 subdiaconis
1685 2919 1758 2952 iure
1782 2918 1991 2961 cognationis
2022 2919 2063 2953 ad
2087 2920 2228 2954 tutelam
2250 2930 2353 2953 uoca-

1268 2964 1312 2996 tis
1339 2964 1371 2997 T
1386 2965 1419 2997 in
1435 2976 1537 3008 mary.
1557 2966 1609 3006 (ex
1623 2965 1701 3006 Iul.)
1726 2963 1739 3008 11
1769 2964 1846 2998 deos
1869 2965 1919 2997 R¹
1944 2964 1956 3009 11
1981 2965 2139 2999 amabiles
2162 2967 2273 2999 autem
2293 2965 2327 2999 V
2342 2963 2355 3010 11

1271 3011 1312 3043 12
1336 3008 1499 3050 cuiusque
1522 3009 1556 3042 R
1574 3008 1587 3054 11
1610 3011 1651 3044 13
1675 3009 1884 3053 presbyteros
1909 3010 1942 3043 T
1949 3011 2037 3054 vulq.
2057 3010 2069 3050 ΙΙ
2085 3010 2280 3044 diaconibus
2301 3011 2354 3043 Ra

1269 3054 1425 3087 diaconos
1449 3053 1616 3096 (diacones
1633 3053 1696 3096 2⁷³)
1722 3055 1756 3088 T
1769 3055 1855 3098 vuly.
1872 3053 1885 3098 11
1905 3056 1947 3089 14
1963 3055 2181 3088 subdiaconos
2195 3055 2323 3099 Tvulq.
2340 3054 2353 3099 11

1269 3100 1342 3132 iure
1366 3098 1574 3141 cognationis
1598 3100 1632 3132 et
1655 3098 1728 3142 lege
1749 3099 1787 3141 V,
1811 3101 1845 3132 et
1863 3098 1938 3141 lege
1963 3113 2021 3133 om.
2035 3101 2086 3141 R,
2111 3103 2144 3133 et
2159 3100 2232 3142 lege
2247 3119 2292 3123 —
2311 3101 2351 3133 15

1267 3144 1401 3188 proprie
1415 3152 1444 3178 et
1458 3146 1499 3179 16
1512 3144 1619 3186 gradu
1635 3145 1718 3178 delet
1734 3145 1963 3188 Osenbric'yqen
1983 3144 1995 3188 11
2011 3144 2150 3177 tutelam
2161 3163 2205 3169 ·—-
2220 3146 2261 3179 16
2275 3155 2352 3186 cog-

1268 3189 1415 3223 nationis
1438 3190 1498 3223 del.
1522 3190 1616 3223 Beck
1637 3189 1649 3232 11
1678 3191 1719 3223 16
1743 3189 1964 3231 cognationis]
1996 3191 2030 3222 et
2053 3189 2262 3231 cognationis
2289 3190 2324 3224 V
2339 3189 2353 3233 11

1271 3238 1311 3270 17
1330 3234 1528 3268 huiusmodo
1552 3234 1874 3267 administrationem
1897 3234 2061 3277 suscipere
2079 3236 2112 3268 R
2128 3235 2140 3277 11
2162 3236 2201 3269 18
2226 3236 2273 3268 tffi
2299 3234 2353 3279 VH

1271 3283 1312 3316 19
1337 3280 1460 3322 scripto
1477 3279 1647 3312 declarant
1663 3280 1714 3313 R¹
1737 3279 1861 3322 scripto
1878 3279 2027 3312 deu-n
2049 3279 2098 3313 T²
2122 3279 2279 3313 declan-
2303 3280 2351 3314 V¹

1269 3326 1414 3359 declaret
1437 3324 1559 3368 scripto
1580 3323 1632 3358 V2
1659 3324 1671 3369 11
1701 3326 1743 3359 20
1767 3325 1914 3368 propria]
1946 3335 2007 3367 pro
2028 3325 2063 3359 V
2084 3324 2097 3369 11
2125 3326 2167 3359 23
2188 3327 2277 3359 rubr.
2302 3326 2352 3359 De

1269 3371 1399 3405 clericis
1424 3373 1463 3404 ut
1483 3371 1671 3412 exceptores
1694 3368 1749 3403 uel
1769 3372 1936 3403 exactores
1960 3369 2170 3414 publicarum
2193 3370 2351 3404 tributio·

1270 3427 1350 3450 num
1366 3418 1425 3449 aut
1441 3415 1657 3449 conductores
1673 3415 1890 3458 uectigalium
1905 3418 1964 3448 aut
1980 3415 2122 3448 aliarum
2136 3417 2211 3457 (scr.
2224 3415 2351 3450 aliena-

1270 3473 1343 3495 rum
1366 3461 1618 3504 possessionum)
1642 3460 1698 3494 uel
1721 3462 1890 3494 curatores
1914 3460 1987 3494 litis
2009 3460 2067 3493 uel
2087 3460 2294 3495 fideiussores
2313 3463 2350 3495 in

1270 3507 1393 3540 talibus
1417 3506 1525 3539 causis
1547 3516 1616 3539 non
1639 3505 1722 3539 fiant
1747 3506 1823 3540 Tin
1840 3519 1943 3550 mary.
1965 3507 2019 3549 (ex
2032 3506 2112 3548 lut.)
2127 3507 2140 3549 11
2159 3509 2269 3540 autem
2293 3519 2350 3541 om.

1272 3554 1304 3586 Τ
1311 3553 1320 3572 ¹
1338 3551 1350 3596 11
1370 3553 1577 3585 exauctorem
1605 3551 1654 3584 Τ1
1681 3551 1693 3595 11
1725 3553 1768 3585 24
1788 3551 1999 3594 publicarum
2024 3552 2109 3593 libri,
2125 3563 2207 3586 corr.
2220 3553 2318 3587 ,Beck
2336 3551 2352 3619 L}

1270 3598 1328 3631 aut
1346 3597 1544 3638 alienarum]
1567 3598 1627 3629 aut
1650 3609 1708 3630 om.
1722 3598 1774 3630 Ra
1792 3596 1806 3641 11
1822 3598 1863 3631 25
1880 3595 2121 3640 possessionum
2137 3601 2196 3631 aut
2215 3610 2277 3631 scr.
2299 3598 2334 3632 V

1271 3645 1304 3677 in
1321 3655 1387 3676 ras.
1403 3644 1423 3676 6
1442 3643 1499 3676 litt.
1517 3642 1530 3686 11
1555 3643 1598 3676 26
1621 3643 1835 3685 procuratore
1858 3643 1890 3675 Τ
1896 3642 1907 3663 ¹
1923 3641 1935 3686 11
1962 3643 2004 3676 27
2029 3653 2204 3685 yconomos
2223 3643 2260 3677 V
2274 3653 2350 3687 yco-

1270 3688 1366 3721 nium
1380 3688 1413 3721 T
1419 3687 1430 3708 ¹
1447 3687 1460 3731 11
1478 3688 1519 3722 28
1533 3687 1667 3721 nomine
1683 3687 1820 3731 proprio
1840 3686 1897 3731 Vss
1915 3689 1956 3722 29
1969 3687 2103 3722 finimus
2117 3688 2151 3722 R
2174 3688 2279 3723 simus
2299 3689 2352 3735 Vll

1271 3735 1321 3775 ut]
1345 3735 1405 3766 aut
1426 3732 1505 3778 13²1!
1523 3734 1565 3768 30
1589 3734 1722 3775 sanctis]
1746 3733 1783 3766 in
1807 3733 1930 3767 sanctis
1953 3733 2003 3767 R¹
