2586 3990
112 1893 115 1895 v
157 1871 202 1903 tit.
218 1870 304 1910 3,14.
333 1871 429 1909 11,1;
455 1883 605 1903 summam

156 102 216 132 DE
244 99 594 132 ECCLESIASTICIS
624 100 799 132 TITULIS

1217 83 1301 131 657

1930 85 2036 129 Nov.
2063 83 2242 142 cxxx1
2273 83 2380 126 6—8

1148 197 1306 234 CAPUT
1330 197 1392 233 VI.

210 266 307 303 Ἀντὶ
332 266 371 302 δὲ
401 269 478 303 τῶν
500 271 657 313 χρονίων
681 268 932 315 παραγραφῶν
963 268 1040 302 τῶν
1063 264 1148 307 δέκα
1177 269 1236 299 καὶ

156 315 267 347 εἴκοσι
298 318 357 347 καὶ
381 313 575 359 τριάκοντα
600 314 778 347 ἐνιαυτῶν
801 317 878 348 ταῖς
901 310 1018 359 ἁγίαις
1041 310 1236 355 ἐκκλησίαις

156 363 215 392 καὶ
242 361 314 392 τοῖς
337 357 454 392 ἄλλοις
483 354 598 393 ἅπασι
630 362 836 403 σεβασμίοις
865 357 990 392 τόποις
1020 357 1137 402 μόνην
1167 360 1235 399 τὴν

156 405 233 438 τῶν
262 402 532 457 τεσσαρακοντα
564 405 742 458 ἐνιαυτῶν
773 416 939 459 παραγρα
970 402 1015 447 ὴν
1047 400 1234 437 ἀντιτίθε-

1374 265 1443 300 Pro
1473 264 1728 310 temporalibus
1759 266 1877 299 autem
1909 262 2251 308 praescriptionibus
2281 262 2314 296 X
2345 264 2382 297 et

1303 309 1372 344 XX
1397 313 1432 344 et
1455 310 1559 344 XXX
1584 321 1758 345 annorum
1788 310 2025 344 sacrosanctis
2057 307 2217 343 ecclesiis
2244 311 2279 343 et
2302 307 2381 342 aliis

1303 355 1476 390 universis
1493 355 1754 391 venerabilibus
1774 355 1862 390 locis
1884 355 1995 390 solam
2016 354 2249 399 quadraginta
2270 363 2380 387 anno-

1304 411 1382 435 rum
1405 402 1721 446 praescriptionem
1746 400 1877 445 opponi
1901 400 2154 444 praecipimus;
2179 399 2248 434 hoc
2264 398 2381 442 ipsum

157 449 250 482 σθαι
280 460 565 502 προςταττομεν·
598 462 727 483 τουτου
753 462 861 483 αυτου
887 462 933 494 φυ
959 451 1153 492 αττομένου
1176 450 1235 481 καὶ
1272 446 1476 481 bservando
1508 450 1543 481 et
1576 446 1613 481 in
1637 446 1821 481 exactione
1852 446 2049 489 legatorum
2080 446 2116 480 et
2146 444 2382 479 hereditatum

157 495 196 527 ἐν
219 494 263 540 τῇ
289 493 480 536 απαιτήσει
510 496 588 528 τῶν
612 492 779 540 ληγάτων
807 497 866 528 καὶ
889 495 967 528 τῶν
989 493 1236 539 κληρονομιῶν

155 539 232 572 τῶν
256 538 303 572 εἰς
326 535 481 583 εὐσεβεῖς
506 540 620 574 αἰτίας
644 538 990 583 καταλελειμμένων.

1306 501 1397 535 quae
1419 492 1464 526 ad
1487 492 1566 537 pias
1591 501 1720 527 causas
1744 491 1890 526 relictae
1914 494 2008 526 sunt.

1135 626 1290 662 CAPUT
1315 626 1394 662 V11.

207 697 259 729 Εἴ
279 708 331 730 τις
355 695 394 730 δὲ
418 696 614 740 βουληθείη
638 694 869 740 οἰκοδομῆσαι
893 693 1091 739 σεβάσμιον
1115 691 1236 737 εὗκτή-

156 755 234 796 ριον
259 738 281 784 ἢ
304 742 558 796 μοναστήριον,
590 742 637 794 μὴ
662 741 778 775 ἄλλως
810 737 981 796 (ἐρχέσθω
1013 740 1077 773 τοῦ
1102 737 1235 773 οἰκοδο-

1361 695 1399 729 Si
1423 694 1502 738 quis
1523 696 1641 728 autem
1664 692 1816 728 voluerit
1839 692 2016 727 fabricare
2040 691 2242 726 venerabile
2265 692 2382 726 orato-

1303 739 1394 774 rium
1419 741 1482 774 aut
1496 738 1766 781 monasterium,
1792 748 1863 772 non
1888 737 1991 771 aliter
2013 737 2248 772 incohandam
2272 735 2382 770 fabri-

154 798 332 841 μηματος,
365 788 395 820 εἰ
425 788 474 831 μὴ
506 800 525 820 ο
556 799 633 821 των
656 787 784 820 τόπων
814 797 1013 819 οσιωτατος
1045 787 1399 826 ε’πίσκοποςῙΟοιιῐη,
1430 785 1497 820 nisi
1521 786 1678 819 locorum
1704 783 1948 818 sanctissimus
1973 782 2163 827 episcopus
2189 781 2384 817 orationem

157 846 263 886 ευχην
295 834 405 866 ἐκεῖσε
438 833 577 876 ποιήσει
608 835 666 865 καὶ
698 831 762 866 τὸν
786 835 908 875 τίμιον
939 830 1042 873 πήξει
1067 827 1234 877 σταυρόν.

156 879 177 912 1
232 880 260 911 0
284 876 323 911 δὲ
347 874 447 917 ἅπαξ
471 874 665 922 ἀρχόμενος
694 875 714 919 ἢ
734 879 817 910 νέον
841 878 973 917 κτίζειν
997 872 1182 920 εὖκτήριον
1213 872 1235 917 ἢ

157 922 316 956 παλαιὸν
333 920 522 964 ἄνανεοῦν,
540 920 687 967 τρόποις
703 918 841 956 ἅπασιν
858 918 1122 967 ἆναγκαζέσθω
1136 921 1234 965 παρὰ

157 970 220 1000 τοῦ
245 966 524 1022 μακαριωτάτου
547 968 625 1000 τῶν
643 966 773 1001 τόπων
797 966 995 1001 ἐπισκόπου
1020 969 1079 1000 καὶ
1094 967 1171 1000 τῶν
1187 968 1235 999 οἰ-

236 1014 242 1023 ,
450 1013 465 1020 -ι

1304 830 1352 865 ibi
1374 830 1502 865 fecerit
1526 833 1561 865 et
1582 829 1818 865 venerabilem
1845 827 1963 862 fixerit
1987 837 2137 862 crucem.

1305 878 1325 911 1
1373 875 1410 910 Si
1434 886 1515 911 vero
1540 875 1649 910 semel
1673 874 1831 919 coeperit
1862 877 1925 908 aut
1950 882 2077 907 novam
2108 872 2297 907 aedificare
2320 872 2382 906 ba-

1305 921 1439 956 silicam
1471 924 1535 956 aut
1566 924 1716 955 veterem
1745 929 1933 960 renovare,
1963 918 2078 953 modis
2102 918 2264 953 omnibus
2290 927 2384 952 com-

1304 966 1459 1010 pellatur
1484 976 1505 1001 a
1522 965 1724 1001 beatissimo
1748 965 1906 1000 locorum
1931 963 2098 1008 episcopo
2123 965 2159 998 et
2183 962 2384 998 oeconomis

157 1026 325 1057 κονομων
357 1025 466 1067 αυῖου
494 1016 553 1046 καὶ
577 1013 642 1046 τοῦ
667 1011 851 1046 πολιτικοῦ
877 1010 1045 1057 ἄρχοντος
1069 1008 1091 1054 ἢ
1117 1007 1234 1055 αὐτός,
1252 1015 1290 1046 15
1304 1011 1380 1046 eius
1411 1015 1447 1046 et
1479 1011 1571 1047 civili
1595 1011 1711 1046 iudice
1742 1021 1818 1045 eam
1843 1009 1995 1055 explere,
2029 1012 2064 1044 et
2087 1009 2118 1044 Si
2140 1009 2171 1044 is
2197 1008 2383 1049 distulerilz,

157 1059 187 1090 εἰ
211 1062 357 1105 περιείη,
391 1071 411 1100 η
445 1056 573 1091 τούτου
602 1055 838 1091 τελευτῶντος
868 1056 902 1090 οἱ
930 1055 1144 1103 κληρονόμοι
1175 1053 1235 1090 αὐ-

157 1105 220 1137 τοῦ
245 1105 287 1138 τὸ
314 1101 452 1147 ἆρχθὲν
477 1104 580 1149 ἔργον
605 1101 774 1148 πληροῦν.

1305 1057 1373 1136 1]ρο
1407 1057 1579 1137 rtnoriente
1612 1056 1761 1092 heredes
1797 1056 1872 1091 eius
1909 1064 2001 1100 opus
2035 1054 2241 1090 incohatum
2273 1053 2384 1089 adim-

1304 1113 1327 1147 p
1344 1112 1408 1137 ean
1430 1130 1436 1137 .

1134 1191 1290 1228 CAPUT
1315 1192 1411 1229 VIII.

219 1260 275 1294 Εἴ
292 1271 344 1293 τις
368 1261 406 1293 ἐν
431 1262 482 1303 τῷ
506 1258 586 1303 ἰδίῳ
613 1260 697 1303 οἴκῳ
723 1258 745 1303 ἢ
770 1264 975 1305 προαστείῳ
1001 1257 1021 1303 ἢ
1046 1264 1165 1306 χωρίῳ
1185 1262 1236 1294 ἐκ·

157 1303 410 1348 κλησιαστικὴν
428 1304 649 1351 λειτουργίαν
666 1304 839 1350 τολμήσει,
852 1304 1053 1340 ἐπιτελέσαι
1076 1304 1098 1348 ἢ
1120 1304 1238 1339 ἄλλοις

1375 1261 1412 1295 Si
1437 1260 1514 1304 quis
1537 1260 1574 1294 in
1599 1269 1665 1294 sua
1689 1259 1792 1293 domo
1814 1261 1876 1293 aut
1900 1258 2104 1293 suburbano
2128 1256 2225 1304 (aut)
2240 1256 2386 1302 praedio

1307 1306 1586 1340 ecclesiasticum
1617 1304 1849 1339 ministerium
1881 1303 2082 1339 ministrare
2110 1301 2387 1348 praesumpserit

159 1349 360 1384 ἐπιτελέσαι
385 1352 605 1395 συγχωρήσει
637 1349 718 1405 διζχα
751 1350 929 1395 κληρικῶν
960 1352 1012 1393 τῷ
1043 1347 1237 1394 ὁσιωτάτῳ
1252 1353 1294 1385 20
1307 1355 1370 1386 aut
1401 1351 1479 1386 aliis
1513 1350 1690 1385 celebrare
1723 1350 1940 1385 concesserit
1971 1349 2048 1384 sine
2074 1349 2210 1384 clericis
2235 1348 2386 1383 sanctis-

158 1393 346 1438 ἐπισκόπῳ
382 1397 459 1429 τῶν
491 1396 619 1430 τόπων
654 1399 912 1439 υποκειμένων,
948 1395 1137 1441 κελεύομεν
1171 1396 1238 1430 τὸν

157 1440 256 1473 οἷκον
280 1439 408 1474 τούτου
433 1438 455 1483 ἢ
476 1440 694 1486 προάστειον
717 1439 740 1485 ἢ
763 1445 895 1487 χωρίον
920 1437 1011 1476 ὅπου
1035 1441 1178 1475 τοιοῦτό
1203 1455 1238 1475 τι

158 1484 386 1529 ἁμαρτηθείη
418 1487 462 1533 τῇ
487 1486 579 1520 κατὰ
611 1486 679 1521 τὸν
707 1485 824 1521 τόπον
854 1485 1039 1535 ἁγιωτάτῃ
1072 1485 1240 1530 ἐκκλησίᾳ

158 1528 380 1564 ἐκδικεῖσθαι
416 1529 476 1565 διὰ
501 1533 581 1586 ,τοῦ
619 1530 905 1577 θεοφιλεστάτου
944 1533 1143 1567 ἐπισκόπου
1180 1535 1240 1565 καὶ

1307 1397 1394 1431 simo
1419 1396 1577 1432 locorum
1600 1396 1769 1440 episcopo
1798 1394 2075 1436 subiacentibus,
2108 1394 2270 1429 iubemus
2294 1394 2388 1428 hanc

1307 1441 1448 1477 domum
1478 1445 1541 1476 aut
1565 1441 1808 1477 suburbanum
1831 1442 1894 1475 aut
1917 1440 2112 1484 praedium,
2142 1439 2204 1474 ubi
2226 1439 2298 1474 tale
2322 1438 2387 1473 ali·

1308 1488 1390 1531 quid
1425 1486 1649 1530 delinquitur,
1693 1486 1762 1521 loci
1799 1485 1894 1520 illius
1935 1485 2180 1520 sanctissimae
2216 1485 2389 1520 ecclesiae

1308 1532 1477 1567 vindicari
1511 1542 1575 1577 per
1611 1532 1676 1566 deo
1709 1531 1895 1566 amabilem
1932 1531 2137 1575 episcopum
2169 1533 2205 1565 et
2235 1540 2387 1565 oecono-

157 1577 221 1610 τοῦ
247 1576 436 1620 οἰκονόμου
467 1579 579 1610 αυτοῦ
609 1581 667 1610 καὶ
701 1579 764 1611 τοῦ
795 1576 980 1612 πολιτικοῦ
1009 1579 1087 1612 τῶν
1110 1576 1239 1612 τόπων
1253 1579 1294 1612 25
1307 1589 1402 1613 mum
1426 1578 1503 1613 eius
1528 1581 1562 1612 et
1587 1577 1721 1612 civilem
1744 1576 1895 1611 iudicem
1919 1577 2090 1611 locorum.

158 1623 179 1656 1
227 1619 406 1666 ἄρχοντος.
477 1623 508 1655 εἰ
532 1620 571 1655 δὲ
593 1619 804 1668 ἀγνοοῦντος
835 1623 899 1657 τοῦ
931 1624 1008 1657 τῶν
1032 1623 1161 1657 τόπων
1186 1620 1240 1656 δε-

157 1663 294 1700 σπότου
318 1665 354 1699 οἱ
376 1664 484 1700 αὐτοῦ
508 1670 721 1711 φροντισταὶ
753 1666 774 1710 ἢ
797 1668 987 1710 μισθωταὶ
1017 1665 1040 1710 ἢ
1068 1670 1238 1712 ἐμφυτευ-

156 1713 216 1744 ταὶ
240 1712 407 1744 ἐναντίον
427 1724 463 1744 τι
487 1710 700 1754 ποιήσουσιν
719 1710 742 1755 ἢ
762 1713 938 1757 γενέσθαι
958 1713 1236 1758 συγχωρήσουσι,

1309 1625 1328 1658 1
1375 1623 1413 1658 Si
1435 1633 1518 1658 vero
1542 1622 1724 1658 nesciente
1748 1622 1907 1656 locorum
1940 1621 2080 1656 domino
2110 1620 2184 1655 eius
2206 1623 2389 1655 curatores

1307 1671 1369 1703 aut
1392 1668 1625 1703 conductores
1654 1671 1716 1702 aut
1741 1667 1987 1712 emphyteotae
2011 1666 2230 1702 contrarium
2255 1666 2390 1710 aliquid

1306 1714 1462 1748 exerceri
1493 1713 1734 1758 permiserint,
1770 1712 1950 1747 dominum
1981 1712 2122 1755 quidem
2151 1711 2221 1747 loci
2252 1712 2390 1746 nullum

224 1791 248 1811 c.
273 1779 323 1811 VI
344 1791 381 1811 ex
405 1779 442 1812 B
466 1780 561 1813 habet
585 1780 657 1812 Ecl.
688 1780 768 1812 Bas.
795 1781 910 1817 I—X;
942 1782 1145 1814 summarium
1171 1788 1258 1814 extat
1279 1776 1370 1814 Ῥοπ.
1397 1783 1450 1821 42,
1470 1788 1497 1815 8.

223 1837 248 1856 c.
271 1824 343 1857 VII
363 1837 401 1857 ex
429 1824 461 1857 Β
487 1825 604 1858 babent
627 1824 807 1858 Νοηιοεέῑ7η
826 1825 924 1858 XIV
939 1827 983 1858 tit.
999 1827 1029 1866 3,
1044 1833 1091 1866 14,
1125 1839 1178 1869 pr.
1195 1826 1251 1868 (-
1269 1827 1322 1867 11)
1347 1827 1418 1860 Eat.
1445 1827 1530 1859 Bas.
1555 1826 1667 1859 I—X.
1689 1844 1733 1850 —
1758 1825 1945 1859 Summaria
1969 1825 2116 1858 exhibent
2139 1824 2272 1858 Nomoc.
2298 1825 2398 1858 XIV

630 1870 682 1912 §1
709 1871 838 1912 Ecloqa
864 1871 909 1903 ad
931 1871 1111 1904 Prot-hiron
1137 1879 1258 1904 mutata
1284 1873 1381 1912 23,12
1401 1884 1437 1915 p.
1453 1874 1514 1906 117
1534 1872 1637 1905 Zach-

224 1927 250 1947 ε.
268 1914 360 1947 VIII
370 1927 407 1947 ez·
420 1915 455 1947 B
469 1916 586 1948 habent
597 1915 776 1949 Nomocfim
790 1913 941 1949 XIVtit.
952 1917 1043 1958 3,14,
1068 1918 1149 1950 idem
1172 1918 1295 1959 passim
1315 1918 1540 1960 interpolatum
1565 1918 1634 1952 cod.
1658 1917 1731 1950 Vat.
1756 1917 1798 1949 ib.
1822 1916 1914 1959 apud
1929 1914 2025 1949 Pitra
2045 1927 2080 1959 p.
2096 1915 2177 1954 506;
2200 1927 2251 1958 pr.
2267 1915 2322 1957 (-—
2334 1916 2388 1955 26)

158 1960 229 1991 Ecl.
246 1959 328 1991 Bas.
342 1959 453 1991 I—X.
498 1961 660 1994 Summam
672 1968 822 2003 praestat
837 1961 969 1994 Nomoc.
984 1962 1135 1995 Xthit.
1151 1963 1182 2002 3,
1196 1969 1237 1995 14.

292 2046 352 2081 VI.
401 2045 477 2082 Pro
503 2048 760 2093 temporalibus
790 2053 907 2084 autem
937 2050 1102 2093 praescri
1132 2049 1287 2083 tionibus
1318 2049 1436 2083 decem
1468 2052 1531 2083 aut
1554 2049 1685 2094 viqinti
1706 2052 1771 2083 aut
1794 2048 1947 2093 triqinta
1969 2058 2146 2083 annorum
2177 2052 2218 2084 ut
2239 2050 2388 2085 sanctis-

158 2092 257 2127 simis
287 2091 445 2126 ecclesiis
477 2092 675 2138 ceterisque
706 2092 868 2127 omnibus
900 2093 1092 2128 venerabili
1116 2103 1159 2127 us
1190 2093 1278 2128 locis
1309 2094 1388 2128 sola
1421 2093 1669 2138 quadraqinta
1701 2103 1879 2128 annorum
1900 2093 2143 2139 praescriptio
2169 2098 2390 2140 opponatur,

156 2137 412 2183 praecipimus,
447 2137 556 2182 idque
589 2138 707 2184 ipsum
744 2137 949 2173 observetur
985 2138 1093 2173 etiam
1128 2138 1165 2173 in
1194 2138 1387 2173 eaeactione
1416 2139 1618 2184 leqatorum
1649 2142 1685 2174 et
1714 2137 1951 2173 hereditatum
1982 2137 2033 2173 ad
2054 2138 2143 2184 pias
2175 2148 2306 2174 causas
2335 2150 2390 2175 re-

160 2184 334 2217 lictarum.

294 2227 373 2262 VII.

423 2226 463 2261 Si
486 2227 567 2273 quis
591 2231 708 2263 autem
732 2227 933 2263 venerabile
958 2228 1157 2263 oratorium
1180 2227 1236 2263 vel
1258 2228 1514 2263 monasterium
1544 2226 1739 2271 aedificare
1762 2227 1932 2270 voluerit,
1969 2238 2013 2262 ne
2036 2227 2143 2263 aliter
2166 2227 2307 2264 initium
2329 2229 2390 2275 fa-

159 2273 232 2308 ciat
256 2272 491 2317 aedificandi,
524 2273 595 2307 nisi
612 2273 858 2308 sanctissimus
878 2272 1039 2308 locorum
1059 2273 1249 2319 episcopus
1273 2274 1522 2319 precationem
1548 2272 1596 2307 ibi
1620 2272 1754 2317 fecerit
1776 2276 1812 2308 et
1836 2272 2071 2308 venerabilem
2091 2283 2232 2309 crucem
2250 2274 2389 2318 fixerit.

159 2321 181 2354 1
229 2317 298 2360 Qut
322 2322 440 2352 autem
464 2317 572 2352 semel
595 2318 713 2364 coepit
735 2318 809 2353 sive
831 2328 962 2352 novum
985 2318 1185 2353 oratorium
1208 2319 1361 2354 condere
1383 2319 1456 2354 sive
1479 2321 1578 2352 vetus
1600 2326 1787 2360 renovare,
1818 2318 1933 2353 modis
1956 2317 2118 2353 omnibus
2141 2330 2164 2353 a
2188 2319 2390 2355 beatissimo

160 2364 321 2398 locorum
345 2362 514 2409 episcopo
537 2363 684 2409 eiusque
706 2362 907 2398 oeconomis
930 2366 966 2398 et
988 2363 1083 2399 civili
1106 2363 1322 2409 maqistratu
1345 2367 1500 2409 coqatur
1522 2361 1578 2398 vel
1600 2362 1689 2408 ipse,
1718 2363 1751 2397 si
1772 2368 1955 2409 superstes
1976 2363 2035 2406 sit,
2069 2363 2126 2399 vel
2146 2375 2187 2400 eo
2217 2363 2390 2410 defuncto

160 2407 406 2488 liei·ede.{rf{}ts
430 2412 593 2460 coeptum
615 2419 712 2459 ’opus
730 2408 916 2454 perficere.

440 2452 480 2488 Si
505 2464 586 2499 quis
608 2464 647 2488 tn
669 2453 774 2488 domo
798 2463 866 2488 sua
897 2452 952 2488 vel
973 2452 1179 2488 suburbano
1211 2452 1267 2489 vel
1280 2452 1437 2499 praedio
1461 2452 1738 2488 ecclesiasticum
1760 2453 1994 2489 ministerium
2018 2464 2187 2490 exercere
2210 2465 2321 2490 ausus
2343 2455 2392 2491 sit

159 2499 216 2533 vel
237 2498 319 2533 aliis
342 2508 514 2533 exercere
529 2498 739 2545 permiserit
760 2498 837 2533 sine
860 2497 1001 2533 clericis
1023 2498 1249 2533 sanctissimo
1281 2500 1441 2534 locorum
1465 2499 1634 2544 episcopo
1657 2498 1840 2540 subiectis,
1871 2498 2031 2534 iubemus
2062 2499 2204 2534 domum
2235 2500 2312 2535 eius
2335 2500 2392 2535 vel

159 2543 403 2579 suburbanum
433 2543 493 2595 vel.
510 2544 721 2590 praedium,
754 2543 815 2578 ubi
848 2543 919 2579 tale
950 2543 1039 2589 quid
1066 2545 1289 2578 commissum
1312 2544 1369 2585 sit,
1399 2543 1646 2578 sanctissimae
1677 2543 1748 2578 loci
1777 2543 1948 2579 ecclesiae
1971 2555 2044 2598 per
2075 2544 2142 2580 deo
2167 2545 2390 2580 carissimum

160 2591 182 2625 1
229 2589 437 2635 episcopum
460 2599 607 2634 eiusque
631 2599 862 2623 oeconomum
885 2592 921 2624 ct
943 2588 1080 2624 civilem
1105 2588 1265 2624 locorum
1288 2589 1541 2635 maqistratum
1565 2588 1751 2624 vindicari.

1851 2587 1985 2632 Quodsz
2011 2593 2204 2635 iqnorante
2227 2590 2390 2626 locorum

160 2634 304 2669 domino
331 2638 597 2680 procuratores
625 2634 702 2669 eius
732 2634 788 2669 vel
817 2633 1054 2668 conductores
1084 2633 1140 2669 vel
1167 2633 1419 2680 emphyteutae
1447 2632 1625 2668 contrarii
1653 2633 1742 2679 quid
1760 2634 1917 2679 fecerint
1948 2637 2013 2670 aut
2038 2634 2121 2679 fieri
2149 2635 2389 2682 permiserint,

217 2725 236 2757 2
253 2726 323 2764 καὶ]
349 2721 372 2765 ἢ
391 2724 421 2756 L
441 2723 452 2766 ΙΙ
469 2725 558 2765 ταῖς]
583 2726 642 2756 καὶ
661 2726 737 2757 ταῖς
758 2725 786 2757 S
803 2723 814 2766 ΙΙ
833 2725 851 2757 3
867 2722 993 2757 τόποις
1006 2719 1241 2764 ΜΒΓςῬοπ]

159 2767 266 2802 οἴκοις
290 2769 455 2802 SLAB⁰
479 2769 491 2812 ΙΙ
519 2772 538 2803 5
563 2768 692 2802 τούτου
718 2765 827 2803 αὐτοῦ
852 2768 978 2802 MLBs
983 2771 1013 2810 ς]
1045 2768 1108 2801 τοῦ
1133 2764 1241 2801 αὐτοῦ

161 2815 304 2854 B⁰Ecl.,
328 2815 393 2847 τοῦ
420 2811 582 2848 τοιούτου
608 2815 674 2848 SA
699 2814 710 2857 ΙΙ
734 2816 792 2846 καὶ
817 2827 874 2847 om.
901 2814 968 2847 δυ.
984 2815 1003 2847 l.
1022 2814 1034 2857 ss
1059 2815 1078 2848 6
1106 2814 1157 2854 ἐν]
1183 2813 1243 2847 ἐπὶ

160 2860 232 2893 Ecl.
259 2859 271 2902 ΙΙ
294 2861 371 2891 τῶν
395 2856 557 2904 λεγάτων
581 2860 651 2893 LA
686 2859 750 2892 τοῦ
771 2857 926 2905 ληγάτου
950 2859 1022 2892 Ecl.
1048 2858 1060 2901 ΙΙ
1091 2861 1108 2892 7
1135 2870 1241 2891 κατα-

162 2902 441 2947 λιμπανομένων
467 2905 577 2937 SAR
606 2905 617 2947 ΙΙ
647 2906 666 2938 9
690 2902 714 2946 ἢ
736 2900 978 2948 μοναστήριον
1003 2917 1060 2937 om.
1085 2904 1116 2936 A
1142 2904 1154 2947 ΙΙ
1180 2900 1242 2949 ἅρ-

160 2948 294 2990 χεσθαι
316 2950 347 2981 A
374 2949 385 2991 ΙΙ
421 2951 458 2982 10
490 2949 567 2981 τῶν
598 2947 740 2990 τόπων]
777 2948 869 2982 κατὰ
904 2948 972 2982 τὸν
1006 2947 1124 2983 τόπον
1153 2949 1185 2982 Α

162 2990 363 3038 ἁγιιότατος
384 2994 455 3026 Ecl.
474 2994 486 3036 ΙΙ
507 2996 544 3027 11
567 2991 699 3040 ποιήσῃ
720 2993 772 3027 ΒΓ
785 2994 945 3028 Nomen-nn
959 2994 1103 3036 (Nomoc.
1120 2995 1207 3037 11‚1)

161 3037 257 3083 πήξῃ
282 3036 439 3082 σταυρόν
456 3038 773 3081 Br(Nomoc.11,1)
797 3037 954 3083 σταυρὸν
979 3038 1082 3081 πήξει
1111 3040 1137 3071 L
1161 3039 1173 3082 ΙΙ
1201 3042 1241 3073 12

162 3079 262 3122 ἅπαξ
286 3079 480 3129 ἀρχόμενος
500 3084 697 3125 LBquLJ
734 3080 983 3129 ἀπαρχόμενος
1007 3085 1049 3116 Μ
1081 3081 1240 3129 ἀπαρξά-

160 3138 265 3172 μενος
281 3129 311 3160 Α
333 3124 541 3172 (ἀρξάμενος
555 3130 687 3162 Nomoc.
702 3130 790 3171 3,14.
812 3131 902 3171 11,1)
919 3129 930 3173 ΙΙ
952 3131 994 3164 14
1017 3129 1080 3162 τοῦ
1106 3129 1242 3162 οἰκονό-

160 3186 228 3216 μου
252 3173 281 3205 A
298 3172 310 3216 ΙΙ
332 3175 370 3207 15
397 3173 474 3206 τῶν
498 3172 696 3207 πολιτικῶν
718 3175 768 3207 Aa
784 3174 795 3218 [Ι
814 3170 837 3216 ἢ
861 3170 967 3207 αὐτὸς
994 3174 1025 3207 εἰ
1048 3176 1182 3220 περιείη
1206 3171 1240 3217 ἢ]

163 3214 211 3251 ἵν’
240 3213 346 3250 αὐτὸς
369 3218 399 3250 εἰ
423 3221 606 3263 περίεστιν
635 3216 658 3261 ἢ
680 3219 711 3252 Α
748 3230 817 3252 eam
842 3219 981 3262 explere,
1015 3221 1047 3252 et
1071 3221 1099 3252 si
1123 3221 1152 3253 is
1177 3219 1240 3252 dis-

162 3263 280 3296 tulerit
304 3265 338 3303 (i.
353 3276 378 3296 e.
404 3259 616 3308 ὑπερθείηῆ
641 3276 660 3300 ς
676 3265 686 3303 ΙΙ
708 3265 748 3297 16
769 3261 897 3297 τούτου
922 3262 1159 3298 τελευτῶντος
1183 3278 1240 3299 om.

162 3309 194 3341 A
217 3308 229 3352 ss
256 3303 377 3348 αὐτοῦ]
408 3305 520 3341 αὐτοῦ
543 3307 818 3351 τελευτήσαντος
842 3310 872 3342 A
893 3309 905 3354 ΙΙ
936 3312 974 3344 18
999 3310 1053 3352 τῷ
1077 3306 1158 3352 ἰδίῳ
1184 3312 1240 3353 (cs.

164 3366 234 3388 nov.
250 3354 406 3395 LVIII)]
431 3351 604 3396 ἰδιωτικῷ
628 3355 700 3387 Ecl.
723 3355 811 3395 (Atlc.
828 3355 948 3387 Theod.
963 3355 1109 3396 Nomoc.)
1128 3354 1140 3399 ΙΙ
1156 3366 1241 3399 προ-

163 3401 302 3432 στασίω
316 3399 467 3432 Nomoc.d
485 3399 497 3440 ΙΙ
521 3401 557 3433 19
578 3397 747 3442 τολμήσει
771 3397 974 3433 ἐπιτελέσαι
990 3400 1062 3433 Ecl.
1077 3400 1241 3441 Nomocfl]

162 3442 333 3487 τολμήσαι
358 3442 559 3478 ἐπιτελέσαι
586 3445 866 3478 MLBNomoc.⁷⁷¹
901 3444 1048 3487 ποιῆσαι
1072 3441 1242 3488 τολμήσοι

163 3490 195 3522 Α
210 3490 221 3532 ΙΙ
240 3486 262 3530 ἢ
285 3486 404 3522 ἄλλοις
428 3487 630 3522 ἐπιτελέσαι
655 3503 711 3523 om.
727 3491 776 3523 ΒΟ
791 3489 942 3524 Νοηιοσ.’1
959 3490 971 3533 ΙΙ
997 3492 1037 3524 20
1063 3487 1243 3535 συγχωρή-

164 3545 219 3566 σει
242 3534 334 3567 LB⁶
346 3535 431 3575 Eat]
457 3532 679 3579 συγχωρήσω
702 3534 840 3568 MABf
852 3534 1031 3569 Nomocflm
1058 3534 1070 3578 ss
1094 3536 1136 3569 22
1161 3533 1241 3568 τού-

164 3590 227 3612 του
250 3579 337 3621 ΜΒ]
368 3580 499 3613 τοῦτον
522 3579 576 3612 L?
591 3582 620 3621 ζ,
645 3593 702 3613 om.
725 3580 755 3614 A
774 3580 786 3623 ΙΙ
808 3576 831 3622 ἢ
854 3578 897 3614 τὸ
923 3579 1137 3625 προάστειον
1156 3578 1177 3622 ἢ
1199 3579 1241 3613 τὸ

164 3626 297 3668 χωρίον
312 3625 343 3658 A
378 3621 400 3667 ἢ
420 3637 448 3659 π
470 3627 634 3659 οαστείου
654 3623 677 3668 ἢ
696 3628 827 3671 χωρίου
851 3626 1011 3660 Nomoc.''²
1034 3625 1047 3669 ΙΙ
1075 3627 1132 3670 23,
1149 3624 1241 3658 κατὰ

165 3668 243 3702 τῶν
273 3665 403 3704 τόπων
471 3675 594 3704 οηιοε.1η
626 3670 718 3704 κατὰ
750 3668 867 3705 τόπον
890 3669 1042 3705 Nomoc.‘¹
1067 3670 1079 3714 ΙΙ
1109 3672 1150 3704 25
1176 3670 1240 3704 τοῦ

239 3724 292 3751 III.

1310 2736 1367 2757 om.
1378 2724 1538 2757 Νοινιοσ.”ι
1562 2722 1574 2766 ΙΙ
1592 2718 1716 2757 αὐτῶν
1727 2724 1801 2759 Ecl.
1818 2723 1831 2768 ΙΙ
1848 2724 1937 2765 τῶν]
1954 2722 2022 2757 τὸν
2034 2725 2078 2757 M
2091 2724 2103 2769 ΙΙ
2122 2726 2164 2759 26
2178 2726 2242 2759 τοῦ
2260 2722 2390 2759 δεσπό-

1309 2780 1372 2801 του
1395 2768 1471 2801 τιῦν
1495 2763 1624 2802 τόπων
1642 2769 1704 2813 Lss
1729 2771 1770 2803 27
1789 2768 1977 2812 μισθωτοὶ
2000 2770 2032 2803 L
2047 2770 2226 2805 Nemeam
2248 2770 2262 2816 ΙΙ
2288 2772 2330 2806 28
2354 2783 2391 2805 τι

1310 2826 1368 2847 om.
1386 2813 1438 2846 ΒΓ
1452 2813 1463 2856 ΙΙ
1482 2812 1696 2857 ποιήσουσιν
1720 2811 1744 2857 ἢ
1768 2828 1825 2849 om.
1849 2826 1869 2851 ς

1372 2949 1388 2982 1
1403 2949 1490 2980 rubr.
1515 2947 1565 2981 De
1588 2947 1849 2990 praescriptione
1872 2947 1936 2981 XL
1960 2959 2125 2982 annorum
2149 2951 2264 2981 contra
2286 2959 2388 2982 uene-

1310 2992 1429 3026 rabiles
1453 2993 1566 3026 domos
1590 2996 1794 3036 competente
1819 2995 1850 3026 R
1861 2994 1935 3027 Vin
1953 3007 2054 3037 marq.
2071 2996 2123 3036 (ex
2139 2995 2217 3035 Iul.)
2234 2994 2247 3037 ΙΙ
2264 2993 2389 3027 talibus

1309 3040 1418 3070 autem
1443 3037 1720 3080 descriptionibus
1745 3037 1791 3071 R¹
1810 3038 1860 3081 113
1885 3038 2052 3073 uniuersis
2078 3039 2183 3073 om.R
2200 3039 2212 3082 ΙΙ
2237 3041 2259 3073 4
2281 3038 2389 3081 ipsum

1310 3084 1398 3124 RV]
1423 3083 1494 3124 ipso
1520 3084 1552 3116 T
1561 3085 1645 3126 vulq.
1662 3083 1674 3127 ΙΙ
1701 3085 1720 3117 5
1745 3083 1907 3116 seruanda·
1938 3084 1985 3117 T¹
2001 3085 2012 3127 ΙΙ
2040 3086 2160 3118 8rubr.
2185 3085 2234 3116 De
2258 3084 2388 3117 edifica-

1310 3128 1400 3160 tione
1417 3127 1649 3169 (edifficatione
1665 3129 1711 3169 R)
1732 3129 1975 3161 uenerabilium
1991 3128 2140 3162 locorum
2160 3129 2231 3162 ΕΤ
2241 3130 2273 3162 in
2286 3142 2387 3173 marq.

1310 3174 1361 3215 (ex
1376 3173 1453 3213 Iul.)
1479 3173 1490 3217 ΙΙ
1517 3173 1661 3206 fabicare
1683 3174 1714 3206 V
1733 3173 1746 3216 ΙΙ
1773 3174 1997 3207 uenerabilem
2019 3175 2053 3207 R
2079 3174 2091 3218 ΙΙ
2119 3176 2139 3209 9
2163 3173 2389 3207 inchoandum

1310 3220 1342 3252 R
1368 3218 1380 3261 11
1403 3218 1572 3259 fabricam]
1597 3218 1817 3261 praecipimus
1835 3232 1861 3252 ς.
1877 3232 1908 3252 υ.
1928 3221 2004 3252 ada'.
2021 3220 2119 3252 schol.
2136 3220 2168 3252 T
2186 3218 2199 3264 ΙΙ
2220 3221 2260 3253 10
2282 3220 2388 3253 oratio

1309 3263 1358 3296 R¹
1384 3263 1395 3306 ΙΙ
1425 3265 1462 3297 11
1489 3263 1537 3296 ibi
1561 3277 1619 3297 om.
1647 3265 1679 3297 T
1699 3264 1711 3307 ΙΙ
1743 3266 1783 3299 14
1806 3264 2071 3297 beatissimorum
2095 3265 2147 3297 Ra
2170 3264 2182 3308 ss
2212 3266 2245 3297 et
2267 3275 2387 3308 ycono-

1310 3309 1372 3341 mis
1394 3308 1464 3341 eius
1485 3308 1533 3342 V2
1547 3311 1579 3342 in
1595 3317 1679 3352 spat.
1693 3322 1764 3342 vac.
1783 3309 1794 3352 ΙΙ
1815 3312 1854 3343 15
1880 3312 1962 3350 eam]
1988 3321 2061 3343 eum
2088 3310 2120 3343 T
2134 3308 2145 3353 ΙΙ
2162 3319 2290 3353 expn·
2313 3310 2388 3354 V¹11

1312 3356 1352 3387 16
1377 3353 1596 3396 adimpleatur
1623 3353 1672 3386 T¹
1701 3354 1713 3397 ΙΙ
1745 3356 1784 3389 18
1799 3357 1885 3388 rubr.
1911 3355 1948 3387 Si
1968 3355 2042 3396 quis
2073 3354 2110 3387 in
2134 3355 2230 3388 domo
2255 3366 2315 3388 sua
2338 3356 2387 3397 (in

1309 3410 1367 3431 suo
1387 3398 1460 3431 loco
1481 3400 1524 3441 R)
1549 3398 1767 3432 ecclesiastica
1791 3399 1976 3433 ministeria
1999 3399 2114 3433 fecerit
2137 3401 2214 3434 RT
2230 3402 2263 3434 in
2283 3414 2386 3445 marq-

1310 3446 1367 3487 (cf
1393 3444 1470 3484 lut.)
1500 3445 1511 3486 ΙΙ
1539 3446 1597 3477 aut
1622 3446 1698 3478 add.
1716 3445 1809 3478 Beck
1840 3444 1852 3489 ΙΙ
1878 3446 2014 3488 praedio
2035 3446 2081 3487 V]
2107 3458 2165 3478 om.
2189 3445 2350 3490 RTvuty.
2375 3446 2379 3488 Ι

1313 3492 1352 3524 19
1377 3489 1558 3522 misterium
1585 3490 1617 3523 T
1639 3488 1651 3533 ΙΙ
1682 3490 1724 3523 22
1748 3492 1806 3522 aut
1829 3491 2030 3533 praesidium
2055 3490 2118 3532 T¹‚
2154 3493 2212 3524 aut
2235 3504 2293 3524 om.
2327 3490 2382 3535 Vl

1310 3534 1438 3576 aliquid
1461 3535 1527 3567 tale
1547 3533 1604 3579 Vn
1629 3535 1671 3568 24
1695 3535 1792 3567 deum
1813 3536 1845 3567 R
1864 3535 1876 3579 ΙΙ
1891 3546 2032 3579 yconum
2059 3536 2107 3569 T¹
2125 3535 2136 3579 ΙΙ
2155 3538 2196 3570 25
2218 3535 2318 3569 ciuile
2339 3536 2388 3570 V*

1310 3579 1405 3612 ciuili
1430 3580 1462 3612 T
1477 3579 1489 3624 ΙΙ
1504 3580 1613 3613 iudice
1639 3580 1672 3613 T
1685 3579 1698 3624 ΙΙ
1714 3582 1755 3614 27
1779 3582 1837 3613 aut
1860 3581 2067 3624 emphyteote
2092 3600 2134 3605 —
2161 3582 2203 3615 28
2227 3581 2294 3614 loci
2317 3580 2385 3626 nul}

1309 3638 1370 3658 scr.
1393 3624 1442 3658 V2
1458 3627 1490 3658 in
1508 3638 1573 3658 ras.
1593 3626 1635 3670 1&
1651 3637 1697 3658 vs.
1714 3625 1726 3668 ΙΙ
1752 3626 1794 3659 28
1820 3627 1975 3668 exerceri]
2001 3626 2140 3660 fecerint
2162 3627 2220 3660 aut
2244 3628 2389 3660 exerceri

1312 3671 1404 3704 Beck
1421 3669 1433 3715 ΙΙ
1458 3671 1643 3713 permiserit
1662 3669 1777 3714 RT²11
1802 3670 1935 3705 domino
1958 3671 2007 3708 V³

2080 3729 2120 3763 83

1735 3862 1753 3879 9
