2618 4010
110 176 112 178 ,
134 150 378 182 ‹11VITAT11M

131 249 425 298 φιλοτιμημεζνον·
449 245 538 282 ἀλλὰ
567 246 660 282 κατὰ
683 244 812 283 κύκλον
831 249 909 282 τῶν
933 248 1132 298 οἰκητόρων
1155 251 1215 293 τῆς

131 294 282 336 πόλεως,
317 293 371 329 ὠν
400 298 454 329 τίς
487 296 563 328 ἐστι
593 297 653 327 καὶ
686 292 803 340 λόγος,
834 293 972 337 ταύτην
1000 293 1214 342 ἐκπληρούν-

131 354 218 382 των,
243 343 302 374 καὶ
328 338 474 375 ἐπειδὰν
499 337 517 373 ὁ
542 336 665 373 κύκλος
689 338 887 382 παύσηται,
912 338 1023 374 πάλιν
1047 336 1213 376 ἐπανιόν-

130 399 208 420 των
232 386 279 419 εἰς
309 384 352 419 τὸ
385 385 590 432 φρόντισμα
622 387 683 418 καὶ
713 386 757 431 τῇ
793 383 896 419 πόλει
926 384 994 428 τὴν
1025 387 1214 432 εἰρημένην

130 427 306 477 φροντίδα
329 427 642 476 λειτουργούντων.
693 427 780 463 ὥςτε
803 429 869 464 τὸν
893 431 932 464 ἐν
957 429 1087 478 ἑκάστῃ
1112 429 1214 466 πόλει

129 474 271 510 ἔκδικον
293 474 450 521 ἄρχοντα
473 473 609 516 μᾶλλον
632 471 654 518 ἢ
675 473 818 509 ἔκδικον
836 475 929 509 εἶναι
949 474 1074 518 δοκεῖν,
1101 475 1212 531 Ψήφῳ

128 524 195 566 μὲν
212 519 280 555 σὺν
300 517 395 567 ὅρκῳ
419 517 611 567 γινόμενον
630 518 783 554 πάντων
806 522 906 567 κοινῇ
930 523 1008 556 τῶν
1032 536 1123 556 κατα
1146 521 1212 564 τὴν

129 565 238 601 πόλιν
267 567 406 609 ἐκείνην
441 565 561 599 ὄντων
600 563 708 608 κτητό
734 579 797 607 ων,
841 563 930 600 ἀλλὰ
966 565 1014 610 μὴ
1048 568 1126 601 τῶν
1158 568 1212 600 ἐν·

128 614 145 646 1
182 611 307 645 ταῦθα
321 608 525 665 διαγόντων
537 621 544 629 ·
592 607 699 657 ὅρκον
711 580 754 645 δὲ
769 614 983 656 παρέχοντα,
1005 608 1052 645 ὡς
1066 609 1213 646 ἅπαντα

1213 132 1283 199 ¹11

2008 137 2116 181 Nov.
2148 138 2227 182 XV
2262 142 2366 181 1—3

1284 248 1346 284 tici
1370 250 1441 285 sint
1465 247 1604 292 collati3
1636 247 1699 283 sed
1732 249 1925 285 secundum
1949 250 2123 286 circulum
2153 250 2365 286 habitatori-

1283 295 1351 329 bus
1376 294 1539 335 civitatis,
1564 303 1715 337 quorum
1739 294 1860 338 aliqua
1882 296 1974 331 ratio
2000 299 2071 338 est,
2096 296 2165 332 hoc
2189 296 2365 340 implenti-

1283 340 1369 382 bus,
1403 344 1438 374 et
1462 340 1545 375 dum
1570 338 1724 374 circulus
1750 340 1922 383 expletur,
1956 352 2080 376 rursus
2106 342 2366 376 revertentibus

1283 385 1329 420 ad
1349 385 1622 420 sollicitudinem
1638 388 1674 419 et
1694 384 1828 419 civitati
1842 396 1904 429 per
1920 386 2141 429 praedictam
2159 397 2281 422 curam
2301 388 2366 421 mi-

1249 434 1268 465 5
1283 430 1535 465 nistrantibus:
1561 429 1656 464 utin
1677 439 1891 473 unaquaque
1913 431 2055 466 civitate
2076 432 2241 467 defensor
2259 432 2366 467 iudex

1282 475 1402 520 potius
1433 486 1539 520 quam
1570 474 1734 509 defensor
1758 485 1837 509 esse
1860 475 2031 518 videatur,
2058 476 2198 512 decreto
2225 477 2365 522 quidem

1283 532 1362 555 cum
1375 520 1602 555 iureiurando
1623 520 1740 555 factus
1762 520 1917 555 omnium
1929 531 2175 565 possessorum
2189 523 2225 556 in
2237 523 2298 557 illa
2316 523 2364 557 ci-

1281 566 1391 601 vitate
1412 565 1692 606 consistentium,
1718 565 1781 600 sed
1799 576 1871 600 non
1894 566 1932 600 in
1954 566 2022 600 hac
2040 567 2129 601 urbe
2146 567 2363 612 degentium3

1281 613 1300 646 1
1347 611 1594 646 iusiurandum
1625 620 1708 645 vero
1740 611 1936 654 praebens,
1972 611 2056 655 quia
2087 613 2206 646 omnia
2238 624 2363 648 secun-

129 655 216 702 πρὸς
233 655 297 690 τὸν
316 669 430 700 νυμον
450 657 509 688 καὶ
526 654 568 689 τὸ
588 654 726 690 δίκαιον
741 655 868 703 πράξει
890 657 1028 713 [κοινῇ],
1048 656 1212 710 βεβΙαιού-
1230 660 1268 691 10
1283 656 1366 690 dum
1392 655 1504 698 legem
1540 658 1577 689 et
1605 654 1662 689 ius
1691 658 1775 699 aget
1807 655 1964 691 omnium
1996 658 2249 699 communiter,
2280 668 2364 691 con-

129 714 239 746 μενον
269 699 325 742 δέ,
359 699 530 755 καθάπερ
554 699 649 745 ἡμεῖς
672 703 739 735 νῦν
764 715 892 746 φαμεν,
924 714 961 734 εκ
992 702 1214 748 προςταξεως

128 748 206 780 τῶν
231 743 480 787 ἐνδοξοτάτων
505 748 607 790 ημῶν
632 746 810 792 ἐπάρχων,
842 746 890 779 εἰς
914 744 1053 780 διετίαν
1081 745 1122 780 δὲ
1154 745 1213 790 ἄρ-

128 804 240 834 χοντα
262 789 388 836 μόνην,
421 795 481 825 καὶ
512 789 720 835 παυόμενον
743 792 805 825 τοῦ
830 795 1102 836 φροντίσματος.
1151 790 1214 824 οὐκ

129 840 271 879 ἔχοντος
294 835 420 871 ἄδειαν
441 838 505 870 τοῦ
532 834 786 883 λαμπροτάτου
809 837 870 878 τῆς
895 838 1066 891 ἐπαρχιίας
1089 834 1212 882 ἄρχον-

1283 702 1478 737 firmandus
1502 706 1633 742 autem,
1659 701 1753 736 sicut
1771 711 1878 742 nunc,
1904 711 1946 735 ex
1970 704 2164 745 praecepto
2185 702 2365 745 gloriosis-

1283 747 1453 781 simorum
1489 750 1691 782 nostrorum
1726 747 2005 791 praefectorum,
2041 747 2079 781 in
2114 747 2253 781 biennio
2283 758 2365 782 vero

1283 791 1535 827 administrans
1560 792 1656 834 solo,
1687 794 1723 826 et
1747 792 1979 827 removendus
2002 801 2025 826 a
2049 802 2148 826 cura.
2196 791 2278 827 Non
2302 792 2365 826 ha-

1283 837 1389 871 bente
1421 837 1600 872 licentiam
1635 836 1833 871 clarissimo
1866 837 2071 881 provinciae
2102 837 2220 871 iudice
2252 848 2366 871 remo-

128 894 188 916 τος
217 881 349 917 παύειν
377 880 504 915 αὐτόν·
539 880 618 922 ἀλλ’,
658 881 694 915 εἴ
718 894 754 915 τι
789 879 906 924 δοκοίη
942 894 1118 926 πραττειν
1153 879 1215 914 οὐκ
1231 884 1269 915 15
1284 881 1387 916 vendi
1409 893 1500 923 eum,
1522 882 1584 917 sed
1608 882 1638 916 si
1662 882 1746 926 quid
1764 881 1904 917 videtur
1922 893 2028 926 agere
2048 892 2121 916 non
2145 886 2250 925 recte,
2275 894 2365 916 nun-

129 926 256 972 ὀρθόν,
283 925 435 971 μηνύειν
458 928 506 960 εἰς
529 926 610 961 τοὺς
634 924 885 966 ἐνδοξοτάτους
910 925 1091 972 ἐπάρχους,
1128 923 1215 959 ὦςτε

129 973 270 1006 ἐκεῖθεν
296 969 394 1015 αὐτῷ
419 973 594 1018 γενέσθαι
623 970 688 1015 τὴν
712 972 775 1005 τοῦ
805 975 1070 1018 φροντίσματος
1102 969 1214 1005 ἀπαλ-

129 1016 251 1065 λαγήν,
273 1015 368 1057 ,ὅθεν
394 1021 452 1050 καὶ
478 1015 627 1052 δίδοται.

1283 927 1373 961 tiare
1403 928 1450 962 ad
1484 927 1757 971 gloriosissimos
1794 928 2014 972 praefectos,
2051 929 2092 963 ut
2126 927 2208 963 inde
2242 927 2274 962 ei
2304 928 2367 962 fiat

1284 982 1392 1006 curae
1415 973 1577 1016 privatio,
1602 972 1697 1008 unde
1722 974 1829 1008 etiam
1852 973 1968 1009 datur.

1138 1073 1295 1109 CAPUT
1320 1072 1366 1107 ΙΙ.

175 1140 358 1185 Μηδεμιᾶς
393 1140 497 1185 οὔσης
527 1145 727 1188 παρρησίας
757 1139 914 1194 τῷκτὴν
944 1138 1056 1187 ἀρχὴν
1091 1143 1210 1184 ἔχοντι

1328 1141 1439 1176 Nulla
1475 1142 1648 1177 existente
1684 1143 1830 1181 licentia
1864 1144 2141 1180 administratori
2176 1147 2239 1179 aut
2278 1144 2366 1189 ipsis

129 1185 150 1243 ἢ
183 1186 302 1222 αὐτοῖς
329 1190 402 1220 τοῖς
433 1185 579 1220 ἐκδίκοις
609 1198 856 1241 τοποτηρητας
888 1184 1041 1220 ἐκδίκων
1074 1190 1267 1222 ποιεῖν·20
1281 1187 1528 1222 defensoribus
1561 1188 1655 1222 vices
1687 1193 1832 1231 agentes
1864 1189 2090 1225 defensorum
2127 1190 2262 1232 facere,
2304 1189 2368 1224 sed

129 1232 217 1266 αλλὰ
239 1236 299 1266 καὶ
332 1233 438 1265 τοῦτο
468 1233 580 1266 πᾶσιν
605 1235 723 1265 αυτοῖς
747 1232 1020 1277 απηγορεῦσθαι
1053 1231 1209 1276 τρόποις.

129 1276 216 1311 ἀλλὰ
238 1275 328 1322 μηδὲ
350 1277 496 1311 οἰκείους
525 1276 770 1322 τοποτηρητάς
802 1279 842 1310 ἐν
865 1280 942 1310 ταῖς
975 1275 1100 1312 πόλεσι
1130 1277 1212 1312 τοὺς

128 1320 398 1368 λαμπροτάτους
429 1322 603 1368 ἄρχοντας
633 1324 830 1366 ἐκπέμπειν
854 1321 948 1365 πλὴν
980 1320 1103 1357 αὐτῶν
1133 1324 1212 1357 τῶν

128 1366 299 1400 ἐκδίκων·
335 1364 395 1401 οὓς
423 1367 491 1410 τὴν
520 1369 597 1401 τῶν
629 1365 817 1421 ἀρξόντων
846 1365 950 1420 τάξιν
981 1366 1142 1414 πληροῦν
1171 1370 1211 1401 ἐν

1282 1233 1387 1267 etiam
1410 1233 1479 1267 hoc
1504 1233 1667 1268 omnibus
1693 1235 1742 1268 eis
1770 1234 2014 1270 interdicimus
2039 1235 2162 1270 modis.
2211 1235 2281 1270 Sed
2305 1246 2366 1269 ne-

1282 1288 1349 1322 que
1373 1278 1540 1322 proprios
1565 1278 1659 1313 vices
1691 1283 1836 1322 agentes
1868 1289 1933 1323 per
1962 1280 2123 1315 civitates
2150 1281 2367 1315 clarissimos

1280 1323 1416 1358 iudices
1449 1323 1629 1358 destinare
1660 1323 1730 1358 nisi
1760 1324 1857 1368 ipsos
1891 1324 2115 1367 defensores,
2156 1336 2243 1369 quos
2275 1326 2367 1360 iudi-

1284 1378 1364 1403 cum
1388 1369 1546 1403 officium
1571 1369 1748 1413 complere
1766 1369 1803 1403 in
1827 1369 2030 1405 civitatibus
2047 1372 2227 1412 volumus3
2253 1371 2366 1415 ipsos-

126 1415 204 1446 ταῖς
236 1410 362 1446 πόλεσι
385 1411 614 1457 βουλόμεθα,
648 1412 774 1446 αυτούς
797 1426 836 1446 τε
861 1414 901 1447 ἐν
933 1409 1070 1447 α’πασιν
1095 1415 1212 1458 ἐπιμέ-
1228 1418 1267 1448 25
1284 1424 1352 1457 que
1375 1414 1412 1448 in
1437 1414 1601 1450 omnibus
1634 1414 1851 1459 diligentiam
1882 1416 2053 1452 adhibere
2076 1416 2299 1460 civitatibus,
2330 1416 2367 1451 in

127 1456 260 1491 λεσθαι
283 1458 362 1491 τῶν
381 1455 536 1500 πόλεων,
561 1460 601 1492 ἐν
626 1457 680 1492 αἷς
703 1459 781 1491 εἰσί.

1282 1459 1409 1505 quibus
1434 1461 1528 1496 sunt.

1119 1550 1275 1586 CAPUT
1305 1551 1369 1587 111.

173 1616 415 1663 Πράττεσθαί
431 1630 471 1651 τε
492 1616 592 1663 παρὰ
607 1621 680 1652 τοῖς
696 1615 843 1651 ἐκδίκοις
867 1620 926 1651 καὶ
947 1615 1140 1660 διαθηκῶν
1156 1621 1212 1663 έμ-

127 1668 288 1709 φανίσεις
305 1666 365 1696 καὶ
383 1660 533 1742 &ege-(5²1
550 1666 609 1696 καὶ
630 1665 705 1697 πᾶν
721 1663 757 1696 εἴ
768 1676 803 1696 τι
822 1664 900 1696 τῶν
917 1660 1094 1697 τοιούτων
1115 1666 1218 1697 ἐστὶν

128 1705 401 1753 ὑπομνημάτων
423 1709 441 1742 ἰ’
462 1721 528 1743 ιον.
576 1706 616 1742 οὗ
641 1707 840 1752 δυναμένου
864 1708 928 1742 τοῦ
960 1706 1213 1754 λαμπροτάτου

1328 1619 1377 1653 Et
1410 1619 1466 1664 agi
1506 1618 1604 1663 apud
1639 1619 1846 1655 defensores
1882 1623 2175 1656 testamentorum
2210 1620 2369 1655 insinua-

1282 1664 1399 1699 tiones
1424 1670 1460 1700 et
1483 1664 1714 1700 donationum
1745 1669 1782 1700 et
1813 1666 1983 1711 quidquid
2014 1667 2138 1701 talium
2166 1670 2221 1701 est
2244 1677 2369 1701 monu-

1282 1715 1484 1744 mentorum
1508 1710 1712 1755 proprium
1743 1721 1816 1746 non
1840 1712 1980 1746 valente
2005 1712 2201 1746 clarissimo
2226 1711 2368 1755 provin-

126 1755 188 1807 τῆς
207 1755 379 1798 ἐπαρχίας
402 1752 572 1807 ἅρχρντος
594 1751 748 1787 κωλύειν
765 1752 808 1787 τὸ
829 1752 1213 1807 πράττεσθαιᾋμέλλον
1228 1758 1269 1789 30
1283 1755 1360 1790 ciae
1383 1755 1500 1791 iudice
1530 1755 1720 1800 prohibere
1752 1757 1845 1800 quod
1870 1757 2048 1801 agendum
2072 1761 2142 1799 est,
2177 1761 2242 1792 aut
2265 1767 2369 1802 prae-

127 1813 149 1842 η
172 1797 416 1845 προςτάττειν,
444 1810 490 1833 ως
514 1795 554 1833 οὐ
574 1796 739 1843 βούλοιτό
762 1811 799 1832 τι
819 1799 1032 1845 πραχθῆναι
1056 1813 1078 1842 η
1101 1813 1211 1845 πραχ-

127 1845 199 1878 θὲν
230 1843 279 1888 μὴ
311 1842 520 1887 ἐκδοθῆναι.
567 1842 649 1878 οὐδὲ
680 1843 748 1891 γὰρ
779 1844 944 1878 τοιούτου
980 1842 1076 1879 τινὸς
1113 1843 1211 1889 αὐτῷ

127 1888 314 1925 παντελῶς
345 1889 509 1929 ἐξουσίαν
541 1887 699 1933 δίδομεν,
731 1890 809 1923 τῶν
839 1887 1092 1923 ἀτοπωτάτων
1122 1891 1214 1925 εἶναι

127 1936 333 1990 νομίζοντες
362 1934 557 1988 πράχματα
589 1931 768 1989 ἀναγκαῖα
799 1932 1012 1969 διαπίπτειν
1047 1939 1119 1969 τοῖς
1153 1934 1211 1969 ἀν-

1284 1801 1402 1845 cipere
1427 1801 1511 1845 quia
1535 1812 1607 1836 non
1630 1801 1714 1836 velit
1738 1802 1871 1846 aliquid
1895 1802 1952 1847 agi
1972 1807 2035 1838 aut
2058 1807 2178 1837 actum
2202 1813 2275 1837 non
2299 1802 2366 1837 edi.

1282 1846 1364 1881 Non
1388 1847 1482 1881 enim
1506 1846 1710 1882 huiusmodi
1735 1847 1885 1882 alicuius
1915 1848 1948 1882 ei
1978 1849 2121 1883 omnino
2153 1850 2369 1892 potestatem

1285 1892 1420 1934 damus,
1446 1892 1741 1927 absurdissimum
1771 1891 2001 1927 aestimantes
2029 1894 2241 1928 necessariis
2261 1893 2368 1928 rebus

1283 1937 1411 1973 cadere
1436 1937 1596 1972 homines
1629 1942 1778 1982 propter
1801 1937 1957 1973 iudicum
1988 1940 2081 1974 forte
2106 1938 2368 1973 irrationabiles

128 1981 295 2027 θρωποις
326 1978 386 2013 διὰ
416 1991 477 2014 τας
500 1981 578 2014 τῶν
601 1993 789 2025 αρχοντων
818 1979 904 2014 ἴσως
933 1977 1211 2034 ἀλῄγουςιὸρμάε
1226 1985 1266 2016 35
1282 1987 1391 2017 nutus
1415 1988 1521 2027 atque
1552 1983 1842 2028 praeceptiones:
1881 1984 1944 2019 sed
1974 1985 2080 2019 etiam
2105 1995 2227 2028 agere,
2260 1994 2367 2028 quae-

128 2038 168 2059 τε
191 2028 251 2059 καὶ
272 2024 485 2070 προςτάξεις.
533 2023 623 2059 ἀλλὰ
653 2028 712 2059 καὶ
742 2023 925 2071 πράττειν,
960 2038 1052 2069 απερ
1081 2040 1126 2060 αν
1158 2038 1211 2061 τις

128 2069 336 2115 βουληθείη,
361 2073 420 2104 καὶ
441 2068 633 2112 ἐκδιδόναι,
658 2070 725 2104 κᾶν
750 2072 780 2104 εἰ
803 2070 845 2104 τὸ
868 2069 1119 2118 πραττόμενον
1143 2070 1210 2106 ἅπ-

128 2128 227 2149 τοιτο
250 2116 313 2149 τοῦ
343 2117 404 2158 τῆς
434 2117 604 2161 ἐπαρχίας
635 2114 804 2164 ἄρχοντος
830 2113 969 2160 ἤτινος
999 2118 1077 2150 τῶν
1109 2115 1213 2150 δυνα-

128 2162 217 2203 τῶν,
239 2159 329 2205 μηδὲ
352 2162 459 2194 τοῦτο
484 2160 652 2194 κωλύειν·
687 2159 742 2195 δεῖ
762 2160 829 2208 γὰρ
853 2158 949 2195 οὕτω
976 2159 1212 2208 διαγίνεσθαι

1281 2038 1433 2073 cumque
1467 2028 1636 2071 voluerit,
1676 2033 1712 2063 et
1752 2029 1875 2073 edere,
1922 2033 1957 2064 et
1997 2030 2082 2064 licet
2118 2029 2214 2074 quod
2250 2029 2369 2073 agitur

1280 2077 1405 2117 tangat
1440 2074 1644 2118 provinciae
1680 2075 1880 2118 praesidem
1913 2077 1977 2110 aut
2013 2075 2207 2119 quemlibet
2241 2079 2368 2119 poten-

1284 2121 1371 2162 tum,
1396 2129 1511 2163 neque
1534 2119 1602 2154 hoc
1626 2119 1828 2163 prohibere.
1868 2120 2020 2164 Oportet
2042 2121 2172 2155 etenim
2190 2120 2241 2155 sic
2265 2130 2369 2164 agere

130 2229 327 2264 liberaliter
345 2229 525 2264 collatum.
564 2228 637 2264 Sed
653 2240 726 2274 per
743 2228 863 2263 orbem
881 2229 1023 2263 incolae
1040 2230 1208 2271 civitatis,
1232 2242 1387 2275 quorum
1404 2231 1529 2276 aliqua
1549 2231 1715 2267 habenda
1732 2238 1787 2268 est
1804 2234 1914 2275 ratio,
1938 2234 1978 2268 id
1998 2234 2234 2269 ministerium
2257 2245 2367 2280 prae-

129 2278 233 2315 stent,
251 2277 286 2308 et
298 2273 359 2308 ubi
373 2273 471 2308 orbis
487 2273 646 2316 desierit,
659 2284 788 2308 rursus
800 2273 850 2308 ad
865 2273 957 2307 idem
970 2285 1099 2308 munus
1111 2279 1351 2317 revertantur,
1366 2280 1401 2310 et
1414 2276 1552 2311 civitati
1563 2277 1794 2322 praedictam
1809 2288 1932 2312 curam
1946 2279 2170 2314 ministrent:
2193 2283 2235 2313 ut
2248 2279 2369 2313 cuius-

131 2330 200 2364 que
217 2318 372 2354 civitatis
392 2318 566 2363 defensor
589 2318 826 2364 maqistratus
849 2318 966 2363 maqis
989 2329 1098 2363 quam
1122 2318 1166 2353 de
1189 2330 1296 2354 ensor
1319 2330 1396 2354 esse
1419 2320 1597 2363 videatur,
1618 2322 1811 2366 suffra-(siis
1835 2324 1993 2358 omnium
2018 2324 2264 2359 communibus
2288 2335 2368 2358 cum

130 2367 151 2399 1
196 2362 432 2397 iureiurando
457 2362 636 2397 creandus
653 2362 717 2407 qui
734 2362 773 2396 in
792 2373 835 2396 ea
853 2362 997 2397 civitate
1016 2374 1090 2397 una
1108 2363 1154 2398 lia
1179 2363 1274 2398 itant
1288 2375 1557 2410 possessorum,
1582 2376 1648 2400 nec
1672 2377 1756 2401 vero
1778 2378 1902 2402 eorum
1927 2368 1990 2413 qui
2014 2368 2073 2403 liic
2090 2369 2249 2414 ἅβρυνά,-
2295 2369 2367 2402 ius-

130 2407 324 2442 iurandum
347 2412 465 2442 autem
482 2411 699 2453 praestans,
724 2418 763 2441 se
786 2407 980 2441 secandum
1005 2407 1118 2454 leqem
1146 2412 1183 2443 et
1204 2408 1263 2443 ius
1291 2409 1412 2444 omnia
1433 2414 1599 2445 acturum
1623 2422 1700 2445 esse
1708 2423 1722 2452 ,·
1746 2416 1856 2463 atque
1877 2413 2156 2457 confirmandas,
2182 2414 2277 2448 sicut
2300 2424 2367 2447 nos

131 2463 227 2487 nuric
246 2451 408 2494 dicimus,
432 2463 482 2487 ea·
502 2453 661 2487 iussione
683 2452 1029 2497 qloriosissimorum
1053 2457 1260 2488 nostrorum
1280 2455 1566 2499 praefectorum,
1586 2467 1657 2501 per
1681 2455 1860 2491 biennium
1878 2464 1995 2492 autem
2014 2458 2131 2492 solum
2156 2459 2367 2492 ministrans

132 2508 175 2532 ac
207 2501 279 2532 tum
309 2508 454 2532 munere
484 2497 728 2532 removendus.
778 2497 904 2542 Neque
938 2497 1160 2533 clarissimas
1184 2510 1340 2544 praeses
1364 2500 1581 2545 provinciae
1612 2502 1817 2536 removendi
1850 2514 1930 2537 eam
1955 2508 2176 2548 potestatem
2215 2503 2367 2543 babeam

131 2542 195 2577 sed
217 2543 249 2576 si
273 2542 361 2587 quid
383 2553 491 2587 aqere
514 2553 588 2577 non
612 2547 708 2577 recte
732 2541 907 2584 videatur,
937 2542 987 2576 acl
1007 2543 1291 2588 qloriosissimos
1308 2545 1525 2590 praefectos
1549 2545 1715 2591 deferat:
1746 2551 1785 2581 ut
1809 2547 1892 2582 inde
1912 2548 1946 2582 ei
1968 2548 2180 2594 imponatur
2205 2548 2365 2583 mitnerl's

131 2587 323 2629 abdicatio,
347 2587 444 2622 unde
464 2587 504 2621 id
522 2588 723 2632 confertur.

264 2632 310 2667 11.
358 2632 470 2667 Nulla
500 2635 617 2667 autem
641 2633 689 2667 sit
713 2632 858 2668 licentia
887 2631 921 2667 ei
945 2633 1007 2678 qui
1030 2634 1283 2679 maqistratum
1307 2634 1404 2680 qerit
1427 2635 1484 2671 vel
1513 2635 1604 2682 ipsis
1635 2637 1905 2682 defensoribus,
1941 2639 2099 2674 vicarios
2130 2638 2366 2684 defensorum

129 2676 361 2723 instituendi,
390 2677 456 2712 sed
477 2677 546 2712 lioc
569 2688 713 2723 quoque
737 2677 902 2712 omnibus
925 2678 1041 2712 modis
1064 2679 1110 2712 iis
1133 2679 1362 2714 interdictum
1386 2680 1443 2715 sit.
1491 2680 1566 2716 Sed
1589 2693 1633 2716 ne
1653 2684 1834 2728 proprios
1859 2683 2001 2728 quidem
2027 2684 2182 2719 vicarios
2206 2684 2244 2717 in
2268 2684 2367 2718 urbi-

131 2724 196 2758 bus
219 2722 410 2756 clarissimi
440 2722 630 2768 praesides
653 2722 818 2769 deleqent
841 2723 910 2757 nisi
934 2724 1035 2769 ipsos
1060 2723 1292 2764 defensores:
1326 2736 1419 2769 quos
1448 2726 1727 2772 maqistratuam
1759 2728 1875 2763 locam
1907 2729 1945 2763 in
1975 2730 2180 2764 civitatibus
2204 2729 2365 2764 obtinere

130 2768 294 2804 volumus
316 2767 487 2813 ipsosque
506 2769 545 2802 in
570 2768 733 2802 omnibus
747 2769 965 2814 prospicere
986 2769 1202 2811 civitatibus,
1227 2769 1265 2803 in
1289 2770 1418 2815 quibus
1441 2776 1534 2806 sunt.

265 2812 328 2847 111.
382 2814 500 2858 Atque
525 2812 627 2859 apud
655 2813 867 2858 defensores
890 2817 926 2848 et
956 2818 1248 2849 testamentorum
1279 2815 1342 2865 aqi
1369 2815 1631 2852 insinuationes
1656 2821 1692 2853 et
1723 2818 1959 2854 donationum
1990 2823 2026 2855 et
2054 2831 2156 2855 omne
2189 2820 2367 2866 quidquid

129 2859 448 2894 instrumentorum
466 2858 641 2893 eiusmodi
663 2859 859 2904 proprium
883 2862 955 2893 est:
978 2863 1019 2894 ut
1041 2863 1196 2904 nequeat
1219 2860 1441 2895 clarissimus
1463 2872 1614 2907 praeses
1633 2864 1848 2908 provinciae
1871 2865 1918 2899 im
1948 2865 2047 2900 edire
2070 2865 2109 2900 id
2131 2865 2232 2911 quod
2254 2877 2364 2911 aqen-

131 2903 214 2939 dum
238 2906 306 2945 est,
338 2907 404 2938 aut
426 2903 640 2938 denuntiare
670 2904 767 2938 nolle
789 2914 827 2937 se
854 2903 917 2954 aqi
941 2903 1082 2949 aliquid
1111 2904 1186 2939 sive
1214 2910 1334 2939 (ictum
1366 2905 1433 2940 edi.
1483 2905 1610 2952 Neque
1638 2909 1730 2942 enim
1759 2909 1895 2944 eiusmo
1922 2911 1936 2944 i
1966 2910 2020 2945 rei
2047 2915 2263 2956 potestatem
2289 2911 2364 2945 ullo

130 2949 238 2983 modo
276 2948 309 2983 ei
345 2948 591 2990 concedimus,
629 2959 705 2983 rem
736 2948 1030 2983 absurdissimam
1060 2960 1136 2984 esse
1162 2950 1236 2984 rati
1267 2950 1415 2995 neqotia
1447 2953 1653 2987 necessaria
1683 2954 1835 2998 deficere
1867 2954 2029 2990 homines
2057 2961 2211 3001 propter
2241 2957 2365 2990 incon-

130 2994 245 3028 saltos
245 2994 365 3072 sorte
389 2994 667 3038 maqistratuum
691 2994 847 3039 impetus
870 2997 905 3027 et
927 2994 1114 3029 iussiones.
1172 2994 1204 3029 V
1203 3006 1302 3029 eram
1326 2999 1361 3029 et
1384 3000 1499 3041 ayant
1522 3008 1767 3043 quaecumque
1819 3000 1873 3034 uis
1907 2999 2063 3036 voluerit
2101 3007 2134 3035 et
2163 3000 2289 3042 edant,
2321 3011 2365 3034 ae

132 3039 215 3073 licet
230 3039 243 3072 i
285 3038 385 3083 quod
399 3039 522 3083 aqitur
536 3038 740 3084 praesidem
756 3038 970 3084 provinciae
987 3040 1041 3073 vel
1058 3039 1213 3084 aliquem
1226 3051 1275 3074 ex
1289 3041 1558 3085 potentioribus
1573 3045 1710 3087 tanqat',
1727 3055 1772 3078 ne
1789 3011 1857 3078 χοι)
1875 3045 2018 3090 quidem
2033 3045 2287 3092 impedimento
2306 3047 2362 3079 sit.

179 3131 198 3161 5
221 3125 287 3161 τὸν
311 3129 369 3168 Μ]
394 3128 455 3170 τῆς
476 3129 506 3160 L
531 3128 543 3172 11
566 3131 584 3161 7
607 3128 707 3174 κοινῇ
729 3142 787 3162 om.
810 3140 829 3164 ς
854 3130 910 3172 (ch
937 3131 982 3162 acl
1009 3130 1062 3170 10)
1087 3128 1099 3172 11
1122 3131 1140 3162 8
1166 3130 1212 3162 οἰ-

132 3171 297 3218 κητόρων
321 3172 369 3205 L2
398 3172 409 3216 11
437 3173 526 3214 τῶν]
559 3171 626 3215 τὴν
650 3174 697 3206 L¹
728 3173 740 3217 11
773 3175 810 3207 10
844 3173 944 3220 κοινῇ
970 3175 1027 3214 Μ,
1060 3187 1118 3207 om.
1143 3175 1213 3207 LB

133 3219 280 3251 omnium
313 3219 530 3250 communiter
560 3219 616 3261 (ef.
642 3220 688 3251 ad
710 3221 743 3260 7)
777 3230 795 3254 ς
829 3219 959 3260 (fusius
989 3220 1212 3252 Athanasius.-

134 3261 352 3308 ὀμνύτωσαν
381 3260 421 3295 δὲ
449 3261 484 3295 οἱ
513 3261 601 3308 πρὸς
629 3263 735 3296 τοῦτο
763 3261 950 3306 μέλλοντες
978 3265 1147 3309 παριέναι
1170 3262 1212 3297 τὸ

134 3306 348 3354 φρόντισμα,
374 3304 421 3341 ως
445 3303 566 3341 πάντα
590 3306 787 3352 πράξουσιν
810 3306 862 3340 τὰ
885 3306 1212 3342 λυσιτελοῦντα

133 3356 234 3388 ταῖς
257 3350 467 3393 πόλεσιν,
492 3352 580 3399 πρὸς
603 3351 669 3386 τὸν
689 3351 801 3395 νόμον
825 3355 884 3385 καὶ
908 3351 950 3387 τὸ
971 3351 1111 3387 δίκαιον
1134 3352 1211 3397 βλέ-

134 3409 280 3433 ποντεςε
314 3400 398 3431 unde
426 3400 598 3441 suspiceris
627 3400 782 3431 excidisse
811 3400 967 3440 quaedam
999 3407 1071 3433 ante
1100 3400 1212 3445 κοινῇ,

134 3446 219 3478 velut
242 3442 494 3477 λυσιτελοῦντα
517 3443 618 3476 πᾶσι,
631 3456 655 3475 s.
682 3450 702 3476 t.
724 3446 768 3485 q.)
798 3447 810 3486 11
842 3445 879 3477 11
911 3439 1007 3486 ἡμεῖς
1037 3452 1066 3478 et
1096 3446 1213 3490 φαμὲν

136 3503 192 3523 om.
219 3502 237 3526 ς
256 3488 268 3528 ΙΙ
295 3491 333 3523 12
358 3485 530 3533 ὑπάρχων
556 3489 601 3521 M
617 3487 628 3530 11
654 3485 693 3520 δὲ
714 3501 771 3521 om.
798 3489 833 3520 B
856 3488 867 3528 11
900 3490 936 3522 13
960 3487 1099 3532 μόνονΡ
1125 3491 1180 3522 Ma
1203 3489 1214 3532 11

138 3537 178 3569 16
201 3531 376 3580 ὑπάρχους
400 3535 510 3566 MLB
531 3533 543 3576 11
563 3536 600 3566 21
629 3529 921 3578 άπηγορεύεσθαι
947 3535 976 3566 L
1001 3534 1012 3576 11
1038 3536 1079 3568 22
1105 3535 1214 3567 οἰκίας

137 3580 179 3612 Μ
191 3579 203 3624 11
223 3582 263 3613 25
289 3577 542 3622 ἐπιμελεῖσθαι
555 3579 591 3611 Β
610 3578 621 3619 11
639 3579 680 3611 26
702 3578 794 3610 εἰσίν
806 3579 875 3611 LB
890 3579 902 3621 11
923 3580 964 3612 29
981 3575 1212 3623 ὑπομνησμά-

137 3637 212 3658 των
237 3626 267 3658 L
285 3624 297 3668 11
316 3627 354 3658 31
383 3621 422 3658 οὗ
445 3637 502 3658 om.
529 3624 597 3657 LB
616 3622 685 3666 1135
712 3619 872 3669 εὐλόγους
897 3624 945 3656 L²

137 3672 198 3714 *1
231 3682 356 3722 collati]
390 3696 414 3714 s.
440 3673 524 3715 sl.
550 3680 694 3713 codicilli
728 3680 760 3712 R
790 3679 802 3724 11
828 3681 1090 3714 habitationibus
1117 3683 1176 3715 V¹

138 3727 158 3762 2
186 3727 312 3761 ratione
336 3727 428 3762 RV²
453 3726 467 3770 11
497 3730 518 3763 4
542 3726 797 3762 solicitationem
820 3726 870 3760 Β*
897 3726 910 3773 11
940 3729 959 3762 5
984 3727 1021 3760 in
1046 3741 1102 3762 om.
1128 3728 1178 3760 ΕΙ

1285 3134 1304 3165 6
1331 3132 1481 3164 defensus
1503 3133 1552 3165 V¹
1568 3133 1579 3175 11
1599 3133 1741 3174 decreto]
1767 3135 1916 3168 decetero
1938 3137 1987 3170 V¹
2012 3136 2024 3180 11
2045 3140 2061 3170 7
2088 3137 2183 3169 factis
2204 3137 2253 3169 R¹
2280 3138 2366 3169 sacto

1293 3178 1355 3210 VT
1378 3176 1389 3220 11
1422 3177 1474 3208 illi
1499 3178 1547 3209 R¹
1580 3177 1592 3221 11
1623 3181 1662 3210 10
1694 3179 1809 3220 *agetJ
1843 3183 1920 3222 agat
1943 3182 2012 3214 RT
2039 3185 2115 3222 agat
2140 3185 2172 3213 et
2195 3183 2227 3215 V
2244 3184 2329 3226 vulg).
2356 3182 2367 3227 11

1288 3224 1326 3255 13
1351 3222 1583 3254 deministrans
1595 3223 1644 3254 [ἐι
1663 3223 1675 3265 11
1696 3226 1733 3257 15
1762 3225 1913 3257 uideatur
1929 3228 2013 3267 vulq.
2033 3227 2045 3267 11
2066 3230 2103 3260 15
2117 3240 2164 3269 sq.
2181 3227 2220 3258 ad
2241 3227 2366 3269 glorio-

1283 3268 1425 3299 sissimos
1447 3267 1670 3311 nuntiareVn
1691 3271 1729 3302 16
1755 3270 1836 3301 fiant
1858 3270 1910 3315 Vl}
1934 3264 2072 3313 19'ipsis
2097 3274 2156 3302 aut
2173 3273 2199 3304 V
2215 3272 2226 3314 11
2244 3275 2285 3306 20
2311 3273 2366 3304 de-

1283 3313 1426 3343 fensores
1446 3312 1551 3344 facere
1572 3312 1622 3344 [θ’
1650 3312 1661 3357 11
1691 3316 1729 3347 21
1757 3315 1836 3347 haec
1859 3316 1893 3349 V
1912 3317 1923 3359 11
1951 3317 1996 3348 eis
2020 3336 2062 3340 ——
2086 3317 2238 3358 proprios
2258 3319 2366 3361 suppl.

1292 3357 1342 3390 V²
1366 3359 1398 3389 in
1419 3364 1504 3399 spat.
1529 3370 1598 3389 vac.
1619 3357 1630 3397 11
1647 3359 1752 3391 modis
1777 3373 1834 3392 om.
1860 3362 1919 3399 R¹,
1947 3363 2022 3394 add.
2049 3362 2099 3393 R²
2124 3363 2156 3394 in
2181 3376 2242 3405 my.
2284 3364 2366 3405 Ley.

1282 3402 1438 3434 interdici
1463 3402 1593 3433 modis?
1621 3401 1633 3446 11
1665 3406 1705 3436 22
1738 3405 1888 3446 proprias
1911 3406 1961 3438 122
1986 3407 2071 3449 vulo.
2103 3406 2114 3449 11
2144 3409 2186 3440 24
2211 3408 2366 3450 copulare

1283 3447 1331 3478 R¹
1347 3447 1358 3489 11
1379 3449 1419 3479 27
1447 3447 1650 3479 defensiones
1670 3449 1718 3480 Ιιῖι
1735 3451 1746 3491 11
1767 3453 1807 3482 28
1833 3451 1992 3489 *taliuml
2015 3451 2107 3483 aliud
2124 3453 2200 3486 libri
2218 3452 2230 3496 11
2247 3456 2289 3487 30
2315 3454 2367 3486 iu-

1282 3492 1366 3531 dice]
1398 3502 1459 3532 pro
1491 3492 1600 3523 iudice
1622 3493 1671 3525 V¹
1701 3494 1712 3535 11
1742 3495 1908 3536 percipere
1931 3496 2040 3528 le2V¹
2073 3496 2084 3539 11
2113 3498 2154 3530 32
2190 3498 2302 3531 alicui.
2336 3500 2365 3531 ei

1292 3537 1323 3569 V
1336 3536 1347 3579 11
1364 3538 1453 3567 omni
1474 3537 1522 3569 R²
1538 3536 1549 3580 11
1570 3540 1612 3570 34
1637 3539 1750 3570 cedere
1765 3541 1796 3571 h‘
1809 3540 1870 3572 VT
1887 3542 1931 3573 al.
1947 3540 1959 3584 11
1979 3543 2020 3574 35
2046 3544 2148 3574 nutus
2164 3543 2270 3577 RVT
2290 3543 2364 3584 (al.

1282 3578 1405 3613 motus’
1438 3582 1590 3615 Aecursiz'
1611 3584 1654 3625 ql.
1682 3586 1712 3616 in
1737 3585 1782 3624 V)
1819 3587 1927 3617 motus
1958 3587 2043 3629 vulq.
2071 3587 2083 3630 11
2114 3590 2157 3621 36
2193 3589 2366 3621 noluerint

1283 3628 1315 3658 et
1339 3627 1451 3658 cedere
1474 3627 1526 3667 Vll
1546 3628 1586 3660 37
1611 3628 1775 3669 praesidet
1799 3630 1842 3662 Va
1857 3630 1869 3672 11
1888 3633 2060 3672 potentum
2082 3635 2153 3673 eci]
2179 3635 2306 3666 tentum
2322 3654 2364 3658 —

1283 3673 1391 3750 ᾺΞῚἌἹ
1419 3671 1578 3713 quaedam
1599 3673 1661 3717 11:01
1689 3675 1719 3707 in
1746 3687 1810 3707 ras.
1828 3677 1846 3708 5
1870 3688 2014 3709 versuum
2035 3689 2097 3720 scr.
2112 3677 2189 3724 1321}
2209 3681 2250 3713 38
2276 3680 2363 3713 enim
