2580 4022
230 144 336 186 Nov.
357 143 501 189 CLIX,
521 144 558 183 ’2.
581 144 604 183 3

258 251 267 262 -ι
331 249 340 261 ²
412 252 427 259 v
506 249 516 261 ²
552 252 559 261 ι
732 246 740 258 t
860 245 870 258 ²
930 251 936 260 ,
1124 244 1131 255 r
1277 248 1284 258 a

229 265 292 286 ουκ
322 252 446 295 ορθως
476 249 560 283 ουδε
589 260 838 293 προςηκοντως
860 246 1083 292 Αλεξαι-δρος
1113 260 1133 281 o
1159 246 1301 287 ἐνδοξο-

230 307 333 330 τατος
344 295 412 337 τὴν
424 292 506 338 παρ’
522 291 631 327 αὐτοῦ
649 296 929 338 προτεινομένην
947 290 1163 333 ἐνεστήσατο
1180 290 1299 334 δίκην·

229 338 416 374 ἀπιουσῶν
452 336 491 372 δὲ
521 341 580 371 καὶ
610 338 762 379 τούτων,
798 337 845 371 ιῦς
876 341 1051 381 τέσσαρας
1081 334 1149 379 ἤδη
1179 337 1303 382 γενεὰς

229 382 517 428 παρεληλυθέναι
549 381 677 426 δοκεῖν,
705 379 769 416 οὐκ
801 379 846 416 ἃν
868 380 1128 424 ὑπομείναιμεν
1151 377 1303 426 ἆρχαίαν

227 426 324 462 οὕτω
355 426 593 471 δικαστηρίοις
624 424 808 460 ὑπόθεσιν
839 424 1125 471 παραδίδοσθαι,
1148 426 1303 469 μάλιστα

227 474 288 515 τῆς
313 475 597 506 Κωνσταντίιου
625 470 754 505 παιδὸς
779 473 838 505 ἐπὶ
861 474 942 505 νέας
964 467 1061 504 οὕτω
1085 472 1147 513 τῆς
1168 468 1304 513 ἡλικίας

228 515 474 558 καταλυσάσης
504 515 571 550 τὸν
605 519 699 559 βίον,
736 512 823 549 ὥςτε
852 513 922 548 κοῗν
953 516 984 549 εἰ
1012 514 1060 559 μή
1089 513 1305 559 διαθέμενος

227 564 356 595 ἐκεῖνος
386 561 588 606 ἐτύγχανεν,
620 561 667 594 εἰς
690 558 759 602 τὴν
782 562 917 605 μητέρα
940 560 1009 602 τὴν
1034 557 1143 602 αὐτῆς
1166 559 1303 604 περιελ-

227 607 311 639 θεῖν
343 605 385 639 τὸ
419 606 646 650 προάστειον,
678 603 742 638 οὐκ
774 603 882 647 αὐτῆς
910 606 972 647 τῆς
999 607 1080 638 νέας
1104 606 1166 638 τοῦ
1190 603 1304 647 νόμου

1287 135 1372 181 742
1410 139 1417 142 “

2027 153 2089 182 DE
2118 153 2442 185 RESTITUTIONE

1370 247 1588 299 promeritis,
1619 258 1692 284 non
1720 250 1818 284 recte
1840 258 1953 294 neque
1977 251 2220 294 competenter
2243 250 2444 286 Alexander

1371 291 1545 336 glorlosus
1561 302 1584 326 a
1600 302 1638 327 se
1657 292 1899 329 advenientem
1919 295 2072 330 instituit
2087 295 2200 339 litom3
2225 295 2444 331 transeundo

1370 346 1457 371 vero
1474 340 1509 388 et
1524 336 1684 379 istorum,
1702 338 1796 382 quod
1809 341 1977 382 quattuor
1987 340 2058 374 iam
2070 340 2314 384 generationes
2327 344 2445 375 trans-

1370 381 1442 416 isse
1476 381 1657 424 videntur‚
1694 393 1766 417 non
1800 383 1918 418 facere
1948 384 2087 428 quidem
2112 385 2295 429 antiquam
2326 385 2446 420 taliter

1339 426 1511 462 siudiciis
1542 426 1778 470 cognitionem
1804 427 1917 470 tradi,
1949 429 2099 464 maxime
2121 428 2346 464 Constantini
2370 429 2444 464 filia

1372 471 1490 506 adhuc
1521 471 1705 516 pupillaris
1737 472 1856 507 taliter
1879 473 2006 507 aetatis
2030 473 2155 509 functa
2177 475 2262 518 vita,
2293 476 2333 508 ut
2356 479 2392 508 et
2416 474 2447 508 si

1372 516 1477 551 etiam
1502 516 1578 551 sine
1597 519 1810 552 testamento
1834 517 1894 551 ille
1917 519 2022 557 esset,
2046 518 2082 552 in
2106 522 2253 554 matrem
2273 519 2349 553 eius
2366 528 2445 563 per-

1372 560 1494 595 venire
1514 561 1729 605 proastium‚
1754 572 1826 597 non
1849 562 1962 606 ipsius
1986 563 2164 605 novellae,
2192 563 2260 606 legi
2283 573 2366 598 vero
2390 566 2446 597 ut·

1372 607 1455 649 pote
1487 605 1584 640 sacta
1608 606 1734 641 horum
1759 616 1885 648 causa,
1920 610 1955 640 et
1978 607 2108 643 nullius
2133 608 2245 643 Hierii
2268 607 2447 651 gloriosae

227 649 266 684 δὲ
297 646 636 702 ὥςπερὶγενρμένου
667 649 810 683 τούτων
835 651 960 691 αἰτίου,
980 652 1040 682 καὶ
1063 645 1204 684 οὐδενὸς
1227 651 1304 684 τῶν
1322 654 1359 685 10
1373 650 1561 685 memoriae
1575 651 1763 686 heredibus
1777 651 1871 685 circa
1883 651 2098 686 voluntatem
2113 653 2344 696 peccantibus
2358 653 2445 687 eius.

221 693 342 740 Ἶεριόυ
377 707 439 728 του
472 706 535 737 της
565 692 712 734 ἐνδόξου
743 693 881 738 μνήμης
912 692 1093 736 διαδόχων
1125 698 1206 739 περὶ
1236 694 1305 737 τὴν

225 739 397 784 βούλησιν
429 737 698 786 ἁμαρτάνοντος
728 740 797 782 τὴν
828 739 950 773 αὐτοῦ.
997 742 1057 772 καὶ
1080 738 1150 784 γὰρ
1174 740 1204 772 εἰ
1229 738 1303 773 δια-

227 782 344 827 θήκας
367 787 647 819 Κωνσταντῒνος
677 785 829 830 γράφων
861 781 1171 818 ὑποκαταστάσεις
1202 784 1303 818 τινας

226 830 421 872 ἐποιήσατο
452 830 514 872 τῆς
534 827 664 864 παιδὸς
686 826 902 871 τελευτώσης
925 825 1073 883 οἷνήβου,
1099 827 1196 883 πλήν
1218 826 1300 862 ἀλλ’

1372 695 1514 729 Etenim
1537 694 1602 741 (si)
1625 698 1873 730 testamentum
1902 696 2156 732 Constantinus
2180 697 2338 732 scribens
2363 697 2447 732 sub-

1372 740 1575 775 stitutiones
1597 740 1733 785 aliquas
1754 740 1839 775 fecit
1859 740 1933 775 filia
1953 740 2121 776 defuncta
2136 742 2329 786 impubere,
2354 744 2446 776 atta-

1371 794 1451 819 men
1475 785 1524 820 nil
1549 795 1592 820 ex
1616 785 1683 820 hoc
1706 786 1943 820 introducitur
1960 796 2122 829 magnum
2140 789 2176 821 et
2191 786 2304 830 ipsius
2320 796 2447 821 secun-

1372 830 1455 863 dum
1486 830 1555 864 hoc
1585 830 1670 874 legis
1693 830 1850 875 pupillae
1870 830 1973 865 matri
1996 831 2233 866 substantiam
2256 831 2449 875 praebente

225 872 331 908 οὐδὲν
349 874 526 908 ἐντεῦθεν
548 874 722 927 εἱςάγεται
744 876 845 919 μέγα,
859 876 929 926 ικαὶ
943 886 1056 927 ,αυτου
1074 874 1152 906 καθ’
1187 872 1302 908 αὑτὸν
1319 877 1357 908 15
1371 876 1582 910 testamento
1608 875 1697 909 citra
1715 875 1903 910 transitum
1928 885 2015 910 eam.

225 920 288 953 τοῦ
313 919 426 962 νόμου
450 920 493 965 τῇ
518 930 580 961 της
602 921 683 952 νέας
700 922 808 963 μητρὶ
827 931 895 959 την
912 922 1040 952 ουσίαν
1059 918 1301 964 παρεξομένου

225 962 417 1005 διαθηκῶν
439 966 545 1008 χωρὶς
568 959 741 1006 ἀπιούσης
765 960 882 1005 αὐτῆς.

1212 1030 1367 1066 CAPUT
1395 1031 1459 1067 111.

294 1099 518 1140 Θεσπίζομεν
546 1101 670 1132 τοίνυν
699 1095 787 1140 μήτε
807 1095 1043 1142 Ἀλέξανδρον
1066 1095 1135 1131 τὸν
1156 1095 1299 1138 ἐνδοξό-

224 1156 337 1177 τατον
360 1140 394 1195 ijr
404 1142 487 1176 τοὺς
511 1141 622 1176 αὐτοῦ
647 1140 777 1177 παῖδας
796 1142 885 1185 μήτε
907 1143 989 1176 τοὺς
1014 1140 1200 1185 διαδόχους
1224 1144 1301 1177 τῶν

1434 1098 1620 1133 Sancimus
1644 1098 1762 1141 igitur,
1786 1109 1900 1144 neque
1916 1099 2158 1135 Alexandrum
2182 1099 2295 1134 virum
2317 1098 2449 1143 glorio-

1370 1153 1448 1178 sum
1464 1145 1528 1178 aut
1544 1143 1618 1178 eius
1633 1142 1725 1178 filios
1742 1153 1853 1189 neque
1869 1154 2094 1180 successores
2109 1144 2325 1188 reliquorum
2342 1144 2450 1179 Hierii

225 1187 363 1222 λοιπῶν
392 1189 426 1220 Ιε
451 1191 503 1220 ιὀυ
533 1188 597 1221 τοῦ
630 1188 692 1228 τῆς
725 1185 871 1241 ἐνδόξου
897 1187 1037 1242 μνήμης
1059 1188 1124 1221 τοῦ
1149 1191 1299 1232 πρεσβυ-
1315 1190 1356 1223 20
1370 1188 1545 1232 glor10sae
1561 1188 1752 1224 memoriae
1765 1190 1913 1225 senioris
1926 1189 2079 1224 filiorum
2093 1199 2206 1234 neque
2219 1189 2325 1224 alium
2340 1199 2448 1234 quen-

225 1236 327 1277 τέρου
358 1236 427 1267 παί
451 1244 505 1266 ων
531 1230 622 1275 μήτε
647 1230 757 1266 ἄλλον
779 1245 861 1265 τινα
884 1246 961 1266 των
985 1244 1140 1267 παντων
1163 1234 1211 1267 εἰς
1233 1231 1302 1275 τὴν

226 1276 341 1320 αὐτὴν
375 1273 658 1321 ἀναφερομένων
689 1275 865 1322 φαμιλίαν
895 1275 919 1319 ἢ
948 1277 1040 1311 κατὰ
1071 1281 1214 1320 Μαρίας
1243 1281 1303 1311 καὶ

225 1324 365 1366 Μαρίας
387 1323 465 1355 τῶν
489 1319 740 1362 ἐνδοξοτάτων
765 1321 944 1367 προφάσει
967 1323 1045 1356 τῶν
1068 1321 1152 1367 παρ’
1179 1319 1304 1356 αὐταῖς

225 1367 475 1417 καθέστωτων
508 1366 735 1420 πραγμάτων
759 1363 781 1409 ἢ
805 1367 897 1401 κατὰ
919 1369 995 1401 τῶν
1020 1365 1142 1401 ἄλλων
1162 1370 1303 1412 χωρεῖν,

1372 1234 1454 1267 dam
1489 1243 1531 1268 ex
1568 1233 1730 1269 omnibus
1765 1234 1801 1268 in
1836 1234 1912 1270 eius
1949 1234 2181 1270 constitutum
2216 1234 2353 1268 familia
2388 1237 2450 1268 aut

1373 1280 1498 1313 contra
1514 1277 1664 1312 Mariam
1689 1281 1726 1313 et
1741 1278 1892 1314 Mariam
1907 1279 2079 1323 gloriosas
2096 1278 2246 1313 feminas
2263 1278 2450 1313 occasione

1372 1333 1489 1358 rerum
1513 1323 1608 1367 apud
1632 1333 1693 1358 eas
1715 1326 1989 1359 constitutarum
2004 1327 2067 1359 aut
2083 1326 2209 1359 contra
2225 1324 2315 1359 alios
2332 1333 2448 1367 agere,

1372 1368 1468 1412 apud
1501 1378 1589 1411 quos
1616 1377 1673 1403 res
1706 1369 1921 1404 constitutae
1949 1372 2033 1404 sunt
2055 1379 2151 1404 nunc
2175 1371 2238 1403 aut
2259 1369 2296 1403 in
2320 1368 2450 1413 quibus

225 1410 312 1466 “an
343 1417 394 1463 οἱς
420 1411 467 1446 τὰ
494 1424 696 1465 πραγματα
726 1411 928 1455 καθέστηκε
955 1413 1023 1446 νῦν
1047 1410 1070 1455 ἢ
1092 1415 1152 1445 καὶ
1176 1413 1223 1446 εἰς
1245 1410 1304 1446 οὓς
1318 1415 1359 1447 25
1372 1412 1493 1448 futuro
1519 1413 1741 1457 pervenerint
1763 1416 1933 1458 tempore,
1957 1414 1994 1449 in
2013 1414 2142 1458 quibus
2159 1413 2302 1449 Hierius
2320 1413 2449 1457 glorio-

225 1469 317 1491 κατα
347 1469 415 1490 τον
447 1456 526 1499 ἑξης
556 1455 785 1501 περιέλθοιεν
815 1455 958 1501 χρόνον,
990 1454 1043 1502 ἐφ’
1075 1456 1125 1490 οἷς
1147 1455 1263 1504 Ἶέριος
1283 1454 1303 1490 ὁ

224 1503 286 1545 τῆς
309 1499 457 1541 ἐνδόξου
480 1500 620 1546 μνήμης
639 1500 802 1535 κωλύσας
825 1499 996 1548 ἐτύγχανε
1019 1501 1088 1545 τὴν
1106 1503 1304 1545 ἐκποίησιν,

225 1545 246 1590 ἢ
269 1543 361 1580 ὅλως
383 1547 594 1591 μεμνῆσθαι
624 1545 752 1581 λοιπὸν
775 1547 838 1588 τῆς
861 1546 1048 1581 κωλύσεως
1070 1550 1131 1580 καὶ
1154 1549 1218 1581 τοῦ
1243 1548 1306 1589 τῆς

226 1590 395 1638 φαμιλίας
414 1588 605 1644 ὲὀνόματος
636 1595 698 1624 καί
727 1603 764 1625 τι
796 1589 936 1626 δίκαιον
963 1593 1242 1634 κατασκευάζειν
1267 1594 1305 1625 ἐκ

1374 1468 1435 1494 sae
1450 1458 1641 1493 memoriae
1656 1458 1847 1503 prohibens
1866 1459 1934 1493 fuit
1949 1459 2209 1500 alienationem,
2229 1462 2294 1493 aut
2308 1458 2450 1493 omnino

1374 1513 1465 1547 quae
1488 1503 1674 1538 memorari
1694 1503 1934 1548 prohibitione
1956 1506 1993 1539 et
2013 1503 2171 1538 familiae
2191 1513 2319 1538 nomen
2334 1504 2370 1538 et
2386 1502 2449 1537 ali-

1375 1548 1469 1592 quod
1499 1548 1555 1583 ius
1586 1547 1763 1583 fabricare
1791 1558 1834 1584 ex
1858 1549 1944 1591 hoc,
1976 1551 2017 1583 ut
2040 1548 2119 1583 aliis
2143 1547 2254 1583 Hierii
2276 1548 2451 1592 gloriosae

1374 1593 1563 1628 memoriae
1593 1592 1675 1628 filiis
1705 1593 1792 1637 ipsis
1825 1593 2062 1629 alienantibus
2092 1596 2128 1629 et
2162 1592 2451 1628 convenientibus

225 1638 362 1678 τούτου,
394 1648 442 1670 ως
471 1640 531 1670 καὶ
562 1637 639 1670 τῶν
672 1635 793 1671 ἄλλων
826 1634 946 1681 ‘lapion
977 1638 1041 1670 τοῦ
1073 1638 1135 1679 τῆς
1160 1634 1304 1677 ἐνδόξου
1319 1640 1361 1673 30
1375 1637 1468 1673 sicut
1494 1639 1531 1673 et
1559 1638 1774 1682 reliquorum
1798 1638 2086 1679 alienationibus,
2111 1641 2146 1673 et
2168 1638 2332 1682 primitus
2356 1638 2450 1672 leva-

225 1682 364 1725 μνήμης
393 1680 485 1714 υἱῶν
510 1680 557 1714 τὰ
582 1678 706 1714 αὐτῶν
729 1679 1004 1723 ἐκποιησάντων
1028 1680 1223 1726 πράγματα
1247 1685 1305 1715 καὶ

227 1724 551 1771 συμφωνησάντων
581 1722 695 1770 ὥςπερ
724 1729 784 1759 καὶ
813 1729 890 1760 ταῖς
916 1727 993 1760 τῶν
1024 1725 1163 1761 λοιπῶν
1187 1728 1305 1760 ἐκποι-

226 1771 328 1813 ήσεσι
358 1773 419 1803 καὶ
450 1768 731 1814 προανελόντων
771 1774 874 1816 σφίσι
907 1783 947 1804 τε
982 1766 1101 1804 αὐτοῖς
1139 1774 1199 1804 καὶ
1232 1773 1305 1804 τοῖς

227 1811 407 1856 διαδόχοις
430 1814 494 1848 τὰς
518 1813 716 1866 δυναμένας
738 1812 934 1859 ἁρμόττειν
953 1812 1095 1860 ἀγωγὰς
1112 1816 1150 1848 ἐκ
1165 1814 1303 1853 τούτου,

1374 1687 1497 1718 rentur
1520 1686 1555 1718 et
1578 1683 1665 1727 ipsis
1682 1687 1718 1718 et
1733 1683 2003 1719 successoribus
2020 1693 2111 1728 quae
2127 1686 2278 1727 possunt
2293 1682 2452 1718 actiones

1376 1731 1578 1772 competere
1602 1727 1646 1762 de
1669 1728 1748 1771 hoc,
1774 1732 1810 1763 et
1833 1728 1912 1764 aliis
1937 1738 2025 1772 quos
2045 1728 2350 1773 apprehendentes
2367 1727 2450 1762 reli-

1375 1773 1514 1816 quimus
1542 1772 1738 1807 intellectui
1769 1773 1816 1807 ad
1839 1773 2042 1809 huiusmodi
2065 1772 2168 1808 nobis
2191 1771 2451 1807 sufficientibus

1373 1816 1542 1851 iudicium
1566 1820 1602 1851 et
1625 1816 1892 1860 legislationem.
1940 1818 1990 1852 Et
2013 1817 2108 1852 hanc
2131 1826 2209 1852 esse
2234 1816 2450 1853 decisionem

226 1863 287 1893 καὶ
309 1860 387 1893 τῶν
410 1857 532 1893 ἄλλων
554 1857 613 1893 ote
637 1858 851 1914 φθάσαντες
866 1862 1001 1904 ἔφημεν
1017 1861 1200 1904 λογισμῶν
1215 1860 1304 1903 πρὸς
1318 1863 1360 1895 35

228 1905 296 1947 τὴν
326 1904 496 1946 τοιαύτην
526 1901 612 1948 ἡμῖν
636 1916 844 1948 αρκουντων
867 1908 985 1947 κρίσιν
1008 1917 1048 1938 τε
1071 1907 1130 1937 καὶ
1149 1905 1304 1948 νομοθε-

227 1953 323 1983 σίαν.
371 1951 429 1981 καὶ
454 1947 591 1990 ταύτην
615 1948 706 1982 εἶναι
730 1948 845 1991 τομήν
869 1948 910 1981 οὐ
934 1950 995 1990 τῆς
1019 1948 1200 1993 παρούσης
1217 1947 1303 1983 ὑπο-

225 2053 372 2085 nostrae
401 2050 507 2083 etiam
537 2057 652 2082 nurus
682 2047 752 2082 hac
783 2047 1027 2093 appellatione
1058 2047 1268 2092 eliquantur,
1295 2058 1370 2082 non
1400 2050 1497 2082 recte
1527 2057 1642 2092 neque
1672 2047 1839 2083 decenter
1861 2047 2072 2083 Alexander
2093 2048 2150 2082 vir
2171 2047 2451 2094 qloriosissimus

226 2095 320 2129 litem
352 2092 395 2127 ab
427 2093 508 2138 ipso
538 2092 709 2127 intentam
733 2091 907 2133 instituit5
937 2102 1057 2127 verum
1081 2093 1115 2127 si
1136 2090 1204 2126 liae
1227 2102 1370 2137 quoque
1393 2091 1579 2134 decedunt,
1602 2095 1642 2127 ut
1666 2093 1736 2127 iam
1762 2096 1936 2138 quattuor
1958 2093 2212 2139 qenerationes
2231 2093 2450 2139 praeterisse

226 2139 424 2180 videantur,
456 2148 529 2172 non
554 2137 741 2182 patiemur
773 2140 845 2170 tam
876 2140 1049 2172 vetustam
1081 2147 1225 2171 causam
1259 2136 1358 2171 tradi
1386 2136 1541 2178 iudiciis,
1572 2137 1730 2172 maxime
1761 2148 1841 2173 cum
1866 2137 2092 2174 Constantini
2109 2138 2189 2182 filia
2213 2137 2303 2173 adeo
2328 2141 2452 2174 tenera

226 2187 344 2219 aetate
373 2183 482 2218 vitam
509 2182 656 2226 finierit,
688 2184 730 2216 ut
758 2181 865 2216 etiam
894 2181 927 2215 si
954 2182 1055 2226 forte
1085 2182 1118 2216 is
1149 2185 1395 2217 testamentum
1426 2192 1498 2216 non
1520 2182 1677 2227 fecisset,
1713 2185 1831 2218 tamen
1855 2182 1905 2217 ad
1925 2187 2075 2218 matrem
2098 2182 2175 2218 eius
2195 2186 2451 2229 perventurum

226 2232 318 2264 esset
338 2226 533 2279 praedium
564 2226 820 2270 suburbanum,
851 2236 931 2261 cum
963 2237 1038 2261 non
1069 2227 1149 2271 ipsa
1177 2226 1339 2273 pupilla,
1373 2225 1438 2261 sed
1467 2227 1531 2262 lex
1559 2227 1643 2272 fere
1674 2225 1801 2262 lacrum
1826 2237 1937 2263 causa
1959 2232 2066 2270 esset,
2099 2228 2237 2263 etiamsi
2259 2227 2380 2263 nultus
2403 2239 2452 2263 ex

229 2272 343 2308 Hierii
374 2271 558 2318 qtoriosae
587 2271 780 2307 memoriae
810 2270 1077 2306 successoribus
1108 2272 1206 2306 circa
1236 2271 1454 2306 voluntatem
1485 2271 1562 2306 eius
1573 2275 1774 2317 peccasset.
1822 2271 1917 2307 Nam
1941 2273 2008 2308 etsi
2032 2271 2290 2308 Constantinus
2311 2273 2450 2318 scripto

228 2320 438 2353 testamento
463 2316 636 2362 quasdam
661 2316 932 2351 substitutiones
953 2316 1055 2361 fecit,
1088 2316 1121 2350 si
1141 2316 1222 2359 filia
1244 2316 1342 2351 intra
1354 2316 1583 2366 pubertatem
1606 2320 1817 2358 moreretur,
1848 2320 1965 2352 tamen
1988 2316 2072 2352 inde
2094 2327 2206 2363 qrave
2229 2315 2320 2351 nihil
2341 2317 2450 2352 intro-

226 2363 379 2403 ducitur,
404 2372 484 2396 cum
508 2365 543 2397 et
565 2362 646 2407 ipsa
670 2361 732 2396 lex
747 2371 820 2406 per
842 2371 880 2396 se
895 2361 1005 2396 matri
1015 2361 1178 2407 pupillae
1193 2360 1429 2396 substantiam
1442 2360 1656 2407 praebitura
1671 2366 1774 2403 esset,
1798 2361 1830 2396 si
1846 2372 1888 2396 ea
1909 2362 1987 2397 sine
2004 2365 2214 2398 testamento
2231 2361 2448 2398 decessisset

361 2406 425 2442 III.
474 2405 664 2442 Sancimus
697 2405 822 2451 iqitur,
857 2416 974 2451 neque
1004 2405 1255 2441 Alexandrum
1290 2405 1404 2441 virum
1439 2405 1738 2451 qloriosissimum
1772 2407 1890 2442 eiusce
1921 2405 2051 2442 liberos
2082 2417 2198 2452 neque
2225 2416 2452 2442 successores

227 2455 425 2488 ceterorum
449 2450 572 2487 Hierii
598 2451 752 2486 senioris
780 2451 965 2496 yloriosae
995 2451 1189 2485 memoriae
1219 2449 1423 2492 liberorum,
1455 2461 1570 2496 neque
1600 2451 1711 2486 alium
1742 2450 1853 2486 ullum
1884 2462 1934 2486 ex
1958 2451 2121 2486 omnibus
2144 2452 2210 2496 qui
2231 2451 2283 2486 ad
2304 2451 2452 2487 eandem

225 2497 405 2542 familiam
428 2496 642 2542 reseruntur
665 2499 731 2530 aut
753 2499 882 2531 contra
905 2494 1063 2530 Mariam
1087 2500 1123 2530 et
1145 2494 1303 2530 Mariam
1325 2495 1483 2541 feminas
1505 2495 1786 2541 qloriosissimas
1809 2497 1952 2531 nomine
1973 2506 2094 2531 rerum
2116 2506 2210 2542 quae
2232 2495 2335 2547 apud
2351 2496 2452 2542 ipsas

226 2545 356 2578 extant
383 2544 447 2576 aut
477 2545 605 2576 contra
635 2545 771 2576 ceteros
795 2539 998 2587 procedere
1029 2539 1132 2586 apud
1162 2550 1252 2586 quos
1280 2550 1339 2575 res
1363 2551 1458 2575 nunc
1489 2544 1622 2576 extant
1651 2540 1706 2576 vel
1729 2541 1835 2576 etiam
1861 2540 1911 2576 ad
1933 2551 2025 2586 quos
2048 2541 2086 2575 in
2105 2545 2266 2586 sequenti
2292 2544 2452 2587 tempore

223 2592 464 2633 perventurae
486 2589 582 2628 sunt,
605 2585 643 2620 in
669 2584 798 2630 quibus
823 2584 973 2620 Hierius
995 2585 1179 2630 qloriosae
1201 2585 1393 2620 memoriae
1414 2585 1517 2630 forte
1541 2585 1793 2621 alienationem
1809 2585 2015 2637 prohibuit,
2038 2589 2103 2621 aut
2117 2585 2260 2620 omnino
2275 2585 2313 2619 in
2325 2589 2451 2632 poste-

225 2642 306 2666 rum
336 2630 547 2666 mentionem
577 2630 703 2676 facere
726 2629 987 2676 prohibitionis
1017 2634 1052 2665 et
1075 2630 1231 2665 nominis
1251 2629 1419 2675 familiae
1442 2633 1551 2675 atque
1574 2629 1686 2665 ullum
1710 2630 1779 2665 sibi
1802 2630 1885 2665 ande
1908 2631 1965 2666 ius
1982 2641 2135 2676 parare,
2160 2631 2295 2681 quippe
2318 2641 2398 2665 cum
2417 2633 2453 2666 et

226 2676 335 2712 ceteri
358 2675 480 2711 Hierii
497 2675 682 2718 gloriosae
703 2676 896 2710 memoriae
915 2674 986 2719 filii
1008 2685 1068 2710 res
1090 2685 1177 2710 suas
1200 2674 1399 2709 alienarint
1420 2678 1456 2710 et
1479 2674 1633 2718 quodam
1657 2674 1764 2710 modo
1779 2675 2001 2721 reliquorum
2017 2686 2159 2721 quoque
2175 2675 2453 2711 alienationibus

227 2721 471 2756 consenserint
495 2725 604 2766 atque
629 2724 701 2755 tam
723 2719 793 2755 sibi
802 2720 905 2799 ἆζοι-ἐς
929 2730 1037 2765 quam
1059 2720 1324 2755 successoribus
1347 2719 1422 2754 suis
1446 2720 1607 2755 actiones
1631 2731 1724 2765 quae
1753 2719 1836 2754 hinc
1860 2723 2059 2800 comffetere
2072 2719 2216 2765 possint
2241 2720 2313 2755 iam
2335 2724 2451 2755 sustu-

827 2777 838 2799 l

227 2765 345 2808 lerint,
361 2769 397 2800 et
411 2769 552 2800 ceterae
570 2775 662 2810 quas
677 2768 783 2799 antea

840 2765 962 2799 ximus
979 2765 1140 2799 rationes
1156 2764 1206 2799 ad
1219 2764 1393 2799 eiusmodi
1409 2764 1577 2799 iudicium
1595 2768 1629 2799 et
1644 2765 1865 2800 sanctionem
1883 2775 1929 2798 no

1956 2765 1985 2799 is
1999 2764 2198 2810 sufficiant.
2231 2766 2348 2809 Atque
2363 2763 2452 2799 haec

272 2869 293 2901 2
316 2864 440 2899 αὐτῶν
456 2866 499 2899 Μ
510 2867 522 2910 ΙΙ
540 2867 834 2912 προτεινομένην]
859 2866 1087 2899 advenientem
1104 2867 1138 2908 (ι’.
1153 2879 1178 2899 e.
1196 2875 1306 2909 steco—

228 2908 1305 3000 {atterrat‘finitasantistssssthgzizatflt⁶⁷5²]

232 3003 270 3035 13
302 2998 322 3034 ὁ
357 3009 431 3035 ante
454 2970 754 3034 Κωνσταντῖνοςμ
765 2969 841 3034 aad.
867 3013 935 3034 cum
960 3001 1158 3034 Haloandro
1184 3001 1271 3043 vulq.
1295 2954 1308 3042 ll

226 3044 379 3094 γράφειν
402 3047 453 3079 L⁰
470 3046 483 3090 ΙΙ
503 3048 600 3089 18sq.
625 3043 742 3089 *μηδὲ
756 3065 800 3070 -
847 3042 910 3088 ηδὲ
933 3046 1006 3079 ML
1023 3046 1035 3089 ΙΙ
1057 3047 1096 3079 19
1122 3043 1308 3087 διαδόχους

229 3105 287 3124 οηι.
312 3092 344 3124 L
373 3090 384 3134 ΙΙ
415 3092 456 3124 21
488 3088 666 3124 παῖδαςΙι
692 3091 703 3135 ΙΙ
734 3059 850 3134 *μηδὲ
872 3090 946 3124 ML
976 3095 988 3134 Η
1018 3088 1139 3124 ἄλλων
1164 3092 1195 3123 L
1225 3091 1236 3131 ΙΙ
1265 3091 1307 3123 22

229 3131 343 3179 αὐτὴν
366 3137 423 3176 Μ]
448 3131 572 3169 αὐτῶν
591 3137 622 3169 L
648 3135 718 3168 eius
741 3148 760 3171 ς
778 3135 791 3179 ΙΙ
813 3132 1108 3180 ἀναφερομένων]
1145 3135 1307 3168 constitu-

228 3183 299 3212 tnm
334 3182 369 3222 (i.
395 3194 419 3214 e.
452 3177 735 3225 ἀναφερόμενον)
761 3192 780 3216 ς
804 3184 887 3222 sort.
913 3189 996 3214 recte
1020 3180 1032 3223 ΙΙ
1059 3182 1100 3214 26
1133 3178 1202 3213 τὸν
1234 3181 1307 3213 Ha-

230 3226 376 3266 loander]
400 3225 477 3258 τῶν
498 3226 570 3258 ML
588 3226 600 3269 ΙΙ
619 3226 661 3259 28
689 3223 820 3259 λοιπὸν
845 3238 903 3259 om.
927 3225 1035 3268 ς1130
1059 3223 1202 3258 τούτων
1225 3225 1275 3258 La
1298 3222 1310 3269 Η

230 3271 270 3303 31
297 3265 420 3303 αὐτῶν
443 3270 474 3302 L
502 3269 514 3308 ΙΙ
545 3268 740 3315 πράγματα
763 3282 821 3303 om.
848 3282 867 3306 ς
895 3270 907 3313 ΙΙ
937 3271 978 3303 33
1002 3267 1309 3314 *προανελόντων

229 3315 347 3356 scripsi
380 3328 419 3348 ex
453 3317 484 3355 ς]
519 3313 815 3359 προςανελόντων
852 3315 924 3348 ML
948 3315 959 3356 ΙΙ
982 3318 1085 3359 σφίσι
1120 3327 1160 3348 τε
1175 3310 1310 3348 ἀὐτοῖς

230 3360 300 3399 καὶ]
325 3357 393 3400 τὴν
417 3361 542 3402 σφῖσιν
565 3360 605 3392 τὲ
628 3361 687 3392 καὶ
708 3360 739 3392 L
756 3359 768 3403 ΙΙ
794 3361 837 3392 34
854 3356 997 3393 τούτων
1020 3361 1052 3393 L
1070 3359 1082 3403 ΙΙ
1107 3361 1148 3393 35
1175 3359 1310 3403 ἔφημεν

231 3399 424 3446 λογισμῶν]
451 3403 645 3445 reliquimus
669 3404 856 3437 intellectui
881 3416 900 3440 ς

277 3534 297 3565 2
329 3535 358 3573 a]
391 3533 432 3565 ad
456 3535 542 3578 vuly.
573 3534 585 3577 ΙΙ
612 3535 843 3569 aduenientem
868 3537 957 3578 RV]
983 3537 1256 3570 adiuuenientem
1283 3538 1315 3570 T

232 3577 416 3609 venientem
439 3579 526 3621 vulq-
545 3579 557 3622 ΙΙ
583 3579 676 3612 litem
704 3581 736 3612 T
753 3582 854 3624 vuly]
878 3581 955 3615 litt&
982 3583 1015 3622 (ι’.
1041 3594 1067 3615 e.
1091 3581 1216 3622 littere)
1239 3582 1316 3615 RV

233 3620 279 3662 113
305 3621 393 3669 quod
414 3623 474 3655 del.
493 3623 544 3655 T2
560 3623 572 3666 ΙΙ
589 3626 610 3657 4
636 3624 807 3657 ιιιιᾶοιιῐιιι·
829 3625 879 3658 V¹
895 3626 900 3668 Ι
925 3628 945 3659 5
971 3626 1184 3659 Constantini
1202 3627 1308 3668 Beck]

234 3666 435 3697 constituens
464 3667 670 3706 (constitutio
693 3669 757 3709 Ra)
788 3670 866 3703 libri
893 3669 899 3713 Ι
934 3671 954 3703 6
979 3670 1091 3703 taliter
1114 3683 1177 3704 scr.
1201 3670 1250 3704 V³
1274 3673 1307 3705 in

1375 2873 1459 2908 spat.
1482 2877 1556 2899 vac.
1575 2865 1587 2908 ΙΙ
1604 2865 1717 2898 functe
1740 2865 1814 2898 RV
1835 2865 1970 2897 functae
1996 2865 2046 2897 T¹
2066 2868 2078 2907 ΙΙ
2094 2864 2184 2896 uitae
2206 2864 2239 2896 T
2253 2864 2265 2907 ss
2282 2866 2314 2896 et
2337 2876 2394 2896 om.
2424 2865 2457 2897 T

1374 2911 1462 2953 vuly.
1488 2909 1500 2953 n
1523 2911 1542 2943 8
1567 2920 1647 2943 uero
1670 2909 1738 2951 legi
1763 2910 1795 2942 R
1818 2911 1925 2953 vul9.;
1950 2922 2013 2943 scr.
2037 2909 2121 2950 legis
2145 2908 2248 2941 vero?
2264 2910 2276 2951 ΙΙ
2295 2910 2334 2941 ut
2359 2910 2451 2951 pate-

1375 2955 1462 2987 facta
1486 2965 1599 2987 eorum
1620 2955 1653 2988 T
1672 2954 1684 2997 ΙΙ
1710 2957 1730 2989 9
1754 2953 1868 2987 nullus
1893 2955 1924 2987 R
1947 2953 1959 2998 ΙΙ
1987 2953 2049 2987 erii
2073 2954 2106 2986 T
2127 2952 2139 2997 ΙΙ
2163 2955 2203 2987 10
2232 2953 2278 2986 eis
2304 2953 2353 2986 T²
2371 2952 2384 2997 ΙΙ
2411 2955 2448 2987 11

1375 3001 1508 3040 etenim]
1534 3002 1567 3032 et
1586 2999 1636 3032 R¹
1653 2998 1666 3043 ΙΙ
1683 2999 1713 3032 si
1738 3000 1814 3033 add.
1833 3000 1927 3032 Beck
1943 3001 1956 3043 ΙΙ
1975 3000 2016 3033 12
2041 3000 2185 3031 attamen
2209 2998 2306 3042 vulq]
2328 2999 2362 3030 at
2385 3000 2452 3030 tam

1376 3045 1409 3077 R
1423 3046 1450 3077 V
1469 3045 1510 3077 ad
1534 3047 1603 3077 tam
1628 3045 1659 3077 T
1679 3043 1691 3087 ΙΙ
1717 3046 1757 3079 13
1783 3043 1887 3077 nichil
1915 3045 1946 3077 T
1964 3044 1976 3087 ΙΙ
1999 3043 2192 3084 secundum]
2218 3044 2251 3076 et
2272 3042 2452 3075 secundum

1378 3090 1410 3122 T
1418 3089 1429 3110 ¹
1459 3089 1471 3132 ΙΙ
1500 3091 1540 3123 15
1562 3090 1651 3123 circa
1669 3090 1702 3122 R
1725 3088 1737 3132 ΙΙ
1769 3090 1828 3133 leq.
1853 3089 2036 3121 transitura
2056 3088 2119 3121 ea?
2144 3088 2156 3131 ΙΙ
2183 3089 2224 3121 19
2247 3087 2452 3129 reliquorum

1377 3135 1481 3174 Beck]
1505 3134 1693 3176 relinquere
1710 3134 1848 3178 Vvulq„
1873 3147 1930 3166 om.
1947 3134 2017 3167 RT
2029 3137 2040 3176 ΙΙ
2058 3132 2145 3166 herii
2167 3132 2223 3175 ΤΙΙ
2242 3134 2282 3166 20
2307 3131 2452 3165 filiorum

1377 3180 1481 3219 Beck]
1517 3178 1604 3212 filios
1630 3179 1700 3212 ΕΤ
1725 3180 1810 3223 vulp.
1838 3178 1918 3212 filiis
1939 3179 1971 3211 V
1998 3177 2010 3221 ΙΙ
2039 3179 2079 3211 21
2113 3177 2274 3210 familiam
2302 3177 2356 3210 Ta
2372 3176 2383 3219 ΙΙ
2409 3178 2452 3210 22

1378 3226 1409 3256 et
1439 3224 1584 3256 enariam
1610 3224 1672 3265 T1,
1704 3236 1762 3257 om.
1787 3224 1820 3257 R
1844 3223 1856 3267 {l
1882 3223 2087 3256 occasionem
2112 3222 2162 3255 ΕΙ
2183 3222 2313 3255 actione
2333 3221 2389 3264 Vl]
2407 3223 2450 3255 24

1377 3270 1446 3310 aut]
1471 3270 1581 3302 autem
1602 3269 1664 3302 VT
1677 3267 1689 3311 ss
1705 3268 1742 3300 in
1766 3268 1899 3310 quibus]
1920 3268 2041 3310 quibus
2065 3268 2101 3299 in
2122 3266 2178 3309 Vl]
2197 3268 2237 3300 25
2261 3267 2452 3309 peruenerit

1386 3314 1450 3346 VT
1467 3313 1670 3356 perueniunt
1693 3314 1725 3347 R
1755 3313 1766 3356 ΙΙ
1795 3315 1835 3347 25
1862 3315 2008 3355 tempore
2029 3312 2067 3344 in
2091 3311 2212 3354 quibus
2236 3324 2293 3344 om.
2320 3311 2350 3344 V
2365 3310 2378 3354 ΙΙ
2408 3312 2451 3344 26

1378 3357 1443 3390 fuit
1466 3359 1572 3399 Beck]
1594 3358 1674 3391 fecit
1697 3359 1774 3391 libri
1796 3358 1808 3401 ΙΙ
1834 3360 1874 3392 27
1906 3360 2002 3400 quae]
2027 3367 2092 3399 quo
2116 3357 2172 3390 vul
2195 3380 2203 3389 .
2226 3355 2238 3398 ΙΙ
2265 3355 2449 3395 memorari]

1377 3403 1565 3436 memorarii
1587 3404 1620 3436 V
1636 3403 1826 3436 memoriam
1849 3403 1918 3436 BT
1936 3403 2022 3446 vuly.
2041 3402 2052 3445 ΙΙ
2069 3369 2203 3444 9ιόὴίἔί
2219 3400 2306 3440 ione]
2333 3410 2352 3431 a
2374 3410 2449 3441 pro-

1378 3447 1542 3481 hibitione
1562 3448 1618 3491 Vll
1635 3447 1763 3490 aliquid
1787 3448 1819 3481 R
1834 3446 1847 3492 ss
1866 3448 1909 3481 28
1933 3447 1986 3479 ius
2009 3459 2067 3480 om.
2092 3445 2141 3478 Β*
2163 3446 2174 3488 ΙΙ
2200 3447 2250 3485 ex]
2275 3447 2308 3477 et
2330 3453 2369 3476 ex
2391 3443 2423 3476 V
2438 3443 2451 3487 ΙΙ

1379 3493 1420 3527 29
1444 3493 1631 3534 memoriae]
1647 3493 1804 3535 proibens
1820 3492 1901 3525 fecit
1915 3511 1955 3516 -
1969 3491 2159 3524 memoriam
2175 3502 2213 3522 ex
2227 3490 2268 3523 26
2277 3500 2325 3530 sq.
2342 3499 2449 3521 errore

1379 3538 1455 3570 add.
1480 3537 1529 3570 R¹
1548 3537 1560 3582 ΙΙ
1575 3538 1659 3581 ipsis
1682 3550 1740 3571 om.
1763 3536 1820 3581 Vl]
1836 3536 2070 3576 alienantibus]
2091 3545 2143 3568 res
2167 3534 2243 3566 add.
2270 3531 2448 3583 Beck-1130

1377 3581 1583 3615 leuiarentur
1603 3584 1636 3616 T
1648 3582 1660 3626 ΙΙ
1679 3583 1719 3616 31
1742 3583 1774 3614 et
1797 3581 1879 3624 ipsis
1903 3583 1951 3615 ed.
1970 3582 2090 3624 priua]
2115 3580 2148 3611 et
2169 3577 2235 3620 ipsi
2255 3576 2289 3608 R
2312 3586 2376 3617 lpsi
2394 3577 2455 3610 VT

1376 3625 1436 3704 qet
1460 3639 1518 3659 om.
1543 3628 1592 3660 12¹
1619 3629 1631 3671 ΙΙ
1653 3628 1793 3670 possunt
1817 3638 1878 3659 om.
1908 3627 1938 3659 T
1946 3626 1956 3646 ²
1979 3625 1993 3669 ΙΙ
2020 3623 2235 3657 alienationes
2255 3620 2310 3664 Vll
2330 3622 2372 3655 32
2396 3632 2448 3654 re-

1390 3672 1560 3713 inquimus
1583 3672 1618 3705 R
