2612 4016
1248 164 1331 211 795
2139 165 2214 208 Ed.
2227 165 2332 208 XIII
2362 168 2415 209 28

187 270 246 307 ὑπ’
283 271 399 308 αὐτὸν
428 274 614 319 ἐκκλησίας
646 275 927 322 θεοφιλέστατοι
957 275 1139 321 οἰκονόμοι
1170 291 1210 313 τε
1241 282 1300 312 καὶ
1333 276 1465 312 ἔκδικοι
1494 279 1562 321 τὴν
1594 279 1771 312 ἐντεῦθεν
1803 282 2078 322 συμβαίνουσαν
2110 278 2337 322 θεραπεῦσαι
2361 279 2415 320 τῷ

186 316 348 362 δημοσίῳ
382 322 523 363 ζημίαν,
555 321 733 368 πρότερον
761 324 828 365 μὲν
861 322 1010 356 οἴκοθεν
1040 326 1100 356 καὶ
1133 325 1171 356 ἐκ
1202 325 1265 366 τῆς
1295 321 1387 357 ἰδίας
1420 321 1543 358 αὐτῶν
1575 320 1819 365 ὑποστάσεως,
1845 325 1874 356 εἰ
1900 322 1939 357 δὲ
1961 321 2144 368 ἅποροῖεν,
2168 326 2228 357 καὶ
2252 323 2329 356 τῶν
2352 324 2415 364 τῆς

185 360 388 420 ἁγιωτάτης
413 364 598 408 ἐκκλησίας
621 368 857 413 πραγμάτων.
905 369 936 401 εἰ
959 365 998 400 δὲ
1022 366 1240 412 τολμήσειαν
1264 367 1363 412 παρὰ
1387 367 1536 412 γνώμην
1559 370 1623 402 τοῦ
1650 366 1936 413 θεοφιλεστάτου
1960 366 2158 403 ἐπισκόπου
2180 366 2310 401 δοῦναί
2329 380 2414 401 τινα

186 407 303 455 λόγον,
329 422 370 442 ου
393 409 507 453 μόνον
532 409 666 455 ἄκυρον
689 411 877 446 παντελῶς
901 414 1004 446 ἔσται
1027 412 1069 446 τὸ
1094 412 1302 459 γενόμενον,
1327 411 1415 446 ἄλλα
1442 416 1502 446 καὶ
1527 411 1628 447 αὐτοὶ
1645 412 1714 456 τὴν
1731 415 1864 456 ζημίαν
1882 412 2151 458 θεραπεύσουσι
2167 414 2219 455 τῷ
2240 413 2412 456 δημοσίῳ,

184 453 274 498 πρὸς
304 455 357 496 τῷ
387 455 423 488 εἴ
450 468 486 488 τι
509 457 654 497 τοιοῦτο
678 456 855 502 πράξαιεν
880 457 981 501 παρὰ
1003 455 1154 503 γνώμην
1178 460 1241 492 τοῦ
1267 457 1390 492 αὐτῶν
1415 457 1624 500 ἐπισκόπου,
1648 455 1794 492 πάντως
1819 456 1948 492 αὐτοὺς
1972 461 2031 491 καὶ
2052 456 2311 492 ‹ineunte-911³
2335 459 2412 491 τῶν

182 497 466 577 Ξτροντισμάτων
499 499 553 534 ὡν
583 502 701 543 ἔχουσι
732 505 792 535 καὶ
825 502 888 544 τῆς
919 501 1112 546 ἱερωσύνης
1142 501 1396 546 ἐκβάλλεσθαι.
1445 503 1475 536 εἰ
1507 501 1546 537 δὲ
1577 502 1701 549 ἅρχων
1733 503 1832 547 παρὰ
1863 502 1910 537 τὰ
1942 502 2197 549 διηγορευμένα
2230 500 2307 545 δοίη
2339 504 2413 536 τινὶ

179 568 181 571 <
205 556 293 589 ογον
317 541 503 589 ὀφείλοντι
528 543 687 590 δημόσια
711 549 788 581 ταῖς
812 548 1007 592 τραπέζαις
1031 550 1108 582 ταῖς
1132 550 1210 582 σαῖς
1234 544 1480 593 οἷφωρισμένα,
1504 543 1526 590 ἢ
1551 547 1587 582 οἱ
1609 549 1794 594 τριβοῦνοι
1818 546 1838 591 ἢ
1863 548 1899 581 οἱ
1921 547 2168 593 πρωτεύοντες
2185 546 2310 590 [ὄντες]
2326 562 2340 578 ε
2360 561 2375 577 *
2394 561 2409 578 ⁴

189 178 246 206 ET
276 175 573 208 AEGYPTIACIS
602 177 854 210 PROVINCIIS

181 722 260 746 mus
291 711 398 758 λόγον
430 712 585 755 dederit,
618 724 761 751 necesse
786 713 965 749 habebunt
996 713 1057 749 dei
1084 713 1326 750 amantissimi
1345 715 1531 750 oeconomi
1553 717 1589 750 et
1611 713 1825 759 defensores
1849 714 2019 750 ecclesiae
2041 714 2105 749 sub
2130 725 2171 750 eo
2195 716 2413 751 constitutae

181 756 349 792 damnum
375 757 457 793 inde
481 762 601 793 ortum
621 759 713 803 fisco
737 758 886 802 sarcire,
909 758 1068 804 primum
1118 758 1235 794 uidem
1259 759 1304 794 de
1325 769 1392 794 suo
1416 762 1451 794 et
1474 769 1493 793 e
1514 759 1669 806 propria
1693 760 1856 805 ipsorum
1879 759 2095 802 substantia,
2119 759 2152 794 si
2176 771 2260 796 vero
2286 761 2414 806 inopes

179 802 250 836 sint
278 803 384 836 etiam
415 814 436 838 e
464 803 571 839 rebus
594 803 841 839 sanctissimae
865 803 1048 839 ecclesiae.
1125 804 1163 838 in
1187 807 1305 839 autem
1330 804 1414 839 ausi
1433 807 1541 839 erunt
1561 809 1713 850 praeter
1738 804 1956 840 voluntatem
1982 804 2041 839 dei
2070 804 2308 839 amantissimi
2338 805 2411 850 epi-

180 847 285 892 scopi
306 845 416 894 λόγον
440 847 554 883 alicui
579 847 684 891 dare,
717 859 791 884 non
822 847 940 883 solum
974 847 1074 894 quod
1101 849 1244 894 factum
1276 852 1329 884 est
1360 848 1505 884 omnino
1541 849 1683 883 irritum
1708 849 1788 890 erit,
1821 847 1886 884 sed
1908 849 2015 883 etiam
2040 849 2111 894 ipsi
2131 849 2300 884 damnum
2320 850 2411 893 fisco

180 891 386 936 restituent3
410 897 671 939 praeterquam
703 893 802 939 quod
832 893 865 928 si
886 893 974 939 quid
997 893 1069 929 tale
1091 896 1240 939 praeter
1264 893 1484 929 voluntatem
1508 893 1673 940 episcopi
1694 894 1753 928 sui
1773 893 1944 938 fecerint,
1970 894 2114 929 omnino
2138 894 2414 930 removebuntur

181 936 226 970 ab
258 937 396 988 officiis
427 938 556 983 quibus
584 938 795 984 funquntur
825 942 859 973 et
892 949 912 973 e
943 937 1148 974 sacerdotio
1171 938 1355 974 eicientur.
1405 937 1472 973 Sin
1496 942 1613 974 autem
1638 938 1752 975 iudex
1775 941 1905 975 contra
1929 940 2037 975 vetita
2062 936 2170 982 λόγον
2193 939 2252 974 cui
2275 938 2414 975 dederit

178 980 326 1027 publica
351 982 422 1017 tuis
445 982 576 1018 mensis
599 982 773 1029 deputata
797 982 952 1028 debenti,
972 983 1047 1019 sive
1072 982 1206 1019 tribuni
1229 983 1302 1020 sive
1322 983 1512 1030 principes
1537 997 1553 1015 ψ
1571 997 1587 1015 ⁴
1606 998 1621 1014 ⁴·

1332 1152 1418 1194 (nov.
1436 1153 1557 1186 XXII
1577 1153 1698 1186 subscr.
1722 1152 1792 1185 CV.
1824 1152 2028 1186 CXXXVI
2044 1154 2163 1194 insen).
2207 1154 2252 1187 At
2272 1155 2412 1187 comitem

228 1152 247 1185 3
279 1147 468 1193 τολμήσειε
499 1150 549 1191 M,
582 1162 665 1183 corr.
691 1151 880 1184 Zachariae
912 1148 1144 1193 (τολμήσαιεν
1168 1152 1256 1196 Ayy-

1162 1194 1178 1205 '‘
1332 1210 1358 1231 s.
1379 1199 1398 1231 l.
1422 1197 1621 1241 Strateyium
1657 1204 1719 1231 tum
1735 1198 1844 1239 fuisse
1869 1210 1931 1230 non
1957 1199 2076 1231 dicitur
2095 1210 2130 1240 p.
2151 1199 2291 1240 788,1o;
2323 1212 2413 1242 quem

183 1196 284 1237 laeus)
317 1195 330 1239 ΙΙ
360 1208 434 1229 τινι
460 1193 648 1229 Zachariae
675 1194 687 1239 11
721 1197 739 1228 7
766 1193 868 1229 ὄντες
890 1196 1004 1229 delevi.
1053 1196 1132 1230 Post
1155 1207 1258 1230 οντες

182 1241 318 1274 dimidia
330 1242 460 1283 paqina
475 1242 507 1274 in
526 1241 706 1280 Mvacua;
732 1241 848 1274 deinde
866 1243 1029 1284 sequitur:
1053 1239 1159 1274 τέλοσ
1182 1242 1259 1275 τῶν

181 1285 324 1329 νεαρῶν
347 1285 578 1320 ιουστϊηὶαῐιιῖ.
622 1287 757 1320 Excidit
781 1298 848 1319 cum
873 1288 987 1320 ceteris
1004 1287 1120 1320 notitia
1137 1288 1176 1320 de
1193 1299 1258 1330 qua

182 1332 291 1373 ayitur
315 1332 447 1372 781‚2·1.
475 1332 549 1373 783,
564 1338 595 1365 31
632 1333 761 1370 787‚1·1.
789 1333 906 1372 790‚2.
933 1333 1010 1372 794,
1026 1338 1108 1366 11.19
1127 1331 1140 1376 ΙΙ
1165 1332 1258 1365 Data

182 1383 227 1408 est
252 1377 433 1409 constitutio
458 1377 632 1410 indictione
656 1377 770 1419 aliqua
792 1378 936 1410 secunda
959 1377 1049 1417 (788,
1064 1384 1110 1410 10.
1131 1378 1208 1420 793,
1221 1378 1259 1419 1),

182 1422 203 1454 i.
220 1433 247 1453 e.
272 1428 328 1454 aut
352 1434 381 1453 α.
408 1422 473 1455 539
496 1420 698 1464 (Zachariae
722 1422 809 1464 olim)
834 1428 890 1455 aut
913 1434 944 1454 a.
970 1422 1036 1455 554
1060 1420 1260 1464 (Zachariae

179 1466 286 1507 nunc).
326 1466 418 1499 Illud
440 1468 556 1500 suadet
580 1468 667 1510 quod
688 1467 837 1500 Joharmi
857 1467 906 1500 lex
930 1468 1028 1500 missa
1051 1479 1118 1500 esse
1143 1468 1260 1501 dicitur

182 1512 272 1552 (780,
287 1512 327 1553 4),
363 1512 421 1544 hoc
445 1513 533 1555 quod
555 1512 742 1556 Strateyius
761 1512 838 1554 plus
863 1512 1042 1554 quindecim
1067 1514 1162 1546 annis
1187 1520 1260 1546 ante

183 1556 281 1599 leyem
297 1557 522 1600 mayistratum
538 1558 676 1600 aliquem
693 1558 829 1600 ¹‹Jessisse
843 1558 1040 1599 perhibetur,
1059 1569 1148 1600 quem
1165 1560 1260 1591 annis

182 1602 248 1635 536
263 1608 293 1635 et
308 1602 373 1636 537
395 1603 535 1636 comitem
551 1614 720 1636 sacrarum
739 1603 945 1646 taryicionum
952 1603 1062 1645 fuisse
1081 1604 1260 1647 accepimus

1329 1244 1493 1286 praefecti
1516 1244 1626 1285 potius
1656 1243 1846 1287 Auqustalis
1878 1255 1989 1276 munus
2023 1250 2094 1275 ante
2127 1255 2157 1275 a.
2184 1245 2249 1277 524
2275 1245 2413 1287 qessisse

1328 1289 1509 1331 putaverim
1531 1288 1586 1330 (cf.
1604 1285 1761 1321 Zeitschr.
1787 1289 1817 1320 d.
1835 1288 1915 1321 Sav.
1934 1288 1983 1320 St.
2000 1287 2063 1320 XV
2081 1289 2170 1329 371).
2220 1289 2296 1329 „De
2320 1289 2412 1322 Ana-

1332 1333 1487 1366 stasianis
1519 1334 1712 1376 temporibus
1744 1340 1904 1375 tamquam
1937 1334 2055 1366 dudum
2084 1334 2294 1375 praeteritis“
2324 1335 2415 1376 loqui

1333 1378 1548 1411 lastinianum
1571 1377 1705 1419 (788‚¹)
1737 1390 1800 1410 non
1832 1378 1987 1416 concedo;
2021 1385 2104 1411 certe
2135 1391 2174 1411 ex
2206 1380 2274 1412 eius
2304 1381 2412 1412 verbis

1334 1423 1447 1466 colliyi
1468 1435 1531 1456 non
1552 1430 1658 1465 potest
1677 1423 1810 1467 triqiuta
1829 1435 1885 1456 sex
1898 1424 2007 1466 potius
2023 1435 2118 1466 quam
2135 1436 2231 1456 unum
2251 1431 2280 1456 et
2297 1425 2414 1466 viqinti

1334 1470 1429 1502 annis
1441 1475 1517 1512 post
1528 1468 1702 1501 Anastasis·
1716 1475 1842 1502 mortem
1860 1469 1957 1511 leqem
1977 1468 2074 1501 latam
2093 1480 2169 1501 esse.
2199 1468 2410 1506 Quamobrem

1334 1515 1448 1547 intra
1481 1513 1596 1556 Sept.
1629 1525 1659 1545 a.
1689 1514 1754 1547 538
1790 1520 1827 1547 et
1857 1514 1960 1557 Any.
1994 1525 2025 1547 a.
2055 1513 2121 1547 539
2158 1514 2409 1548 constitutionem

1334 1559 1480 1592 emissam
1499 1571 1566 1592 esse
1590 1559 1707 1592 iudico.

2033 3737 2145 3795 '100*
