2618 4010
277 143 316 186 N
317 155 382 185 ov.
398 141 561 183 LXXII
590 143 699 182 2—5

268 267 329 288 ται
358 250 451 286 κατὰ
474 251 536 286 τοῦ
560 253 641 286 νέου
665 248 687 295 ἢ
707 252 770 294 τῆς
793 248 902 287 αὐτοῦ
926 254 1131 299 περιουσίας
1155 249 1255 296 παρὰ
1277 250 1341 284 τοῦ

269 299 490 341 κτησαμένου
521 297 652 331 τοῦτον
681 293 890 333 ὑπεύθυνον
913 299 953 332 ἐν
975 300 1075 341 μέσῳ
1096 293 1345 343 κακούργημα·

269 340 348 377 ἀλλ’
377 339 464 377 αὐτὸ
486 343 593 377 τοῦτο
617 354 740 390 παρατ
763 346 858 388 ροίη,
889 339 997 389 ὅρκον
1019 354 1060 376 τε
1081 338 1192 385 ὀμνὺς
1213 342 1274 376 ἐπὶ
1296 341 1341 388 τῇ

269 391 469 433 χειροτονίᾳ
493 385 541 422 ὦς
559 388 667 422 τοῦτο
691 356 848 435 φυλάξει,
870 391 931 423 καὶ
951 387 1018 431 τὴν
1042 388 1080 421 ἐκ
1095 388 1158 430 τῆς
1172 385 1261 433 πρὸς
1280 386 1347 421 τὸν

270 430 518 480 συγκηδεμόνα
540 431 734 480 προδοσίας
756 433 888 478 ποινὴν
911 431 1177 477 εὐλαβούμενος.

1343 135 1428 183 360

1412 249 1581 285 stantiam
1612 250 1658 285 ab
1689 259 1731 286 eo
1779 251 1817 287 ui
1840 251 1949 288 habet
1977 262 2057 288 eum
2089 251 2282 296 obligatum
2309 250 2347 286 in
2369 250 2485 287 medio

1413 294 1488 330 ulla
1510 294 1720 347 malignitas.
1795 295 1837 331 ed
1863 296 1932 333 hoc
1962 297 2079 343 ipsum
2105 298 2283 341 observet,
2317 298 2354 332 et
2376 296 2486 332 iusiu-

1411 339 1563 376 randum
1592 350 1715 375 iurans
1748 339 1786 375 in
1820 341 2042 379 ordinatione
2077 343 2161 388 quia
2190 343 2260 378 hoc
2294 341 2485 385 custodiet,

1414 385 1522 421 etiam
1552 395 1629 420 eam
1660 394 1752 430 quae
1782 394 1826 421 ex
1853 386 2053 431 proditione
2077 388 2122 424 ad
2145 391 2346 424 curatorem
2370 396 2487 432 poena

1383 435 1402 467 5
1417 434 1470 467 est
1493 429 1738 466 reformidans.

1263 521 1420 558 CAPUT
1444 521 1506 556 III.

308 576 386 615 Ἵνα
404 579 444 616 δὲ
461 581 510 626 μὴ
529 579 650 626 δῶμεν
670 584 890 629 παραίτησιν
908 581 1022 615 πᾶσιν
1038 577 1251 627 ἀνθρώποις
1269 580 1344 613 ἐπι-

270 627 405 673 τροπῆς
419 623 441 670 ἢ
458 625 677 671 κηδεμονίας,
698 628 730 662 εἰ
744 625 879 672 λέγοιεν
896 622 944 660 οἷς
961 623 1152 660 ὑπεύθυνα
1168 627 1286 667 ἔχουσι
1300 623 1346 658 τὰ

273 671 470 718 πράγματα
504 674 582 707 τῶν
610 675 707 707 νέων
737 671 758 716 ἢ
785 672 993 718 περιφανῶς
1022 668 1225 706 ὑπεύθυνοι
1255 669 1347 703 καθ-

271 719 413 760 εστᾶσι,
446 717 681 771 θεσπίζομεν,
712 718 747 752 εἴ
765 729 818 752 τις
847 715 993 771 φήσειεν
1023 713 1230 750 ὑπεύθυνον
1255 717 1349 758 ἔχειν

1470 577 1519 613 Ut
1549 579 1667 613 autem
1699 587 1771 613 non
1800 576 1923 612 demus
1946 578 2204 615 recusationem
2234 579 2396 615 omnibus
2421 578 2487 614 110-

1414 622 1569 659 minibus
1600 621 1734 658 tutelae
1765 622 1820 658 vel
1845 632 1962 666 curae,
1994 623 2024 658 si
2048 623 2167 659 dicant
2198 625 2282 671 quia
2312 624 2489 669 obligatas

1416 668 1551 704 habent
1580 678 1637 703 res
1670 667 1948 703 adolescentium
1980 670 2043 703 aut
2070 672 2193 713 aperte
2224 669 2370 715 obligati
2394 672 2489 711 sunt,

1418 714 1609 756 sancimus,
1642 714 1673 749 si
1697 713 1776 758 quis
1801 713 1929 748 dixerit
1952 712 2143 757 obligatum
2163 725 2201 750 se
2220 715 2352 751 habere
2375 715 2488 750 mino-

271 762 338 797 τὸν
359 766 443 797 νέον
473 777 495 807 η
518 763 564 799 τὰ
589 762 706 818 αὐτοῦ,
722 762 915 816 πράγματα
946 775 968 804 η
990 760 1085 816 τοὺςΧ
1102 763 1165 795 τοῦ
1187 763 1268 795 νέου
1291 773 1348 807 yo-
1365 763 1405 796 10
1417 770 1491 795 rem
1520 762 1585 795 aut
1607 759 1683 795 eius
1713 769 1770 794 res
1802 762 1866 793 aut
1888 758 2033 794 minoris
2053 763 2235 804 parentes,
2265 771 2348 796 mox
2367 763 2488 796 osten-

270 811 358 852 νεῖς,
391 809 565 853 ἐντεῦθεν
589 807 772 843 δεικνυναι
795 820 902 842 τουτο
926 819 1025 853 παρα
1048 820 1113 841 τον
1137 808 1198 849 τῆς
1221 819 1349 851 παραι·

271 851 407 896 τήσεως
439 853 565 901 καιρὸν
599 852 671 889 ὕπὸ
710 855 762 897 τῷ
798 851 938 887 διδόντι
976 851 1042 886 τὸν
1075 850 1254 896 κηδεμόνα
1290 854 1350 885 καὶ

272 897 526 943 ἀπηλλάχθαι,
559 897 581 943 ἢ
613 900 712 947 εἴπερ
744 896 878 941 ἄδηλον
901 898 953 940 εἴη
977 899 1100 939 τοῦτο,
1133 894 1240 943 ὅρκον
1264 895 1351 942 πρὸς

271 945 350 980 τῶν
372 942 488 992 ἁγίων
513 943 645 990 λογίων
667 941 812 987 ὑπέχειν
845 943 998 997 ώςχταῖς
1026 940 1216 986 ἀληθείαις
1244 939 1349 977 ὑπεύ-

1418 805 1501 841 dere
1525 805 1595 840 hoc
1618 805 1736 849 ipsum
1759 804 1993 840 recusationis
2017 807 2175 848 tempore
2205 806 2301 850 apud
2326 816 2405 842 eum
2430 806 2489 851 qui

1419 850 1515 886 dedit
1539 852 1739 886 curatorem
1762 853 1798 885 et
1821 850 1967 893 absolvi,
1996 853 2060 884 aut
2083 849 2113 884 si
2136 849 2308 886 incertum
2332 855 2386 887 est
2409 852 2489 893 hoc,

1419 896 1590 941 praebeat
1624 895 1671 930 ad
1701 897 1827 930 sancta
1862 895 2002 940 eloquia
2032 894 2296 940 iusiurandum,
2330 897 2415 942 quia
2446 907 2490 932 ex

1420 942 1567 977 veritate
1598 941 1793 985 obligatum
1822 951 1903 976 eum
1934 950 1974 975 se
2003 940 2136 975 habere
2165 940 2313 976 credens
2337 946 2489 983 recusat,

273 990 392 1024 θυνον
423 989 535 1024 αὐτὸν
564 992 660 1034 ἐχειν
683 1000 930 1024 πεπιστευκως
954 992 1200 1035 παραιτεῖται·
1237 991 1296 1022 καὶ
1320 988 1351 1021 εἰ
1366 990 1406 1023 15
1420 991 1455 1022 et
1477 987 1509 1022 si
1532 987 1601 1022 hoc
1624 986 1761 1021 factum
1785 986 1903 1028 fuerit,
1937 986 2085 1021 tutelam
2108 996 2179 1021 non
2202 986 2405 1030 contingere
2427 997 2489 1022 ne-

271 1036 380 1070 τοῦτο
401 1038 553 1082 γένοιτο,
585 1037 646 1079 τῆς
670 1036 864 1083 ἐπιτροπῆς
892 1033 941 1078 μὴ
964 1033 1239 1080 προςάπτεσθαι
1261 1031 1352 1077 μηδὲ

273 1082 334 1123 τῆς
358 1079 585 1125 κηδεμονίας,
617 1078 696 1115 ἀλλ’
724 1078 772 1115 οἷς
795 1078 1020 1128 πορρωτάτω
1044 1081 1174 1114 τοῦτον
1196 1076 1350 1114 ἀπελαύ-

273 1127 407 1160 νεσθαι
441 1128 504 1160 τοῦ
540 1125 763 1174 πράγματος,
803 1126 863 1160 ἵνα
897 1125 946 1170 μὴ
981 1122 1144 1159 αὐτόθεν
1180 1123 1351 1168 πολέμιον

273 1167 352 1205 ἀλλ’
368 1168 407 1206 οὗ
433 1169 613 1216 κηδεμόνα
636 1170 757 1217 δῶμεν
780 1172 834 1214 τῷ
859 1174 941 1214 νέῳ.

1420 1042 1488 1078 que
1512 1042 1648 1073 curam,
1674 1032 1737 1067 sed
1761 1042 1840 1067 eum
1863 1032 1909 1067 ab
1935 1041 1977 1067 ea
2000 1041 2039 1067 re
2063 1031 2189 1076 procul
2211 1041 2256 1066 ex
2282 1031 2356 1075 elli,
2380 1042 2425 1067 ne
2448 1043 2491 1074 ex

1418 1079 1487 1113 hoc
1522 1078 1598 1122 ipso
1635 1077 1774 1113 hostem
1810 1081 1847 1113 et
1881 1087 1954 1113 non
1991 1079 2191 1113 curatorem
2226 1087 2249 1112 a
2275 1076 2491 1113 olescentulo

1418 1123 1665 1169 praebeamus.

1964 153 2025 185 u'r
2053 153 2104 183 m
2132 152 2210 192 Qm
2239 149 2486 183 onmeA'rAs
2536 192 2538 195 ¹

1271 1259 1429 1296 CAPUT
1452 1258 1514 1295 IV.

324 1332 370 1365 Εἰ
395 1329 435 1364 δὲ
462 1329 617 1378 σιγήσειε
639 1330 707 1374 τὴν
730 1328 842 1375 ἀρχὴν
864 1330 972 1364 τοῦτο
1003 1333 1063 1363 καὶ
1086 1332 1225 1377 γένοιτο
1251 1326 1349 1384 κηδε-
1364 1331 1406 1364 20
1472 1326 1534 1362 Sin
1564 1336 1648 1363 vero
1678 1326 1832 1362 tacuerit
1862 1326 1898 1360 in
1928 1325 2029 1361 initio
2060 1325 2130 1361 hoc
2165 1327 2202 1360 et
2231 1324 2350 1361 factus
2383 1325 2492 1361 fuerit
2541 1315 2545 1320 ”

272 1375 365 1420 μών,
388 1377 480 1411 ἴστω
504 1374 620 1420 πάσης
643 1373 782 1423 ἀγωγῆς
804 1374 895 1410 κατὰ
917 1376 980 1409 τοῦ
1004 1378 1097 1417 νέου,
1130 1375 1161 1409 εἰ
1184 1377 1244 1408 καὶ
1269 1373 1350 1417 αλη-
1419 1376 1574 1415 curator,
1609 1372 1702 1408 sciat
1733 1372 1828 1408 omni
1859 1371 1999 1407 actione
2030 1371 2200 1407 adversus
2231 1371 2420 1413 minorem,
2462 1371 2493 1407 si

275 1422 344 1466 θὴς
367 1414 424 1466 ἦν,
459 1421 715 1467 ἐκπεσούμενος
745 1419 804 1455 διὰ
835 1420 903 1464 τὴν
933 1419 1137 1464 ἐξεπίτηδες
1169 1419 1257 1466 πρὸς
1283 1419 1350 1454 τὸν
1416 1428 1501 1453 vera
1523 1418 1612 1461 fuit,
1645 1428 1684 1453 se
1709 1427 1895 1459 casurum,
1925 1420 2072 1462 propter
2100 1427 2145 1452 ex
2176 1416 2294 1452 studio
2324 1417 2492 1452 adversus

274 1465 387 1513 νόμον
410 1469 540 1502 τοῦτον
563 1470 908 1514 παραπροςποίησιν.
955 1467 1002 1500 Εἰ
1026 1464 1066 1500 δὲ
1088 1470 1152 1500 καί
1173 1477 1226 1506 τις
1249 1477 1348 1512 περι-
1416 1465 1511 1499 hanc
1533 1464 1645 1508 legem
1669 1465 1830 1498 nostram
1852 1462 2065 1507 figmentum.
2116 1462 2186 1498 Sed
2210 1462 2242 1498 si
2266 1462 2344 1507 quis
2368 1466 2491 1507 aperte

275 1515 399 1560 φανῶς
421 1510 627 1548 ὑπεύθυνος
657 1510 712 1547 ὦν
741 1512 928 1559 σιγήσειεν,
961 1512 1052 1546 ἴστω
1080 1514 1140 1546 καὶ
1170 1509 1271 1545 οὗτος
1302 1509 1351 1545 οἷς
1417 1510 1595 1553 obligatus
1631 1509 1787 1544 existens
1824 1508 1995 1552 tacuerit,
2040 1507 2132 1543 sciat
2167 1508 2272 1543 etiam
2305 1508 2374 1543 iste
2410 1507 2492 1552 quia

274 1556 396 1605 ὑφέξει
419 1557 552 1602 ποινὴν
581 1557 623 1593 τὸ
646 1558 696 1603 μὴ
720 1556 905 1592 δύνασθαι
934 1556 1150 1602 καταβολαῖς
1180 1553 1202 1599 ἢ
1229 1555 1351 1590 ἄλλαις
1362 1558 1404 1591 25
1417 1555 1606 1592 sustinebit
1637 1564 1805 1599 poenam,
1843 1565 1913 1598 quo
1946 1564 2018 1589 non
2051 1554 2167 1598 possit
2199 1553 2492 1589 redhibitionibus

276 1603 396 1639 λύσεσι
416 1605 479 1638 τοῦ
501 1607 620 1650 χρέους
638 1602 769 1638 ἑαυτὸν
787 1600 973 1647 ἐκβάλλειν
992 1603 1079 1638 ἴσως
1098 1605 1139 1637 ἐν
1158 1603 1212 1646 τῷ
1232 1603 1346 1646 καιρῷ·
1417 1603 1482 1636 aut
1504 1600 1582 1635 aliis
1606 1600 1841 1635 solutionibus
1874 1599 1984 1634 debiti
2014 1609 2053 1634 se
2076 1600 2224 1635 miscere
2247 1603 2406 1644 tempore
2430 1609 2490 1634 cu-

274 1651 336 1694 τῆς
358 1647 569 1694 κηδεμονίας
591 1652 895 1694 τετεχνασμέναις.
1418 1646 1569 1683 rationis
1591 1645 1717 1682 forsan
1741 1647 1818 1681 arte
1842 1644 2058 1690 compositis.

1270 1737 1427 1773 CAPUT
1449 1737 1494 1774 V.

320 1801 367 1835 ἦ
389 1797 432 1834 δέ
451 1810 505 1834 τις
527 1795 576 1834 ὥς
594 1797 732 1844 εἴρηται
754 1796 943 1844 γενόμενος
965 1793 1131 1839 κηδεμών
1155 1794 1232 1828 εἶτα
1252 1807 1351 1840 περι·
1476 1793 1580 1839 Quod
1609 1793 1641 1830 si
1670 1792 1765 1838 quis,
1799 1792 1905 1828 sicuti
1936 1792 2071 1827 dictum
2101 1794 2169 1834 est,
2202 1791 2322 1828 factus
2348 1794 2494 1827 curator

275 1843 459 1894 εργάζοιτο
488 1842 535 1879 τὰ
566 1844 630 1878 τοῦ
661 1845 742 1877 νέου
766 1839 961 1888 πράγματα
990 1844 1049 1874 καὶ
1073 1839 1280 1896 ἐκχωρήσας
1303 1840 1351 1874 εἰς
1419 1840 1546 1876 deinde
1576 1838 1723 1874 minoris
1754 1848 1812 1874 res
1842 1838 1948 1873 fuerit
1977 1841 2226 1883 perscrutatus
2257 1842 2293 1873 et
2316 1837 2492 1873 cessiones

276 1890 405 1926 ἑαυτὸν
428 1887 451 1934 ἢ
473 1888 565 1924 κατὰ
589 1886 729 1935 δωρεὰν
753 1884 774 1931 ἢ
797 1885 889 1921 κατὰ
912 1887 1047 1932 πρᾶσιν
1070 1883 1092 1929 ἢ
1114 1885 1193 1919 καθ
1227 1887 1351 1931 ἕτερον
1364 1889 1406 1921 30
1418 1886 1456 1921 in
1480 1887 1592 1921 semet
1620 1885 1698 1930 ipso
1728 1887 1790 1918 aut
1818 1893 1882 1928 per
1912 1883 2138 1919 donationem
2167 1886 2230 1919 aut
2259 1882 2493 1919 venditionem

276 1934 490 1981 οἷονδήποτε
519 1934 658 1982 τρόπον
688 1931 860 1979 πράττοι,
891 1931 982 1966 ἴστω
1007 1934 1190 1966 παντοίως
1221 1929 1351 1976 ἄκυρον
1420 1934 1485 1967 aut
1505 1931 1575 1966 alio
1623 1929 1758 1965 uolibet
1781 1929 1892 1974 egerit
1911 1928 2026 1971 modo,
2052 1929 2141 1964 sciat
2160 1929 2301 1965 omnino
2316 1928 2491 1964 infirmum

276 1983 369 2018 εἶναι
391 1980 434 2017 τὸ
457 1980 549 2026 παρ’
577 1976 685 2014 αὗτοῦ
708 1976 908 2026 γινόμενον,
940 1980 1000 2011 καὶ
1028 1975 1117 2021 μήτε
1146 1974 1196 2010 δι’
1224 1977 1351 2010 ἑαυτοῦ
1420 1986 1499 2013 esse
1522 1987 1592 2022 quo
1641 1976 1685 2011 ab
1710 1985 1751 2010 eo
1775 1974 1885 2010 fuerit
1907 1973 2054 2016 factum,
2087 1978 2122 2009 et
2144 1984 2188 2009 ne
2213 1984 2259 2009 ue
2281 1984 2347 2019 per
2369 1984 2409 2010 se
2431 1984 2492 2009 ne-

275 2028 364 2074 μήτε
387 2025 447 2063 διὰ
469 2025 782 2073 παρεντιθεμένου
806 2021 995 2068 προςιόπου
1020 2021 1162 2056 τοιοῦτό
1181 2035 1218 2056 τι
1242 2020 1352 2067 πράτ-
1421 2033 1489 2068 que
1512 2032 1576 2067 per
1599 2020 1846 2065 interpositam
1869 2029 2057 2066 personam
2081 2019 2151 2054 tale
2175 2029 2196 2055 a
2213 2019 2307 2064 ‘quid
2331 2020 2398 2064 agi,
2431 2020 2494 2055 sed

276 2074 422 2116 τεσθαι,
444 2069 533 2106 ἀλλὰ
556 2067 795 2113 πανταχόθεν
818 2066 991 2115 ἀνίσχυρα
1017 2067 1064 2102 τὰ
1086 2069 1236 2102 τοιαῦτα
1260 2070 1351 2109 γίνε-
1419 2067 1575 2112 undique
1597 2066 1753 2102 invalida
1776 2066 1865 2101 haec
1888 2065 1976 2101 talia
1997 2064 2092 2107 fieri,
2122 2068 2301 2110 tamquam
2325 2066 2355 2100 si
2378 2074 2494 2109 neque

277 2120 370 2155 σθαι
405 2115 531 2154 οἷςανεὶ
565 2114 656 2161 μηδὲ
689 2114 758 2168 τὴν
792 2110 902 2158 ἀρχὴν
933 2112 1117 2160 γενόμενα.
1168 2110 1350 2157 πρόδηλον
1365 2115 1406 2148 35
1420 2113 1464 2148 ab
1489 2112 1589 2147 initio
1611 2111 1709 2147 facta
1724 2111 1869 2146 fuerint.
1906 2110 2137 2146 Manifestum
2156 2120 2309 2156 namque
2331 2114 2385 2146 est
2401 2110 2493 2155 quia,

386 2161 395 2173 ‘
1421 2158 1453 2193 si
1485 2158 1523 2192 in
1557 2158 1665 2193 talem
1696 2156 1947 2201 cogitationem
1977 2156 2160 2198 inciderit,
2197 2156 2316 2191 omnia
2348 2160 2429 2201 aget
2458 2158 2494 2190 et

276 2167 342 2213 γὰρ
366 2176 431 2206 ως,
464 2163 564 2210 εἴπερ
587 2162 635 2196 εἰς
658 2172 829 2202 τοιαυτην
859 2161 1004 2193 ἔννοιαν
1034 2160 1198 2202 ἐμπέσοι,
1230 2155 1352 2192 πάντα

278 2208 403 2257 πράξει
433 2211 493 2243 καὶ
523 2206 693 2251 διοικήσει
724 2204 812 2251 πρὸς
843 2203 999 2249 ὄλεθρον
1033 2205 1101 2247 μὲν
1127 2204 1195 2257 ’τῆς
1226 2203 1352 2236 ἑαυτοῦ
1422 2203 1586 2248 disponet
1619 2202 1666 2237 ad
1700 2201 1882 2255 interitum
1917 2201 2058 2255 quidem
2093 2211 2179 2254 suae
2208 2201 2348 2237 animae
2383 2203 2419 2237 et
2448 2200 2495 2236 ad

1421 2259 1540 2284 rerum
1565 2258 1655 2294 quae
1679 2257 1754 2284 eius
1779 2247 1881 2293 quasi
1903 2247 2066 2283 videntur
2089 2247 2289 2282 utlhtatem.

278 2267 404 2302 ψυχης,
434 2255 512 2289 τῶν
535 2251 575 2288 δὲ
598 2253 829 2299 φαινομένων
860 2248 969 2284 αὐτοῦ
989 2261 1216 2297 πραγματων
1237 2246 1353 2291 δῆθεν

276 2310 2494 2326 ———-——————-—————-————-——-———-——

277 2347 321 2383 ab
339 2357 381 2382 eo
405 2345 469 2392 qui
493 2343 744 2390 obliqationem
768 2340 941 2377 adversus
959 2339 1061 2375 illum
1081 2338 1282 2385 aequisivit,
1307 2339 1445 2374 interim
1468 2339 1580 2385 fraus
1628 2341 1686 2380 at;
1707 2337 1771 2373 sed
1793 2336 1860 2372 boc
1883 2337 2000 2389 ipsum
2025 2337 2188 2373 observet
2209 2340 2245 2373 et
2260 2337 2495 2374 iureiurando

277 2403 356 2428 cum
379 2390 611 2427 constituitur
624 2387 805 2435 praestito
829 2397 869 2423 se
891 2385 961 2422 Izoc
981 2384 1251 2427 custoditurum,
1274 2387 1311 2420 et
1325 2395 1483 2431 poenam
1505 2394 1555 2428 ex
1604 2383 1649 2420 de
1670 2386 1901 2419 concuratorz
1923 2382 2072 2430 prodita
2095 2383 2238 2419 veritus.

410 2436 475 2472 ΠΙ.
523 2434 579 2471 Ne
602 2444 686 2470 vero
712 2433 876 2469 omnibus
898 2430 1102 2467 hominibus
1124 2430 1395 2466 excusationem
1421 2430 1552 2466 tutelae
1575 2429 1631 2465 vel
1653 2439 1762 2465 curae
1786 2428 2038 2471 concedamus,
2071 2428 2104 2464 si
2126 2428 2196 2464 sibi
2219 2428 2399 2476 obliqatas
2421 2441 2497 2466 esse

276 2494 337 2519 res
358 2482 535 2517 minorum
566 2480 624 2517 vel
650 2490 688 2515 se
711 2478 907 2525 manifesto
933 2476 1113 2523 obliqatos
1135 2486 1212 2511 esse
1235 2474 1377 2518 dicant,
1408 2476 1606 2518 sancimus,
1637 2476 1671 2511 si
1693 2475 1774 2521 quis
1796 2473 1895 2509 dicat
1920 2484 1958 2509 se
1980 2474 2154 2511 minorem
2184 2474 2241 2510 vel
2262 2485 2320 2510 res
2342 2475 2419 2510 eius
2442 2476 2497 2512 vel

270 2532 447 2578 parentes
470 2525 621 2562 minoris
645 2524 823 2571 obliqatos
847 2522 989 2566 habere,
1013 2526 1055 2557 ut
1076 2521 1160 2557 ilico
1184 2520 1251 2556 boc
1267 2521 1403 2567 probet
1426 2522 1523 2556 intra
1549 2525 1687 2567 tempus
1709 2520 1958 2556 excusationis
1984 2519 2085 2566 apud
2106 2531 2185 2555 eum
2209 2521 2272 2566 qui
2295 2524 2497 2556 curatorem

277 2575 353 2617 dat,
377 2574 428 2609 ita
455 2583 500 2608 ue
523 2571 705 2613 liberetur,
728 2569 786 2606 vel
799 2569 832 2604 si
854 2568 894 2604 id
914 2568 1089 2604 incertum
1110 2567 1168 2609 sit,
1191 2570 1455 2602 sacramentum
1478 2567 1594 2602 sacris
1617 2566 1770 2612 eloquiis
1790 2564 1993 2612 propositis
2007 2568 2184 2611 praestet,
2206 2576 2245 2601 se
2268 2575 2348 2601 cum
2371 2577 2496 2602 revera

278 2631 358 2656 eum
382 2618 425 2654 ob
441 2619 579 2665 iqatum
608 2616 678 2652 sibi
703 2625 777 2651 esse
792 2624 1012 2661 persuasum
1034 2612 1165 2648 habeat
1194 2611 1277 2648 ideo
1301 2613 1490 2654 excusam·
1525 2615 1561 2647 et
1582 2613 1615 2647 si
1636 2611 1705 2647 lzoc
1725 2611 1867 2657 factum
1889 2611 1954 2652 sit,
1986 2610 2132 2646 tutelam
2155 2621 2200 2646 ne
2223 2612 2382 2657 attinqat
2411 2622 2498 2648 neve

279 2675 415 2707 curam,
437 2662 503 2699 sed
525 2662 731 2708 lonqissime
750 2660 795 2696 ab
816 2671 858 2696 eo
878 2660 1023 2706 neqotio
1046 2661 1282 2700 removeatur,
1307 2669 1351 2693 ne
1370 2657 1439 2693 Izoc
1460 2658 1541 2704 ipso
1566 2656 1702 2693 hostem
1726 2667 1770 2692 ac
1789 2666 1862 2691 non
1880 2659 2084 2691 curatorem
2107 2655 2230 2691 demus
2252 2656 2393 2691 minori.

412 2709 473 2745 IV.
520 2706 661 2751 Quodsi
687 2706 791 2741 initio
821 2704 890 2741 hoc
918 2704 1102 2740 reticuerit
1143 2707 1179 2738 et
1215 2707 1365 2739 curator
1392 2703 1519 2749 factus
1541 2703 1604 2744 sit,
1635 2702 1729 2738 sciat
1750 2712 1789 2737 se
1820 2700 1917 2736 omni
1947 2701 2090 2736 actione
2117 2700 2291 2737 adversus
2313 2701 2495 2744 minorem,

279 2756 421 2792 etiamsi
442 2765 528 2790 vcra
550 2753 615 2796 sit,
648 2762 833 2794 casurum,
862 2750 950 2797 quia
979 2749 1023 2785 de
1054 2748 1233 2786 industria
1261 2748 1434 2785 adversus
1462 2748 1556 2784 lianc
1586 2748 1699 2794 leqem
1730 2746 2014 2782 dissimulatione
2036 2756 2123 2781 usus
2145 2746 2200 2781 sit.
2258 2744 2392 2789 Quodsi
2415 2747 2497 2793 quis

279 2803 387 2838 etiam
415 2810 496 2835 cum
518 2798 715 2844 manifesto
739 2796 920 2843 obliqatus
943 2796 1006 2837 sit,
1039 2795 1212 2835 tacuerit,
1243 2794 1304 2830 ille
1327 2805 1471 2841 quoque
1492 2795 1586 2829 sciat
1608 2804 1686 2829 eam
1714 2804 1753 2829 se
1770 2802 1928 2839 poenam
1951 2791 2171 2834 subiturum,
2200 2795 2239 2826 ut
2262 2796 2417 2838 nequeat
2438 2803 2495 2828 so-

280 2846 476 2883 lutionibus
498 2844 623 2880 aliisve
645 2841 917 2879 liberationibus
940 2840 1058 2877 debito
1081 2851 1119 2876 se
1142 2840 1302 2876 eximere
1322 2840 1484 2884 fortasse
1508 2843 1668 2885 tempore
1691 2849 1801 2874 curae
1820 2848 1889 2885 per
1904 2836 2075 2883 fraudem
2099 2837 2316 2883 compositis.

413 2891 458 2928 V.
507 2888 549 2925 Si
570 2889 651 2942 quis
673 2898 771 2930 vere,
794 2887 849 2922 uti
871 2886 1005 2923 dictum
1026 2890 1096 2929 est,
1129 2889 1277 2921 curator
1299 2886 1425 2931 factus
1451 2884 1535 2920 inde
1565 2895 1624 2920 res
1647 2884 1798 2920 minoris
1822 2886 2075 2930 perscrutetur
2104 2881 2212 2928 idque
2240 2887 2330 2929 aqat
2359 2887 2400 2918 ut
2423 2893 2495 2918 ces·

279 2939 401 2974 siones
429 2935 498 2972 sibi
520 2935 591 2982 ipsu
622 2933 679 2970 vel
696 2943 767 2980 per
789 2932 1020 2968 donationem
1051 2931 1108 2967 vel
1127 2942 1200 2977 per
1222 2930 1458 2966 venditionem
1483 2929 1537 2966 vel
1552 2941 1624 2976 per
1648 2930 1758 2965 alium
1781 2928 2074 2974 qualemcumque
2103 2927 2248 2962 modum
2268 2928 2377 2972 siant,
2405 2929 2498 2964 sciat

281 2983 425 3019 omnino
449 2981 591 3017 irritum
616 2990 692 3015 esse
713 2977 813 3025 quod
830 2978 875 3014 ab
891 2979 971 3025 ipso
985 2980 1138 3023 qeratur
1152 2980 1188 3011 et
1209 2987 1324 3022 neque
1321 2986 1413 3056 ἄρον
1434 2986 1473 3011 se
1496 2986 1611 3056 nebque
1625 2986 1700 3027 per
1722 2973 1970 3020 interpositam
1987 2983 2188 3019 personam
2214 2973 2387 3008 eiusmodi
2411 2973 2499 3019 quid

281 3029 402 3075 extyae',
432 3026 497 3063 sed
519 3025 677 3071 undique
699 3024 844 3069 infirma
875 3024 964 3058 naec
994 3022 1082 3058 talia
1101 3021 1185 3067 lieri
1213 3021 1319 3068 perin
1346 3032 1366 3056 e
1388 3031 1432 3055 ac
1456 3022 1491 3056 si
1511 3033 1533 3056 a
1579 3021 1683 3056 initio
1713 3020 1818 3066 facta
1844 3029 1917 3054 non
1939 3018 2019 3053 sint.
2068 3017 2306 3063 Manifestum
2330 3018 2423 3053 enim
2446 3023 2499 3055 est

281 3085 372 3116 eum,
395 3073 428 3108 si
446 3071 552 3107 modo
575 3070 614 3105 in
640 3069 745 3106 talem
768 3068 1023 3115 coqitationem
1046 3066 1223 3109 inciderit,
1249 3066 1369 3102 omnia
1393 3066 1442 3101 ad
1459 3067 1601 3101 animae
1624 3065 1767 3112 quidem
1789 3075 1877 3100 suae
1901 3063 2095 3106 interitum,
2119 3074 2239 3099 rerum
2264 3067 2382 3099 autem
2405 3075 2499 3110 quae

327 3167 348 3200 3
371 3161 451 3198 ἀλλ’
467 3159 554 3197 αὐτὸ
569 3164 615 3197 M
615 3165 646 3204 ς]
671 3158 758 3195 ἀλλὰ
779 3162 820 3203 L,
845 3156 928 3194 ἀλλ’
945 3155 1052 3193 αὐτὸς
1074 3161 1156 3193 coni.
1171 3160 1359 3192 Zachariae

281 3213 339 3256 (cs.
353 3213 399 3244 ad
409 3211 441 3253 ς)
460 3208 473 3250 ΙΙ
495 3211 514 3243 5
534 3205 781 3251 συνκηδεμόνα
794 3206 840 3240 Μ
856 3202 1038 3248 κηδεμόνα
1049 3205 1099 3238 La
1115 3205 1158 3246 (ς)
1176 3204 1188 3248 ΙΙ
1215 3205 1235 3238 8
1259 3214 1358 3248 περι-

282 3256 405 3303 φανῶς
418 3255 521 3296 ML0]
535 3252 731 3300 προφανῶς
743 3251 791 3286 L⁶
803 3253 859 3295 (cf
871 3259 916 3286 23.
928 3252 1004 3303 359,
1013 3252 1063 3293 28)
1082 3249 1094 3294 ΙΙ
1113 3252 1151 3284 11
1163 3249 1282 3290 τοῦτο]
1297 3250 1358 3300 hoc

282 3305 390 3346 ipsum
407 3313 426 3338 ς
443 3300 456 3339 11
478 3311 531 3334 πα
555 3298 588 3341 ὰ]
613 3310 659 3333 πε
683 3301 696 3331 i
712 3298 908 3331 Haloander
924 3296 937 3340 ΙΙ
961 3293 1031 3330 υπὸ
1049 3293 1114 3329 τὸν
1129 3307 1160 3329 τ.
1178 3306 1217 3329 π.
1234 3307 1359 3337 καιρον

283 3345 381 3393 παρὰ
409 3346 462 3389 τῷ
487 3342 523 3378 δι
548 3342 628 3379 όντι
656 3311 844 3377 {aetheriae
872 3341 885 3386 ΙΙ
917 3343 958 3376 13
989 3337 1235 3383 ἀπηλλάχθαι]
1268 3351 1357 3391 παρ-

282 3391 440 3438 ηλέγχθη
454 3392 504 3424 La
516 3389 528 3436 ΙΙ
542 3392 584 3425 16
619 3391 744 3432 ένηται
757 3389 788 3421 L
800 3387 812 3432 ΙΙ
826 3389 865 3422 21
877 3395 907 3421 et
919 3388 961 3421 23
975 3387 1034 3420 καὶ
1048 3399 1105 3419 om.
1116 3398 1135 3422 ς
1147 3386 1159 3431 ΙΙ
1180 3387 1222 3419 22
1232 3398 1277 3428 sq.
1291 3397 1358 3436 τον

283 3437 396 3516 323qu
418 3436 559 3477 τοῦτον]
585 3402 689 3514 garico
700 3434 809 3512 legeing
830 3435 975 3511 {usti-{31
999 3443 1019 3468 ς
1042 3430 1124 3518 ΙὶΙι12]3
1139 3442 1233 3508 ἐπερκι
1250 3440 1358 3508 ειέἴαῗ

285 3478 754 3570 ωἰξὲιέτοσῖῗοέἶῖἕέλλεινῃῗ)
775 3536 795 3560 ς
813 3524 825 3567 [Ι
848 3481 956 3557 §garo
965 3490 1072 3567 aiilon(
1089 3479 1203 3555 αὐτός
1217 3517 1356 3567 γινόμε-

285 3575 361 3613 νον]
396 3573 484 3614 quod
515 3571 555 3605 ab
587 3583 625 3605 eo
656 3570 758 3603 fuerit
787 3569 911 3602 factum
943 3570 976 3609 (i.
1002 3581 1027 3601 e.
1052 3566 1256 3612 γενόμενον)
1281 3577 1299 3601 ς
1344 3564 1356 3609 ΙΙ

285 3625 358 3658 post
379 3613 567 3661 γινόμενον
591 3618 668 3650 add.
688 3613 778 3659 μήτε
801 3611 931 3658 ἄκυρον
951 3612 1044 3646 εἶναι
1068 3610 1110 3646 τὸ
1134 3608 1225 3658 παρ’
1247 3607 1356 3643 αὐτοῦ

287 3658 474 3710 γινόμενον
487 3663 532 3694 L*
549 3661 562 3705 ΙΙ
581 3663 622 3696 38
638 3660 704 3704 τὴν
724 3658 765 3694 δὲ
780 3660 1001 3705 φαινομένην
1020 3657 1099 3692 τῶν
1118 3652 1226 3691 αὐτοῦ
1242 3668 1354 3702 πραγ-

287 3717 414 3747 ματων
438 3707 526 3739 malit
543 3707 729 3740 Zachariae

1474 3159 1493 3191 2
1518 3159 1597 3191 haec
1620 3158 1705 3191 VT²
1730 3159 1743 3200 ll
1765 3160 1799 3199 ἰῇ
1821 3158 1856 3197 (i.
1871 3169 1895 3189 e.
1914 3156 1983 3198 ipse
1992 3155 2021 3197 ⁸3)
2049 3156 2082 3188 V
2099 3155 2111 3199 ss
2135 3158 2167 3188 et
2189 3155 2423 3188 iusiurandum
2446 3155 2498 3188 iu-

1427 3214 1504 3236 rans
1523 3204 1570 3245 V]
1595 3204 1729 3245 eiusque
1752 3201 1984 3234 iusiurandum
2008 3201 2199 3242 (iurandum
2223 3201 2287 3242 Ra)
2311 3201 2408 3233 inans
2430 3201 2464 3233 R

1427 3251 1448 3282 4
1472 3249 1583 3291 etiam]
1609 3252 1641 3282 et
1666 3249 1700 3282 T
1723 3248 1736 3291 ΙΙ
1764 3249 1782 3282 8
1807 3246 2049 3279 adolescentum
2079 3247 2112 3278 V
2131 3246 2144 3290 ΙΙ
2176 3248 2217 3281 10
2240 3246 2386 3289 parentis
2407 3244 2442 3278 R

1426 3295 1577 3327 ostendet
1597 3295 1648 3328 ῘῙα
1665 3293 1677 3338 ΙΙ
1705 3295 1746 3328 14
1766 3292 1902 3326 haberes
1922 3292 1973 3325 Va
1992 3290 2004 3335 ΙΙ
2028 3292 2070 3325 20
2094 3292 2154 3324 Sin
2174 3292 2257 3333 ΒΤ]
2281 3291 2318 3323 si
2339 3289 2461 3332 Vvuly.
2487 3289 2499 3332 Ι]

1425 3340 1461 3371 in
1487 3353 1544 3373 om.
1570 3340 1605 3373 R
1630 3339 1643 3384 ΙΙ
1673 3340 1716 3373 22
1740 3339 1884 3381 propter]
1914 3342 2048 3380 propter
2073 3337 2152 3369 haec
2175 3336 2225 3370 13²
2259 3337 2394 3380 propter
2416 3333 2497 3366 haec

1407 3385 1513 3426 <quod
1535 3384 1585 3419 1⁷³
1613 3384 1625 3429 ΙΙ
1655 3386 1696 3419 23
1722 3384 1952 3426 *fig-mentum]
1986 3382 2159 3415 firmentur
2182 3380 2314 3415 RVT²
2348 3379 2497 3411 firmetur

1427 3431 1459 3463 T
1465 3431 1478 3450 2
1491 3431 1576 3476 vulq.
1593 3430 1607 3475 ΙΙ
1626 3431 1667 3463 25
1682 3432 1759 3472 quo]
1781 3432 1819 3461 ut
1837 3442 1862 3461 s.
1876 3441 1904 3461 v.
1928 3427 1977 3461 V³
2001 3428 2090 3470 quod
2112 3427 2196 3471 vuly.
2212 3425 2225 3470 ΙΙ
2243 3423 2497 3458 redibitionibus

1426 3476 1502 3509 libri
1519 3475 1531 3519 ΙΙ
1547 3476 1590 3509 26
1604 3476 1752 3516 miscere]
1766 3474 1884 3507 eiicere
1899 3474 1992 3507 Beck
2007 3473 2020 3517 ΙΙ
2047 3474 2087 3506 27
2101 3473 2182 3512 arte]
2199 3481 2238 3503 a*
2256 3469 2310 3512 (ar-1
2325 3486 2366 3497 =
2380 3471 2456 3501 ante
2466 3469 2496 3509 ἵ)

1424 3520 1471 3552 12¹
1488 3520 1500 3565 ΙΙ
1519 3522 1712 3563 composites
1732 3521 1783 3554 Va
1800 3519 1812 3563 ΙΙ
1831 3520 1872 3554 28
1885 3519 2012 3551 dictum
2025 3525 2073 3551 est
2085 3516 2183 3550 sicuti
2203 3515 2251 3548 V¹
2266 3514 2279 3557 ss
2304 3514 2346 3547 29
2357 3514 2497 3546 minoris

1424 3568 1487 3607 res]
1512 3567 1656 3599 minores
1678 3565 1726 3600 V²
1749 3565 1762 3609 ΙΙ
1788 3567 1830 3600 30
1854 3565 1961 3607 ipsum
1985 3563 2041 3601 vul
2063 3590 2070 3597 .
2087 3562 2101 3606 ΙΙ
2117 3563 2175 3594 aut
2198 3558 2423 3591 uenditionem
2451 3560 2495 3599 R]

1424 3623 1481 3644 om.
1504 3611 1539 3644 V
1555 3614 1614 3644 aut
1626 3622 1685 3654 per
1697 3611 1922 3644 venditionem
1934 3610 2018 3652 ναῖς.
2045 3607 2110 3651 132
2134 3608 2166 3638 et
2189 3617 2247 3637 om.
2271 3604 2302 3636 V
2314 3604 2326 3647 ΙΙ
2345 3605 2387 3639 35
2404 3614 2496 3636 nam-

1422 3658 1497 3697 que]
1528 3667 1670 3699 namque
1693 3658 1773 3690 haec
1797 3657 1849 3689 12⁰
1876 3655 1889 3698 ΙΙ
1917 3655 1961 3688 36
1984 3656 2059 3694 aget
2090 3654 2122 3684 et
2153 3649 2305 3691 disponet
2325 3649 2366 3681 ad
2388 3649 2494 3692 Beck]

1421 3701 1477 3742 agi
1497 3704 1529 3734 et
1550 3702 1682 3745 disponi
1706 3705 1738 3735 et
1760 3701 1802 3734 ad
1822 3699 1876 3743 (ad
1899 3711 1958 3733 om.
1970 3698 2017 3739 R)
2041 3698 2119 3731 libri
2137 3694 2150 3740 ΙΙ
2177 3696 2217 3728 37
2243 3696 2286 3735 et]
2312 3694 2369 3727 sed
2395 3694 2496 3729 Oeen·

1422 3748 1564 3792 briiqqen
