2618 4010
191 151 489 184 nrmcmu'rmt
518 151 590 186 sm
1258 137 1336 184 441

191 250 338 298 θρώπω
357 249 572 298 χρησάμενοι
591 247 696 295 νόμῳ
718 247 802 286 ἀντὶ
823 252 887 286 τοῦ
907 254 1107 300 τριουγκίου
1126 251 1170 286 τὸ
1192 251 1271 293 ἑξα-

192 297 336 345 οὐγκιον
367 293 495 338 αὐτοῖς,
525 294 672 331 παίδων
694 301 856 343 γνησίων
880 292 942 340 οὐχ
965 293 1151 340 ὑπόντων,
1177 296 1270 331 κατὰ

192 343 261 387 τὴν
290 342 368 376 τῶν
390 344 560 387 πατέρων
592 341 802 388 φιλοτιμίαν
832 340 1050 386 δεδώκαμεν,
1080 339 1170 376 ἀλλὰ
1203 342 1270 377 νῦν

193 389 234 442 ἐκ,
255 388 342 422 τῶν·
353 387 477 442 ἐφεξῆς
500 386 797 443 συμβεβηκότων,
810 388 857 422 τὰ
881 386 1078 443 πράγματα
1100 386 1270 423 τελειότε-

1971 142 2078 186 Nov.
2110 140 2331 186 LXXXIX
2365 135 2414 186 12

1338 252 1454 288 unciis
1477 261 1544 288 sex>
1563 251 1687 288 uncias
1711 252 1781 294 eis,
1811 251 1892 289 filiis
1913 253 2078 298 legitimis
2101 265 2174 291 non
2197 254 2413 299 extantibus,

1337 307 1403 377 per
1433 301 1576 342 patrum
1609 296 1888 333 munificentiam
1918 296 2089 344 dedimus,
2126 300 2188 336 sed
2217 304 2336 336 tamen
2369 310 2414 336 ex

1362 343 1393 378 is
1417 353 1508 388 quae
1529 342 1681 378 subinde
1703 343 1916 388 proveniunt
1940 354 2066 380 causas
2090 345 2284 390 perfectius
2310 346 2414 381 simul

1339 388 1618 434 clementiusque
1642 388 1907 424 considerantes
1930 395 2156 434 praesentem
2179 391 2344 436 ponimus
2364 391 2412 426 le-

192 446 259 479 ρον
281 444 322 467 τε
344 445 420 476 αμα
458 435 518 466 καὶ
550 432 906 487 φιλανθρωποτερον
936 445 1172 477 σκεπτομενοι
1202 432 1270 467 τὸν
1306 434 1433 478 5gem:
1467 434 1619 478 plurima
1650 433 1773 479 utique
1802 437 1887 468 sunt
1915 436 1952 469 et
1975 435 2074 479 prius
2100 437 2288 472 commissa
2316 438 2354 472 et
2374 436 2413 471 in

191 476 359 521 παρόντα
391 476 544 520 τίθεμεν
579 492 703 523 νομον.
752 477 868 514 πολλοὶ
901 480 991 525 γοῦν
1024 479 1176 513 τοιαῦτα
1209 481 1269 512 καὶ

192 535 219 558 π
244 520 372 568 ότερον
392 519 656 568 ἁμαρτηθέντα
676 527 736 558 καὶ
756 526 816 559 ἐπὶ
836 525 914 558 τῶν
934 521 1117 570 ἡμετέρων
1132 524 1270 570 καιρῶν

191 580 220 602 π
241 565 491 612 ημμελούμενα
506 566 739 615 διορθώσεως
751 566 931 612 ἀξιοῦμεν,
951 572 1011 603 καὶ
1026 566 1190 614 ἀσεβείας
1208 565 1268 603 ἀν-

190 611 364 666 θρώπους
380 610 668 658 ἀπαλλάττομεν.
711 617 805 649 τινες
822 614 891 660 γὰρ
907 611 971 649 οὐκ
987 615 1126 656 ἔχοντες
1142 612 1269 648 ἄδειαν

1338 479 1471 515 nostris
1507 479 1726 524 temporibus
1762 478 2030 524 delinquuntur,
2067 491 2157 525 quae
2193 482 2412 517 correctione

1339 524 1523 568 dignamur
1553 528 1590 560 et
1619 524 1698 560 ideo
1731 524 1777 559 ab
1807 524 1991 569 impietate
2021 525 2180 562 homines
2208 527 2409 563 liberamus.

1340 570 1492 612 Quidam
1524 570 1616 605 enim
1646 580 1719 605 non
1749 569 1923 605 habentes
1953 570 2131 606 licentiam
2156 576 2328 616 quantum
2349 582 2410 608 vo-

1337 614 1417 650 lunt
1439 615 1513 651 suis
1537 615 1759 651 naturalibus
1779 614 1863 650 filiis
1886 614 2124 661 relinquendi,
2151 617 2286 661 eligunt
2308 616 2412 661 quasi

190 670 279 692 οσον
301 657 498 702 βούλονται
529 663 602 694 τοῖς
626 660 765 695 ἑαυτῶν
820 663 951 694 υσικοῖς
981 658 1268 703 καταλιμπάνειν
1283 662 1323 695 10
1337 660 1430 696 viros
1459 664 1494 696 et
1517 661 1680 696 scribunt
1701 660 1865 703 heredes,
1899 664 2075 704 quatenus
2098 662 2288 698 restituant
2309 662 2409 707 filii83

191 706 319 737 παισὶν
351 702 578 751 ἐπιλέγονται
603 703 720 749 δῆθεν
744 704 791 739 ἄν
816 716 878 751 ρας
905 707 964 739 καὶ
986 705 1164 751 γράφουσι
1187 704 1267 748 κλη-

191 747 373 794 ρονόμους,
396 746 449 795 ἐφ’
469 750 541 792 ῴτε
557 747 857 794 ἀποκαταστῆσαι
879 753 952 785 τοῖς
972 754 1109 791 παισίν,
1134 749 1169 784 οἱ
1186 748 1225 783 δὲ
1245 747 1268 793 ἢ

191 790 354 828 αὐτόθεν
378 791 549 839 ἀσεβοῦσι
572 799 632 830 καὶ
651 799 918 840 παραβαίνουσι
941 793 987 829 τὰ
1005 793 1268 839 βεβουλευμένα

189 842 263 892 τοῖς
277 839 472 887 γράψασιν,
498 839 520 884 ἢ
536 841 578 875 τὸ
594 842 684 888 γοῦν
704 841 859 876 πάντων
878 839 1125 887 ἐλαφρότατον
1148 841 1266 896 ἐπιορ-

1337 709 1375 740 at
1398 706 1449 741 illi
1472 709 1535 741 aut
1558 716 1603 742 ex
1625 706 1694 742 hoc
1717 705 1823 751 impie
1843 709 1953 749 agunt
1976 709 2012 741 et
2033 708 2327 751 praevaricantur
2348 718 2409 743 vo-

1336 751 1508 787 luntatem
1531 751 1778 794 scribentium,
1811 753 1876 786 aut
1899 751 1994 795 quod
2018 752 2174 788 omnium
2196 753 2410 788 levissimum

1336 798 1466 840 putant
1488 797 1668 842 peierant:
1695 799 1731 832 et
1753 800 1912 832 tacemus
1937 805 1980 831 ea
2001 807 2092 842 quae
2111 798 2243 833 tradita
2260 802 2343 834 sunt
2366 808 2411 833 ex

1336 843 1504 877 memoria
1526 842 1629 878 nobis
1657 842 1694 877 in
1718 842 1881 887 personis
1904 841 2067 887 gloriosis
2093 843 2180 879 talia
2203 843 2408 889 delinquen-

190 897 308 938 κουσρ·
339 889 399 919 καὶ
423 887 580 932 σιγῶμεν
604 900 650 920 τα
675 884 949 931 παραδεδομένα
972 885 1071 941 πάρὰ
1095 886 1158 928 τῆς
1179 899 1266 929 μνη·
1281 887 1428 922 15tibus
1451 888 1581 932 priscis
1605 887 1835 933 temporibus.

189 940 255 973 μης
272 933 358 973 ημῖν
375 932 434 965 ἐπὶ
452 931 655 977 προςώπων
678 930 841 973 ἐνδόξων
864 930 1108 977 ἁμαρτοντων
1131 934 1171 964 έν
1193 934 1267 965 τοῖς

190 975 214 1010 2
261 976 472 1022 ἔμπροσθεν
495 975 637 1023 χρόνοις
659 978 822 1011 τοιαῦτα.
871 978 931 1010 ἵνα
950 977 997 1021 μὴ
1020 980 1143 1010 τοίνυν
1165 978 1266 1022 μέχρι

191 1019 329 1055 παντὸς
362 1023 505 1056 τοιοῦτο
539 1022 712 1068 γενέσθαι
746 1021 985 1066 πλημμέλημα
1016 1023 1266 1068 συγχωρῶμεν,

190 1063 281 1109 μηδὲ
311 1063 333 1100 δ
356 1065 528 1112 πράττειν
562 1067 704 1108 ἔξεστιν
735 1069 796 1102 ἐπὶ
826 1067 937 1108 ξένοις
968 1071 1027 1101 καὶ
1050 1065 1265 1112 μηδαμόθεν

1333 978 1357 1013 2
1404 977 1459 1012 Ne
1479 978 1586 1022 igitur
1610 987 1750 1022 semper
1772 978 1846 1013 tale
1862 978 1939 1014 fieri
1963 978 2130 1015 delictum
2150 979 2318 1021 sinamus,
2343 988 2410 1013 nec

1336 1023 1430 1067 quod
1454 1032 1559 1066 agere
1582 1023 1666 1058 licet
1688 1023 1725 1058 in
1750 1024 1928 1059 extraneis
1960 1028 1996 1059 et
2018 1024 2146 1069 ignotis
2177 1024 2247 1059 hoc
2266 1024 2303 1058 in
2326 1033 2408 1068 pro-

1334 1067 1421 1112 priis
1454 1068 1677 1103 naturalibus
1708 1067 1790 1103 filiis
1819 1069 1979 1105 homines
2012 1080 2116 1114 agere
2145 1069 2408 1115 prohibeamus,

190 1115 382 1168 yvcpqquoic
411 1114 519 1146 τοῦτο
556 1115 615 1148 ἐπὶ
645 1113 723 1147 τῶν
751 1113 892 1147 ἑαυτῶν
923 1114 1085 1158 φυσικῶν
1120 1112 1266 1147 παίδων
1279 1113 1321 1146 20
1334 1116 1526 1158 propterea
1544 1114 1725 1158 praesenti
1744 1113 1820 1158 lege
1844 1114 2032 1159 sancimus,
2058 1118 2100 1150 ut
2120 1113 2408 1168 siquidemnuis-

191 1168 272 1191 τους
288 1156 509 1203 ανθρώπους
524 1157 696 1204 πράττειν
710 1157 918 1201 κωλύωμεν,
935 1156 994 1192 διὰ
1009 1159 1117 1192 τοῦτο
1136 1158 1265 1193 θεσπί-

193 1203 300 1246 ζομεν
323 1203 376 1245 τῷ
394 1201 552 1247 παρόντι
575 1202 690 1247 νόμῳ,
716 1200 803 1238 ὥςτε
826 1204 857 1238 εἰ
879 1206 946 1247 μέν
970 1214 1022 1237 τις
1042 1205 1116 1246 ἔχοι
1135 1202 1265 1238 παῖδας

190 1251 371 1291 νομίμους,
402 1247 451 1292 μὴ
484 1245 670 1283 δύνασθαι
703 1252 787 1291 [τοῖς
816 1252 921 1283 παισὶ
956 1252 1015 1282 καὶ
1047 1250 1091 1295 τῇ
1123 1248 1266 1283 τούτων

190 1295 308 1337 μητρὶ]
341 1296 540 1340 περαιτέρω
563 1295 646 1338 μιᾶς
668 1293 956 1349 καταλιμπάνειν
983 1293 1126 1340 ούγκίας
1149 1292 1172 1338 ἢ
1196 1292 1264 1328 δω-

1334 1158 1430 1203 piam
1459 1159 1625 1194 habuerit
1655 1158 1747 1194 filios
1777 1159 1962 1202 legitimos,
1995 1171 2067 1196 non
2097 1160 2212 1207 possit
2243 1160 2324 1195 filus
2350 1169 2407 1195 eo-

1334 1214 1483 1248 rumque
1506 1204 1610 1238 matri
1634 1204 1729 1239 ultra
1751 1214 1859 1239 unam
1879 1205 2078 1250 relinquere
2098 1206 2241 1242 unciam
2264 1207 2329 1240 aut
2346 1204 2408 1240 do·

1335 1259 1422 1284 nare
1446 1249 1669 1284 naturalibus
1694 1252 1757 1284 aut
1777 1250 1998 1285 concubinae
2020 1252 2101 1294 (hoc
2117 1251 2210 1287 enim
2226 1250 2409 1295 proprium

1334 1294 1463 1339 prioris
1494 1294 1693 1330 iudicamus
1727 1304 1804 1330 esse
1838 1296 2129 1341 constitutionis),
2161 1296 2223 1332 sed
2248 1296 2355 1331 etiam
2378 1296 2409 1331 si

190 1337 337 1392 ρεῖσθαι
369 1342 460 1392 τοῖςν
472 1342 631 1384 φυσικοῖς
661 1343 789 1374 παισὶν
820 1354 841 1383 η
873 1340 917 1383 τῆ
950 1338 1113 1386 παλλακῇ
1146 1341 1265 1381 (τοῦτο
1279 1341 1320 1374 25
1334 1339 1418 1384 quid
1451 1350 1505 1374 am
1534 1340 1603 1375 lius
1635 1340 1719 1375 dare
1752 1341 1976 1385 temptaverii'.
2008 1342 2167 1387 quolibet
2193 1341 2309 1384 modo,
2339 1341 2409 1376 hoc

189 1383 258 1429 γὰρ
275 1397 399 1428 κυριον
417 1395 479 1427 της
495 1385 705 1430 ὲμπροσθεν
725 1376 915 1431 ἡγούμεθα
931 1382 1150 1426 διατάξεως),
1174 1383 1263 1419 ἀλλὰ

190 1431 250 1461 καὶ
273 1428 309 1462 εἴ
325 1442 360 1462 τι
384 1428 494 1464 πλέον
518 1429 749 1475 ἐπιχειρήσειε
781 1428 907 1465 δοῦναι
931 1427 1024 1464 καθ’
1051 1429 1265 1474 οἱονδήποτε

188 1472 339 1517 τρόπον,
368 1475 476 1509 τοῦτο
507 1476 585 1509 τῶν
616 1473 760 1510 παίδων
813 1475 962 1510 ίνεσθαι
991 1476 1069 1510 τῶν
1094 1480 1264 1522 γνησίων.

190 1518 259 1553 κᾶν
280 1520 311 1553 εἰ
334 1518 458 1553 παῖδες
482 1518 521 1554 δὲ
538 1518 602 1554 οὐκ
618 1521 699 1562 εἶεν,
724 1490 888 1565 παλλακὴ
910 1519 949 1555 δὲ
963 1519 1068 1565 μόνη,
1091 1521 1206 1569 ταύτῃ
1222 1522 1264 1555 τὸ

189 1561 399 1610 ἡμιούγκιον
423 1564 766 1610 καταλιμψπάνεσθαι
794 1565 816 1610 ἢ
841 1565 1042 1612 δωρεῖσθαι
1066 1569 1266 1621 συγζωροῦ-
1277 1568 1321 1601 30

189 1610 213 1646 3
258 1623 334 1654 μεν.
394 1611 440 1644 Εἰ
462 1613 585 1655 μέντοι
610 1609 740 1646 παῖδας
764 1609 827 1646 οὐκ
851 1614 924 1655 ἔχοι
947 1615 1111 1658 γνησίους
1134 1626 1155 1656 η
1181 1625 1266 1647 τινα

188 1655 266 1689 τῶν
289 1652 485 1699 ἀνιόντων,
516 1656 566 1690 οἷς
590 1654 728 1704 ἀνάγκῃ
760 1656 872 1702 νόμου
899 1656 1184 1702 καταλιμπάνειν
1206 1661 1265 1703 με’-

190 1711 247 1746 ρος
275 1702 338 1744 τῆς
367 1702 496 1736 οἰκείας
526 1707 731 1748 περιουσίας
761 1702 924 1748 προςήκει
955 1703 1035 1737 τοὺς
1058 1701 1265 1748 διατιθεμέ-

189 1757 284 1789 νους,
309 1744 413 1780 ἄδεια
436 1748 530 1781 ἔστω
553 1751 613 1781 καὶ
636 1749 683 1782 εἰς
698 1748 762 1782 τοὶς
778 1747 919 1782 δώδεκα
942 1745 1084 1795 οὖγκίας
1113 1748 1266 1795 γράφειν

1333 1385 1483 1420 filiorum
1529 1386 1579 1421 eri
1596 1385 1847 1430 legitimorum
1873 1389 1908 1421 et
1923 1387 1979 1422 vel
2000 1388 2032 1422 si
2047 1387 2111 1422 filii
2130 1397 2201 1422 non
2217 1386 2298 1430 sint,
2324 1397 2407 1422 con·

1335 1431 1465 1466 cubina
1487 1440 1570 1466 vero
1594 1432 1825 1474 solummodo,
1857 1431 1940 1467 huic
1964 1433 2115 1468 mediam
2138 1431 2279 1468 unciam
2302 1431 2407 1466 relin-

1334 1477 1395 1521 qui
1417 1478 1481 1512 aut
1505 1476 1631 1512 donari
1654 1476 1891 1512 concedimus.

1335 1613 1359 1649 3
1407 1612 1444 1648 Si
1476 1622 1559 1648 vero
1592 1612 1684 1648 filios
1720 1623 1791 1648 non
1824 1612 1993 1647 habuerit
2027 1612 2202 1658 quispiam
2236 1613 2409 1658 legitimos

1334 1661 1398 1693 aut
1422 1668 1631 1702 quemquam
1656 1658 1940 1701 ascendentium,
1974 1657 2101 1702 quibus
2130 1659 2325 1694 necessitas
2356 1661 2410 1694 est

1334 1703 1421 1748 legis
1445 1704 1645 1748 relinquere
1667 1708 1805 1749 partem
1834 1702 2000 1748 propriae
2024 1704 2246 1739 substantiae
2270 1714 2408 1750 compe-

1334 1751 1484 1791 tentem,
1516 1749 1679 1785 testatori
1702 1748 1846 1784 licentia
1870 1750 1916 1784 sit
1939 1749 2045 1784 etiam
2073 1749 2110 1784 in
2133 1749 2319 1785 duodecim
2342 1760 2408 1785 un-

188 1791 270 1826 τοὺς
288 1792 469 1846 Χφυσικοὺς
499 1791 630 1827 παῖδας
659 1792 916 1839 κληρονόμους,
949 1797 1010 1828 καὶ
1039 1792 1190 1839 διαιρεῖν
1220 1796 1266 1829 εἰς
1280 1796 1320 1829 35
1336 1795 1410 1830 cias
1445 1794 1602 1830 scribere
1637 1795 1728 1830 filios
1764 1794 1944 1829 naturales
1979 1794 2146 1837 heredes,
2184 1798 2220 1830 et
2254 1794 2409 1831 dividere

190 1834 318 1871 αὐτους
341 1834 435 1871 καθ’
458 1834 503 1872 δν
527 1836 574 1873 ἂν
597 1836 804 1883 βούλωνται
827 1839 967 1886 τρόπον
988 1839 1035 1873 τὰ
1059 1840 1265 1895 πράγματα,

189 1886 249 1917 καὶ
268 1880 289 1926 ἢ
306 1883 399 1917 κατὰ
419 1881 471 1917 δω
495 1883 553 1918 sois
573 1880 690 1918 ἁπλᾶς
710 1882 733 1928 ἢ
753 1888 993 1939 ποογαμιαίας
1011 1882 1034 1928 ἢ
1054 1898 1146 1919 κατα
1167 1889 1268 1931 προῖ-

189 1939 251 1962 κας
282 1926 305 1972 ἢ
336 1931 396 1962 καὶ
424 1897 518 1963 καθ’
551 1931 675 1977 ἕτερον
705 1930 783 1965 οἱον
809 1944 921 1974 ηποτε
949 1929 1089 1976 τρόπον
1113 1929 1268 1976 νόμιμον

189 1973 253 2008 τὰς
276 1974 417 2008 ἑαυτῶν
449 1975 495 2008 εἰς
525 1976 678 2010 ἐκείνους
706 1976 873 2023 μετάγειν
895 1973 1026 2010 οὐσίας.
1074 1972 1171 2010 οὕτω
1199 1976 1268 2024 γὰρ

1334 1840 1426 1875 inter
1450 1850 1511 1876 eos
1536 1850 1758 1885 quocumque
1781 1839 1957 1876 voluerint
1979 1839 2084 1875 modo
2108 1850 2177 1884 res,
2203 1842 2240 1875 et
2261 1850 2326 1885 per
2345 1840 2408 1876 do-

1336 1886 1498 1921 nationes
1522 1890 1585 1920 aut
1609 1885 1787 1930 simplices
1811 1889 1875 1921 aut
1897 1885 2158 1930 antenuptiales
2181 1888 2245 1921 aut
2263 1895 2329 1931 per
2346 1887 2409 1922 do-

1337 1935 1391 1967 tes
1414 1935 1477 1966 aut
1500 1941 1566 1976 per
1589 1931 1697 1966 alium
1721 1931 1913 1976 quemlibet
1943 1930 2087 1967 modum
2110 1931 2300 1976 legitimum
2325 1941 2409 1967 suas

1337 1978 1373 2012 in
1404 1977 1485 2012 illos
1516 1977 1736 2012 substantias
1767 1980 2013 2022 transponere.
2061 1975 2121 2012 Sic
2151 1977 2244 2012 enim
2275 1987 2408 2023 nequa-

243 2078 268 2098 ο.
283 2065 364 2098 XII
384 2065 438 2108 §2
464 2085 505 2090 —
531 2080 557 2100 c.
572 2068 674 2100 XIII
694 2075 844 2111 excerpta
864 2075 892 2101 et
916 2069 1085 2101 decurtata
1109 2069 1205 2102 habet
1229 2069 1278 2101 Β*
1300 2070 1337 2100 Κ
1361 2070 1443 2109 15,2
1462 2070 1577 2112 p.419
1592 2069 1696 2102 Zach.
1722 2081 1760 2102 ex
1782 2071 1816 2101 Β
1839 2070 1893 2111 32,
1907 2076 1935 2112 2,
1948 2076 1975 2103 4.

243 2123 269 2143 c.
282 2110 365 2143 XII
385 2112 406 2153 ξ
422 2112 509 2145 2-6
532 2124 653 2145 summa
679 2120 765 2146 extat
787 2115 819 2146 in
844 2113 1033 2156 Appendice
1056 2113 1202 2157 Ecloyae
1226 2115 1247 2147 4
1267 2126 1302 2157 p.
1319 2115 1383 2147 186
1403 2114 1506 2147 Zach.
1531 2128 1575 2141 =
1599 2114 1706 2147 Anon.
1732 2114 1909 2148 Bodleian.
1938 2114 1978 2148 12
2000 2126 2035 2158 p.
2050 2114 2116 2148 214
2136 2113 2239 2147 Zach.
2264 2114 2353 2157 (inde
2376 2115 2409 2148 in

189 2155 318 2199 Ecloya
343 2157 388 2188 ad
411 2156 589 2190 Prochiron
612 2165 735 2191 mutata
760 2159 812 2198 28,
830 2165 869 2192 11.
888 2160 943 2199 12).

192 2277 308 2313 nuper
331 2265 487 2301 humana
519 2266 596 2312 leqe
627 2267 683 2302 usi
713 2278 783 2314 pro
816 2267 930 2303 tribus
963 2268 1078 2303 unciis
1100 2279 1168 2304 sex
1191 2268 1319 2304 uncias
1340 2268 1403 2310 iis,
1436 2267 1470 2303 si
1489 2267 1560 2313 filii
1582 2268 1733 2314 leqitimi
1769 2279 1841 2304 non
1866 2271 2010 2312 metent,
2042 2269 2236 2306 secundum
2258 2273 2410 2317 patrum

192 2311 443 2347 liberalitatem
463 2311 635 2354 dedimus,
660 2316 698 2347 at
719 2323 815 2348 nunc
832 2323 882 2347 ex
900 2312 946 2347 iis
967 2323 1060 2358 quae
1078 2313 1245 2360 deinceps
1269 2313 1479 2348 acciderunt
1501 2313 1608 2348 rebus
1628 2314 1833 2359 perfectius
1851 2313 1961 2349 simul
1982 2318 2019 2350 et
2038 2313 2230 2350 humanius
2249 2315 2409 2352 conside-

191 2359 284 2393 ratis
301 2361 528 2403 praesentem
552 2357 664 2402 teqem
686 2357 849 2403 ferimus,
899 2356 1001 2393 Certe
1024 2358 1137 2393 multa
1157 2358 1333 2393 eiusmodi
1354 2369 1448 2404 quae
1471 2361 1506 2394 et
1523 2358 1634 2404 prius
1656 2362 1741 2394 sunt
1764 2360 1952 2394 commissa
1976 2363 2012 2394 et
2031 2360 2167 2394 nostris
2191 2360 2410 2407 temporibus

192 2402 451 2448 delinquuntur
474 2403 697 2437 correctione
721 2402 761 2437 di
784 2413 915 2437 namur
945 2406 981 2438 et
1004 2403 1048 2438 ab
1073 2404 1257 2449 impietate
1281 2402 1440 2438 homines
1463 2403 1666 2439 liberamus.
1714 2403 1891 2438 Nonnulli
1913 2403 2006 2439 enim
2030 2414 2109 2439 cum
2133 2403 2313 2441 licentiam
2335 2416 2409 2442 non

193 2447 349 2483 habeant
365 2446 486 2482 liberis
501 2448 576 2482 suis
592 2413 820 2483 naturaligus
836 2451 1009 2493 quantum
1026 2449 1134 2484 velint
1149 2448 1388 2494 relinquendi,
1408 2448 1547 2495 eliqunt
1562 2448 1700 2484 scilicet
1718 2448 1814 2484 viros
1829 2459 1962 2495 eosque
1977 2447 2126 2484 heredes
2140 2461 2184 2485 ea
2200 2450 2410 2487 condicione

192 2492 365 2535 scribunt,
386 2496 426 2527 ut
445 2491 566 2527 liberis
584 2493 799 2534 restituant;
820 2493 875 2527 itti
894 2503 979 2528 vero
1000 2498 1065 2529 aut
1076 2493 1251 2540 protinus
1270 2493 1379 2540 impie
1399 2497 1515 2539 aqunt
1534 2497 1569 2529 et
1585 2493 1803 2529 voluntatem
1823 2504 1948 2529 eorum
1969 2495 2034 2540 qui
2049 2494 2274 2541 scripserunt
2293 2500 2408 2532 trans-

218 2538 417 2579 rediuntur,
442 2542 506 2573 aut
529 2538 628 2583 quod
674 2538 791 2573 uidem
816 2538 972 2573 omnium
997 2538 1210 2574 levissimum
1234 2543 1288 2574 est
1303 2538 1493 2585 peierant:
1515 2549 1560 2574 ac
1577 2542 1735 2574 tacemus
1758 2550 1802 2575 ea
1826 2550 1919 2585 quae
1941 2539 2115 2575 memoria
2138 2539 2242 2576 nobis
2255 2541 2410 2587 prodita

192 2550 217 2621 ἕ
261 2586 346 2619 sunt
368 2582 413 2618 de
433 2584 602 2629 personis
623 2583 652 2617 il
666 2583 823 2618 ustribus
846 2594 939 2629 quae
964 2583 1053 2618 talia
1078 2584 1295 2630 temporibus
1315 2583 1613 2630 praecedentibus
1636 2584 1901 2620 commiserunt.
2001 2584 2058 2620 Ne
2080 2584 2194 2631 iqitur
2211 2597 2283 2639 per
2307 2597 2410 2623 omne

194 2634 332 2676 tempus
355 2628 528 2663 eiusmodi
551 2627 716 2664 delictum
740 2629 910 2664 committi
925 2629 1124 2674 patiamur,
1148 2640 1234 2665 neve
1258 2628 1356 2674 quod
1377 2630 1415 2664 in
1437 2630 1624 2665 extraneis
1646 2633 1684 2665 et
1704 2631 1913 2682 neutiquam
1937 2630 2034 2664 notis
2055 2640 2166 2676 aqere
2191 2630 2285 2674 licet,
2309 2632 2348 2667 id
2371 2633 2409 2668 in

187 2674 355 2722 propriis
379 2673 500 2709 liberis
529 2673 758 2709 naturalibus
782 2673 941 2709 homines
972 2685 1081 2720 aqere
1101 2673 1368 2720 prohibeamus,
1394 2678 1595 2721 propterea
1620 2678 1808 2721 praesenti
1839 2674 1918 2721 leqe
1946 2674 2139 2718 sancimus,
2171 2680 2212 2711 ut
2233 2676 2409 2723 siquidem

218 2719 275 2755 uis
298 2719 476 2765 leqitimos
500 2718 632 2754 liberos
654 2717 794 2761 habeat,
821 2718 955 2761 [liberis
977 2730 1172 2766 eorumque
1195 2719 1314 2761 matri]
1338 2719 1436 2754 ultra
1459 2730 1569 2755 unam
1591 2720 1734 2755 unciam
1756 2720 1962 2766 relinquere
1992 2720 2049 2756 vel
2070 2720 2209 2756 donare
2231 2721 2408 2758 naturali-

193 2731 258 2801 tqius
289 2763 410 2800 liberis
439 2763 494 2800 vel
524 2764 745 2800 concubinae
774 2775 847 2800 non
874 2764 993 2810 possit
1023 2764 1106 2808 (hoc
1137 2765 1230 2801 enim
1260 2775 1309 2800 ex
1333 2764 1458 2811 priori
1488 2765 1743 2801 constitutione
1773 2769 1893 2801 ratum
1917 2764 2111 2809 habemus),
2142 2766 2208 2802 sed
2237 2767 2346 2803 etiam
2376 2768 2413 2803 si

218 2809 283 2846 uid
304 2809 460 2856 amplius
482 2809 572 2845 dare
620 2820 747 2845 uocum
775 2821 819 2845 ue
842 2809 949 2845 modo
976 2810 1218 2862 temptaverit,
1252 2809 1321 2844 hoc
1344 2809 1538 2845 liberorum
1558 2810 1628 2855 fiat
1659 2810 1910 2857 leqitimorum.
1956 2809 2097 2853 Quodsi
2122 2811 2224 2848 liberi
2247 2823 2321 2848 non
2344 2812 2409 2849 ad-

192 2821 218 2892 Ξ
270 2855 361 2897 sint,
391 2854 456 2889 sed
485 2865 599 2890 conca
623 2855 686 2890 ina
716 2866 755 2890 so
772 2866 814 2896 a,
850 2854 933 2890 huic
964 2854 1148 2890 dimidiam
1179 2855 1320 2890 unciam
1351 2854 1508 2900 relinqui
1539 2855 1594 2891 vel
1624 2855 1756 2891 donari
1780 2855 2035 2902 permittimus.
2150 2856 2194 2893 Si
2221 2868 2306 2893 vero
2337 2869 2409 2894 non

193 2901 323 2937 habeat
350 2900 446 2946 filios
478 2900 656 2946 leqitimos
686 2904 751 2935 aut
781 2900 832 2935 ali
857 2911 935 2935 uem
966 2900 1251 2945 ascendentium,
1286 2900 1415 2946 quibus
1442 2910 1492 2935 ecc
1521 2899 1612 2946 leqis
1643 2901 1854 2937 necessitate
1883 2904 2025 2948 partem
2057 2901 2231 2938 bonorum
2261 2913 2409 2938 suorum

193 2946 398 2992 relinquere
430 2948 619 2980 testatores
641 2949 803 2992 oportet,
833 2911 942 2981 liceat
972 2946 1080 2981 etiam
1109 2946 1148 2981 in
1171 2945 1356 2981 duodecim
1385 2944 1512 2980 uncias
1542 2945 1730 2981 naturales
1753 2946 1883 2982 liberos
1905 2945 2051 2982 heredes
2072 2946 2249 2991 scribere,
2280 2958 2410 2994 resque

193 2992 289 3027 inter
311 3001 372 3026 eos
395 3001 619 3036 quocumque
641 2990 748 3025 modo
773 2990 897 3026 volunt
918 2990 1086 3033 dividere,
1112 2996 1145 3027 et
1169 2991 1225 3027 vel
1241 3001 1313 3037 per
1336 2990 1549 3026 donationes
1570 2990 1749 3037 simplices
1775 2991 1831 3026 vel
1853 2992 2119 3039 antenuptiales
2142 2992 2198 3028 vel
2212 3004 2286 3039 per
2308 2993 2410 3028 dotes

193 3036 250 3072 vel
278 3036 385 3071 etiam
416 3035 489 3070 alio
520 3046 746 3081 quocumque
775 3035 880 3070 modo
912 3035 1071 3081 leqitimo
1102 3036 1324 3073 substantias
1354 3046 1440 3071 suas
1477 3035 1527 3070 ad
1559 3046 1620 3071 eos
1652 3036 1863 3082 transferre.
1923 3035 1984 3072 Ita
2019 3037 2112 3073 enim
2144 3048 2219 3073 non
2253 3038 2409 3084 amplius

242 3152 257 3184 l
283 3146 400 3191 νόμῳ]
430 3149 505 3181 Cod.
522 3150 553 3187 5,
567 3155 613 3189 27,
628 3155 645 3182 8
664 3147 676 3190 ΙΙ
693 3149 712 3181 2
736 3144 800 3180 οὐκ
824 3149 855 3180 L
873 3147 885 3192 ΙΙ
904 3149 923 3182 3
948 3143 1030 3180 ἀλλ’
1057 3141 1121 3181 οὖν
1144 3148 1213 3182 νῦν
1235 3149 1267 3181 L

194 3194 250 3228 sed
266 3196 375 3226 tamen
395 3205 413 3229 ς
429 3193 441 3232 ΙΙ
460 3195 479 3227 5
493 3190 836 3238 φιλανθρωπότεροι
851 3193 899 3226 L¹
917 3192 928 3236 ΙΙ
945 3194 965 3227 6
978 3193 1131 3226 τοιαῦτα
1150 3207 1207 3227 om.
1221 3205 1240 3230 ς
1256 3192 1268 3238 ΙΙ

196 3241 215 3274 8
230 3235 528 3282 πλημμελούμενα
544 3234 776 3283 διορθώσεως
791 3234 963 3280 ἀξιοῦμεν
978 3240 1049 3279 καὶ]
1066 3238 1267 3280 delinquun-

194 3287 260 3327 tur,
285 3287 318 3317 et
332 3283 408 3316 ideo
428 3295 447 3319 ς
462 3282 474 3327 11
496 3284 536 3317 12
559 3281 596 3316 οἱ
619 3279 657 3315 δὲ
679 3279 701 3324 ἢ
725 3284 778 3327 (cf.
800 3285 842 3325 ς)]
867 3281 903 3316 οἱ
917 3280 956 3316 δὲ
976 3281 1011 3316 οἱ
1026 3283 1073 3317 Μ
1090 3282 1126 3317 οἱ
1148 3280 1187 3317 δὲ
1203 3285 1233 3317 L
1258 3283 1269 3327 ΙΙ

196 3331 237 3365 13
263 3324 435 3372 ἀσεβοῦσι
448 3346 490 3352 --
505 3329 547 3362 14
566 3328 771 3372 ἐπιορκοῦσι
796 3341 854 3361 om.
872 3329 902 3362 L
919 3327 931 3372 ΙΙ
953 3329 992 3362 18
1018 3330 1269 3374 συγχωροῦμεν

195 3376 279 3416 ML,
294 3387 377 3408 corr.
394 3375 557 3417 Scrimyer
573 3373 585 3417 ΙΙ
611 3375 651 3407 19
675 3370 776 3416 μηδὲ]
800 3387 858 3406 om.
873 3374 932 3414 L¹‚
956 3375 1016 3406 καὶ
1032 3373 1081 3407 L²
1097 3374 1109 3418 ΙΙ
1134 3376 1172 3408 21
1200 3387 1267 3408 κω-

195 3417 325 3464 λύομεν
337 3419 427 3452 ML¹
451 3418 463 3463 ΙΙ
489 3420 531 3452 23
555 3420 627 3451 τοῖς
650 3421 756 3451 παισὶ
786 3421 846 3452 καὶ
876 3419 921 3464 τῇ
945 3418 1086 3453 τούτων
1108 3431 1179 3463 μητ
1204 3422 1216 3452 ὶ
1249 3434 1268 3453 α

194 3465 402 3499 Zachariaeo
434 3466 466 3498 in
490 3465 699 3507 suspicionem
732 3471 814 3498 recte
846 3471 960 3498 vocata
983 3465 1100 3498 seclusi
1122 3464 1134 3508 ΙΙ
1159 3466 1179 3499 2
1225 3465 1267 3507 εἰ]

195 3509 288 3544 οἱΜ
305 3508 318 3555 ΙΙ
341 3511 383 3544 30
409 3506 591 3555 δωροῦνται*
618 3508 666 3542 L¹
689 3508 700 3551 ΙΙ
730 3510 771 3543 31
797 3509 867 3551 ἔχει
891 3509 974 3542 LB⁸
1005 3510 1159 3543 habuerit
1179 3510 1268 3553 quis-

195 3556 284 3597 piam
307 3557 341 3597 (i.
357 3568 382 3589 e.
408 3555 481 3597 ἔχοι
504 3554 593 3596 τιςῩ)
618 3565 637 3591 ς
654 3553 667 3598 ΙΙ
683 3555 725 3588 32
747 3549 897 3600 ἀνάγκῃ]
922 3555 1097 3588 necessitas
1120 3557 1170 3588 est
1193 3558 1227 3598 (i.
1243 3569 1267 3589 e.

196 3596 346 3646 ἀνάγκη)
370 3612 390 3636 ς
406 3606 418 3644 [Ι
442 3596 616 3644 μόνουὶιι
641 3599 653 3643 ΙΙ
679 3601 721 3633 33
741 3599 915 3644 προςήκει]
941 3602 1178 3643 competentem
1196 3603 1232 3642 (i.
1243 3614 1268 3634 e.

196 3645 477 3730 saisivisti
495 3642 908 3735 {teserem
924 3646 1087 3734 ..aas
1110 3646 1270 3725 “aa

197 3735 250 3781 ις
267 3703 491 3779 1138μιῗαίΜ]
517 3749 575 3770 om.
593 3737 621 3769 L
640 3736 653 3781 n
669 3737 712 3770 39
736 3734 868 3770 ἑαυτὸν
891 3736 923 3769 L
1106 3704 1128 3735 η

285 3795 337 3826 m'
371 3840 375 3843 .

1391 3150 1410 3182 2
1434 3149 1564 3180 tantum
1585 3148 1663 3182 VR¹
1678 3148 1690 3191 11
1716 3150 1739 3182 4
1761 3147 1954 3182 clementius
1976 3149 2027 3183 R¹
2051 3152 2084 3183 et
2107 3150 2302 3183 clementius
2325 3150 2375 3183 R²
2397 3149 2409 3195 ΙΙ

1337 3196 1355 3228 5
1379 3194 1522 3236 plurime
1546 3193 1636 3226 R¹T
1652 3193 1664 3235 ΙΙ
1694 3193 1881 3226 commissas
1901 3193 1949 3226 R¹
1973 3195 2142 3229 commisse
2161 3195 2217 3239 ΤΙΙ
2247 3197 2265 3229 7
2287 3194 2407 3228 libera—

1336 3239 1445 3271 uimus
1469 3237 1546 3282 1221!
1574 3240 1614 3272 10
1639 3238 1786 3279 heredes]
1811 3238 1905 3279 quasi
1927 3239 2063 3273 heredes
2086 3241 2157 3274 ΒΤ
2174 3239 2187 3284 ΙΙ
2212 3239 2299 3272 filios
2324 3240 2372 3273 T¹
2396 3239 2409 3285 ΙΙ

1339 3286 1377 3319 11
1403 3288 1437 3316 at
1461 3296 1518 3318 om.
1533 3284 1565 3315 R
1592 3282 1604 3327 ΙΙ
1628 3285 1696 3324 aut]
1722 3286 1829 3316 autem
1854 3285 1913 3316 aut
1933 3284 1993 3323 1132,
2011 3298 2068 3318 om.
2090 3285 2125 3319 V
2141 3284 2153 3329 ΙΙ
2178 3287 2219 3319 13
2239 3285 2408 3328 perierant

1338 3330 1369 3363 T
1377 3329 1387 3349 ¹
1402 3328 1453 3362 V³
1486 3331 1660 3371 praeerant
1682 3327 1731 3361 R¹
1757 3327 1770 3372 ΙΙ
1802 3330 1841 3362 17
1866 3339 1927 3361 nec
1955 3330 2036 3370 VT]
2072 3330 2203 3372 nequod
2224 3330 2258 3362 R.
2288 3332 2409 3372 (neque

1335 3375 1435 3418 ναῖς.)
1453 3374 1465 3418 ΙΙ
1484 3375 1524 3408 20
1542 3375 1581 3406 ut
1597 3373 1699 3407 om.R
1716 3373 1728 3416 ΙΙ
1753 3374 1795 3407 24
1808 3373 2030 3407 iudicauimus
2051 3375 2114 3408 VT
2127 3375 2139 3417 ΙΙ
2155 3374 2409 3409 constitutiones

1338 3420 1392 3453 Ta
1421 3420 1432 3463 ΙΙ
1461 3421 1503 3453 26
1527 3418 1599 3451 fieri
1624 3419 1668 3460 T]
1695 3431 1752 3451 om.
1772 3418 1849 3452 RV
1871 3418 1884 3462 ΙΙ
1912 3418 1968 3451 uel
1991 3420 2024 3452 R
2039 3420 2140 3463 vul9.]
2174 3421 2206 3452 et
2229 3420 2284 3453 uel
2315 3420 2379 3454 VT
2396 3419 2409 3466 u

1335 3466 1412 3498 sunt
1440 3464 1493 3507 Tll
1519 3463 1719 3496 concubinas
1744 3464 1798 3496 Ta
1823 3462 1836 3507 ΙΙ
1859 3464 1900 3497 27
1926 3474 2003 3497 vero
2028 3477 2087 3498 om.
2114 3465 2147 3498 T
2155 3464 2166 3485 ¹
2192 3463 2204 3506 ΙΙ
2228 3465 2270 3500 32
2295 3475 2407 3507 quem-

1334 3511 1425 3553 piam
1456 3510 1489 3543 V
1518 3519 1682 3551 quequam
1707 3508 1758 3542 Τι
1787 3508 1800 3552 ΙΙ
1829 3510 1871 3543 33
1894 3511 2023 3551 patrem
2050 3509 2081 3542 Τ
2088 3509 2098 3528 ¹
2127 3508 2139 3553 ΙΙ
2171 3511 2214 3544 34
2238 3510 2408 3544 testatoris

1335 3555 1384 3588 12¹
1403 3555 1415 3599 ΙΙ
1439 3555 1475 3587 in
1499 3554 1682 3595 duodecim]
1712 3553 1867 3587 undecim
1893 3554 1944 3587 T²
1968 3554 1980 3598 u
2009 3555 2051 3588 36
2073 3554 2219 3588 uoluerit
2243 3555 2374 3600 Rvulq.

1337 3602 1376 3634 37
1403 3602 1461 3632 aut
1483 3610 1542 3677 piir
1565 3599 1730 3642 simplices
1762 3599 1796 3633 V
1817 3598 1829 3642 ΙΙ
1859 3599 1901 3634 38
1923 3609 1983 3642 per
2004 3599 2188 3642 quamlibet
2210 3600 2314 3634 alium
2342 3601 2378 3636 V

1336 3657 1411 3679 suos
1436 3645 1471 3677 in
1498 3645 1505 3651 '
1523 3645 1555 3678 lo
1577 3645 1609 3678 T

2108 3791 2150 3826 56
