2618 4010
1252 95 1356 144 345·
1968 101 2075 144 Nov.
2107 100 2265 144 LXVII
2299 103 2405 145 1-3

126 216 137 225 ⁶
178 221 260 244 σειε.
306 206 432 244 πολλοὶ
461 205 531 255 γὰρ
559 203 797 253 ὑποδυόμενοι
828 204 964 253 κτίζειν
994 207 1111 254 δῆθεν
1134 207 1253 255 εὐκτη-
1323 210 1429 246 Multi
1452 210 1546 247 enim
1569 211 1779 248 simulantes
1804 210 1985 249 fabricare
2018 212 2120 258 quasi
2144 213 2316 249 orationis
2342 214 2404 250 do-

173 263 176 267 *
201 257 272 288 ίους
286 253 398 288 οἴκους
412 251 475 288 τὰς
490 253 632 288 ἑαυτῶν
648 253 893 300 θεραπεύουσι
909 255 1045 300 νόσους,
1062 253 1126 290 οὐκ
1142 253 1250 301 ὀρθ-ο·
1322 267 1398 292 mos
1431 257 1506 293 suis
1539 258 1727 299 medentur
1755 257 1979 303 langoribus,
2015 268 2088 294 non
2124 258 2406 295 orthodoxarum

177 267 297 340 §dem
316 296 526 342 ’ἐκκλησιῶν
557 302 702 334 κτίσται
730 298 914 347 γινόμενοι
943 298 1032 337 ἀλλὰ
1061 300 1254 345 σπηλαίων
1321 302 1552 384 0οἑ>1031ατιιιι1
1568 302 1825 357 ⁴aedificatores
1849 302 1949 347 facti,
1975 303 2038 340 sed
2059 304 2310 349 speluncarum
2336 305 2404 341 illi-

1323 358 1355 384 01
1374 358 1486 384 arum.

179 107 391 142 onAToRu
419 93 581 141 nomm
601 120 603 122 ν

142 365 146 367 -
177 340 337 382 ἀτόπων.

1172 456 1328 499 CAPUT
1354 463 1400 498 11.

123 528 126 533 '
180 518 189 564 .’
213 526 362 562 Ἔπειτα
384 525 434 570 μὴ
457 524 572 561 ἄλλως
597 525 708 563 αὐτὸν
732 528 921 573 ἐκκλησίαν
951 530 989 563 ἐκ
1013 532 1094 564 νέου
1117 528 1253 565 οἰκοδο-
1289 534 1309 567 5
1368 529 1507 566 Deinde
1535 540 1609 567 non
1641 529 1745 565 aliter
1775 530 1975 576 quempiam
2009 530 2196 566 ecclesiam
2231 542 2276 568 ex
2312 543 2403 569 novo

172 574 269 618 μεῖν,
304 574 391 618 πρὶν
422 569 469 606 ἂν
503 570 710 618 διαλεχθείη
747 574 836 620 πρὸς
867 573 933 610 τὸν
964 574 1254 621 θεοφιλέστατον
1322 575 1524 620 aedificare,
1545 576 1756 629 priusquam
1775 574 1945 620 loquatur
1969 576 2014 611 ad
2038 576 2104 612 deo
2122 577 2311 613 amabilem
2329 579 2403 624 epi-

173 621 371 654 ἐπίσκοπον
395 620 455 651 καὶ
479 614 608 663 ὁρίσειε
639 618 681 654 τὸ
704 622 839 667 μέτρον
863 617 953 666 ὅπερ
976 618 1139 666 ἀφορίζει
1164 621 1254 669 πρός
1321 632 1470 667 scopum
1502 625 1538 657 et
1562 621 1708 658 defimat
1738 631 1942 657 mensuram
1972 631 2078 666 quam
2110 621 2259 667 deputat
2290 627 2327 659 et
2358 624 2403 660 ad

172 677 211 698 τε
234 664 302 707 τὴν
326 661 540 706 λυχνοκαΐαν
564 667 623 698 καὶ
647 663 714 709 τὴν
736 664 835 711 ἱερὰν
857 663 1079 712 λειτουργίαν
1103 670 1163 701 καὶ
1185 666 1253 710 τὴν
1321 667 1510 703 luminaria
1533 671 1569 703 et
1586 667 1631 703 ad
1652 677 1794 703 sacrum
1817 667 2053 703 ministerium
2077 670 2113 702 et
2135 668 2182 704 ad
2204 668 2403 705 incorrum-

171 706 401 755 ἀδιάφθορον
424 710 488 744 τοῦ
512 709 608 744 οἴκου
632 708 852 758 συντήρησιν
874 713 932 744 καὶ
957 712 1024 754 τὴν
1047 713 1126 746 τῶν
1149 724 1251 758 προς-
1321 713 1475 758 pendam
1500 713 1625 749 domus
1648 712 1850 749 custodiam
1874 716 1910 748 et
1930 713 2195 748 observantium
2214 714 2402 751 alimenta:

171 752 211 788 εδ
234 752 394 789 ευόντων
428 751 656 803 ἇποτροφήν·
699 759 758 790 καὶ
794 756 893 800 εἴπερ
937 753 1124 801 αὐτάρκως
1158 759 1357 800 ἔχεινῙΟθῐ
1390 758 1421 794 Si
1453 758 1675 795 sufficienter
1706 758 1839 794 habere
1870 758 2043 801 videatur,
2074 758 2185 794 faciat
2214 760 2315 804 prius
2340 760 2402 796 do-

172 768 295 842 δόὲειε,
316 801 505 838 ποιεῖσθαι
522 798 635 836 αὐτὸν
660 800 837 848 πρότερον
861 799 1001 848 δωρεὰν
1025 803 1103 836 τῶν
1126 802 1250 848 ἆφορί-
1321 804 1501 840 nationem
1534 814 1656 840 eorum
1687 814 1779 850 quae
1810 803 1936 839 futura
1964 806 2050 840 sunt
2078 804 2123 839 de
2151 805 2261 849 utari,
2294 809 2330 841 et
2352 806 2404 842 ita

172 846 302 889 ζεσθαι
326 844 534 890 μελλόντων
554 843 650 882 οὕτω
674 859 714 882 τε
733 845 799 882 τὸν
830 846 927 881 οἶκον
959 845 1171 903 οἰκοδομεῖν.
1220 848 1274 896 εἰ,
1321 849 1445 885 domus
1477 849 1697 886 aedificetur.
1746 850 1784 886 Si
1814 853 1934 885 autem
1969 860 2041 886 non
2073 860 2116 885 su
2133 850 2231 886 ficiat
2261 851 2403 895 quidem

169 894 294 935 μέντοι
321 904 361 937 γε
390 889 453 925 οὐκ
477 890 602 939 ἀρκοίη
631 895 698 937 μέν
726 904 780 926 τις
809 891 898 937 πρὸς
920 894 1042 935 τοῦτο,
1075 890 1251 937 ονοματος
1319 895 1448 939 aliquis
1472 895 1518 930 ad
1542 896 1624 937 hoc,
1653 905 1783 932 nomen
1807 906 1889 931 vero
1914 895 2007 931 forte
2030 895 2163 931 habere
2184 896 2402 942 desiderans,

171 934 211 971 δὲ
234 936 318 971 ἴσως
342 937 540 981 ἐπιθυμῶν
566 938 631 972 τοῦ
663 940 722 972 καὶ
754 935 860 972 αὐτὸς
891 941 1035 982 κτίστης
1065 938 1251 983 ἐκκλησίας
1319 950 1388 985 quo
1414 944 1449 975 et
1472 941 1549 986 ipse
1573 941 1771 977 fabricator
1795 941 1971 977 ecclesiae
1990 943 2151 984 vocetur,
2175 941 2252 977 vult
2270 942 2404 988 aliquid

170 981 363 1016 καλεῖσθαι
387 982 554 1027 βούλοιτό
578 996 614 1017 τι
635 983 775 1017 τοίοῦτο
798 983 949 1029 πρᾶξαι,
974 982 1104 1019 πολλαὶ
1129 987 1188 1018 καὶ
1210 986 1250 1018 ἐν
1266 988 1306 1021 15
1318 985 1391 1020 tale
1421 985 1559 1030 facere,
1593 988 1725 1023 multae
1758 990 1792 1022 et
1822 987 1860 1022 in
1892 988 1960 1022 hac
1990 985 2089 1032 regia
2122 987 2265 1024 civitate
2297 992 2331 1024 et
2365 988 2402 1023 in

169 1027 283 1075 ταύτῃ
307 1029 352 1076 τῇ
376 1027 613 1076 βασιλευούσῃ
634 1026 736 1063 πόλει
761 1032 819 1062 καὶ
841 1030 881 1062 ἐν
897 1032 974 1063 ταῖς
991 1031 1177 1077 ἐπαρχίαις
1196 1032 1248 1064 ἐκ·

171 1072 313 1117 κλησίαι
345 1073 557 1121 τυγχάνουσι
590 1072 655 1108 τὸν
683 1074 906 1120 προςήκοντα
936 1076 1004 1119 μὲν
1030 1073 1247 1123 λειτουργού-

169 1132 276 1163 μεναι
300 1119 446 1166 τρόπον,
476 1117 745 1154 κινδυνεύουσαι
774 1117 814 1166 δὲ
837 1123 1056 1156 καταπεσεῖν
1079 1117 1150 1156 ὑπὸ
1181 1134 1249 1157 πα-

171 1163 364 1219 λαιότητος,
389 1162 411 1208 ἢ
429 1167 488 1198 καὶ
509 1167 654 1211 σμικραὶ
674 1164 912 1199 καθεστῶσαι
933 1168 992 1199 καὶ
1011 1163 1249 1214 ἆκοσμότεραι

1318 1031 1510 1076 provinciis
1536 1033 1710 1068 ecclesiae
1734 1034 1829 1077 sunt,
1862 1033 1901 1068 in
1926 1033 2057 1078 quibus
2081 1035 2298 1078 competenti
2325 1034 2401 1079 qui-

1320 1077 1399 1112 dem
1422 1077 1692 1113 administratur
1715 1079 1831 1122 modo,
1859 1078 2058 1123 periculum
2082 1089 2166 1114 vero
2189 1079 2315 1129 ruinae
2337 1089 2402 1125 pa-

1318 1122 1458 1157 tiuntur
1482 1133 1548 1167 per
1570 1127 1785 1159 vetustatem
1812 1129 1875 1159 aut
1899 1125 2005 1159 etiam
2028 1133 2161 1169 parvae
2185 1125 2403 1162 constitutae

1319 1171 1354 1202 et
1377 1167 1603 1204 inordinatae
1635 1169 1831 1204 secundum
1865 1169 2079 1205 desiderium
2107 1170 2236 1206 horum
2267 1171 2403 1223 quieis

170 1224 268 1256 παρα
297 1209 362 1253 τὴν
387 1210 588 1255 ἐπιθυμίαν
614 1211 693 1245 τῶν
716 1208 864 1265 ταόταις
887 1210 1157 1258 ἐγχειρούντων,
1187 1215 1247 1246 καὶ
1262 1214 1304 1248 20
1318 1213 1478 1266 deputati
1511 1216 1613 1249 sunt:
1655 1214 1778 1250 licebit
1810 1212 1843 1250 ei
1872 1226 1981 1250 unam
2008 1215 2137 1251 ‘talium
2171 1216 2402 1253 eccleslarum

170 1255 309 1295 ἐξέσται
340 1253 439 1299 αὐτῷ
467 1259 556 1300 μίαν
584 1256 663 1290 τῶν
685 1269 864 1290 τοιουτων
887 1256 1087 1300 ἐκκλησιῶν
1111 1255 1248 1293 ἀπολα-

168 1299 274 1344 βόντι
294 1300 431 1344 ταύτην
453 1298 781 1345 οἰκοδομήσασθαι,
813 1299 1009 1337 κᾶνταῦθα
1032 1303 1161 1352 γνώμῃ
1183 1305 1247 1338 τοῦ

169 1345 358 1391 θεοφιλοῦς
380 1347 457 1381 τῶν
480 1344 696 1393 ὀρθοὸόξων
725 1346 922 1383 ἐπισκόπου
950 1350 1014 1383 τοῦ
1038 1349 1248 1397 πράγματος

167 1393 363 1438 γινομένου.
403 1388 498 1426 οὕτω
517 1391 586 1439 γὰρ
606 1395 710 1427 ἔσται
735 1392 836 1437 αῧτῷ
859 1396 918 1427 καὶ
941 1393 1036 1440 ἱεροῦ
1057 1395 1154 1429 οἴκου
1173 1399 1245 1430 κτί-

1317 1258 1509 1304 accipienti
1550 1259 1644 1295 hanc
1683 1259 1892 1304 aedificare3
1941 1265 1977 1296 et
2017 1261 2075 1296 hic
2113 1261 2295 1298 voluntate
2335 1262 2401 1298 deo

1317 1305 1481 1340 amabilis
1505 1305 1783 1341 orthodoxorum
1809 1306 1969 1351 episcopi
1991 1316 2050 1342 res
2074 1306 2211 1351 agenda
2230 1310 2296 1343 est.
2342 1308 2402 1344 Sic

1317 1350 1411 1386 enim
1443 1350 1576 1395 poterit
1608 1355 1644 1387 et
1675 1361 1801 1387 sacrae
1833 1351 1957 1387 domus
1989 1351 2188 1388 fabricator
2215 1353 2337 1389 vocari
2366 1356 2402 1388 et

1316 1395 1405 1430 nihil
1441 1396 1485 1431 de
1520 1406 1585 1432 suo
1622 1397 1950 1442 superexpendere,
1987 1398 2166 1442 deputatis
2203 1398 2273 1433 iam
2305 1398 2402 1437 circa

167 1448 257 1480 στην
289 1435 468 1480 κληθῆναι
506 1440 565 1471 καὶ
603 1436 717 1482 μηδὲν
754 1439 902 1473 οἴκοθεν
937 1438 1246 1485 προςδαπανῆσαι,
1260 1443 1303 1476 25
1316 1441 1406 1476 haec
1442 1442 1608 1486 expensis
1645 1442 1775 1479 oblatis
1809 1442 1855 1478 ab
1889 1442 1938 1478 eis
1975 1443 2036 1487 qui
2068 1443 2175 1478 etiam
2203 1444 2303 1490 prius
2335 1445 2400 1481 has

167 1483 244 1516 τῶν
269 1482 306 1522 ἐξ
329 1482 438 1517 ἔθους
461 1479 726 1531 ἀφωρισμένων
756 1482 822 1528 ἤδη
847 1488 928 1530 περὶ
954 1488 1060 1520 τοῦτο
1085 1484 1244 1530 δαπανη·
1316 1486 1576 1533 expendebant.

164 1525 578 1582 pdev'5n13i30,ae'vwv
610 1528 709 1576 παρὰ
738 1531 816 1564 τῶν
839 1533 899 1564 καὶ
928 1529 1106 1578 πρότερον
1130 1533 1245 1567 ταῦτα

164 1584 426 1619 χορηγουντων.

1147 1668 1304 1705 CAPUT
1335 1669 1397 1705 ΙΙΙ.

214 1729 366 1786 Κάκεῖνρ
395 1746 436 1780 γε
466 1733 536 1790 μὴν
566 1735 800 1791 θεσπίζομεν,
838 1732 925 1770 ὥςτε
957 1735 1049 1771 κατὰ
1079 1736 1145 1771 τὸν
1177 1736 1243 1781 ἤδη
1269 1739 1277 1752 “

1359 1736 1452 1771 Illud
1477 1747 1619 1781 quoque
1643 1736 1833 1781 sancimus,
1864 1739 2041 1782 quatenus
2065 1737 2260 1773 secundum
2284 1738 2355 1774 iam
2380 1749 2401 1774 a

163 1774 252 1823 παρ’
280 1791 388 1832 ῃμων
419 1793 644 1824 φοιτησαντα
680 1794 792 1825 νυμον
827 1780 909 1815 τους
941 1781 1245 1828 θεοφιλεστάτους
1259 1785 1301 1818 30
1314 1782 1419 1818 nobis
1436 1782 1622 1835 ‘prolatam
1652 1783 1764 1827 legem
1790 1783 1856 1819 deo
1882 1783 2052 1818 amabiles
2077 1779 2236 1837 episcopi
2266 1784 2302 1819 111
2327 1785 2401 1820 suis

162 1824 378 1862 ,ἐπισκοπους
397 1828 475 1860 ταῖς
492 1826 634 1861 ἑαυτῶν
657 1826 856 1870 ἐκκλησίαις
876 1831 1161 1875 προςκαρτερεῖν,
1185 1832 1245 1863 καὶ

162 1867 211 1913 μὴ
242 1868 526 1915 καταλιμπάνειν
552 1874 619 1917 μὲν
652 1870 774 1914 αὐτάς,
810 1871 942 1920 χρόνον
973 1871 1013 1907 δὲ
1042 1872 1157 1909 πολὺν
1188 1875 1244 1908 έν-

163 1915 287 1949 ταῦθα
319 1913 522 1961 διατρίβειν
554 1920 613 1952 καὶ
645 1915 861 1966 ἀναγκάζειν
892 1918 974 1953 τούς
1007 1918 1100 1962 κατὰ
1121 1918 1247 1967 χώραν

1315 1827 1477 1864 ecclesus
1511 1831 1690 1870 maneant,
1727 1832 1764 1863 et
1799 1839 1872 1864 non
1907 1829 2114 1873 relinquant
2148 1829 2291 1874 quidem
2326 1840 2400 1874 eas,

1314 1877 1455 1919 tempus
1490 1883 1574 1909 vero
1609 1874 1761 1909 multum
1793 1874 1852 1910 hic
1885 1877 2069 1910 morentur
2101 1877 2137 1910 et
2170 1878 2302 1920 cogant
2336 1885 2401 1922 per

220 2020 290 2051 cap.
315 2009 359 2042 II
378 2011 581 2044 summarium
606 2012 701 2044 habet
722 2011 856 2045 Nomoc.
882 2010 982 2046 XIV
1004 2013 1051 2045 tit.
1077 2012 1108 2056 3,
1129 2019 1178 2054 14,
1216 2025 1289 2056 cap.
1314 2013 1380 2046 III
1399 2013 1604 2046 summarium
1629 2013 1673 2045 id.
1701 2012 1732 2054 8,
1751 2019 1778 2046 2.

164 2101 258 2137 toria
280 2100 417 2137 scilicet
440 2099 667 2146 aedificanda
690 2111 793 2136 susce
822 2101 893 2136 turi
923 2112 991 2136 sua
1015 2100 1113 2136 mala
1137 2105 1280 2144 curant,
1312 2101 1396 2136 dum
1421 2113 1495 2138 non
1520 2099 1814 2137 orthodoxarum
1838 2100 2090 2143 ecclesiarum,
2121 2101 2187 2137 sed
2208 2102 2400 2149 spelunca7

162 2158 242 2184 rum
265 2147 473 2182 illicitarum
497 2145 750 2191 aedificatores
769 2112 875 2191 siunt.

296 2192 343 2227 ΙΙ.
392 2190 531 2227 Deinde
554 2202 598 2226 ne
621 2191 653 2226 is
676 2190 783 2227 aliter
806 2191 992 2227 ecclesiam
1015 2202 1145 2228 novam
1171 2191 1353 2243 aedificet,
1383 2192 1602 2238 priusquam
1634 2201 1714 2226 cum
1745 2190 1812 2226 deo
1838 2191 2026 2226 carissimo
2051 2192 2224 2239 episcopo
2257 2193 2400 2229 locutus

162 2240 211 2274 sit
241 2242 350 2284 atque
372 2236 515 2271 modum
540 2235 729 2280 definierit,
762 2240 935 2281 quantum
959 2240 995 2271 et
1018 2236 1067 2271 ad
1087 2236 1282 2271 luminaria
1306 2236 1537 2284 accendenda
1561 2240 1596 2271 et
1620 2235 1670 2271 ad
1692 2246 1836 2272 sacrum
1860 2237 2098 2272 ministerium
2122 2241 2159 2272 et
2181 2237 2232 2273 ad
2255 2237 2398 2274 domum

163 2287 299 2319 sartam
333 2286 460 2318 tectam
493 2280 775 2317 conservandam
808 2285 843 2316 et
875 2280 924 2316 ad
952 2292 1077 2316 eorum
1109 2282 1174 2327 qui
1201 2281 1251 2316 ibi
1282 2285 1474 2317 versantur
1505 2281 1714 2316 alimoniam
1747 2280 1935 2327 adsiynet‚·
1980 2285 2016 2318 et
2046 2282 2080 2316 si
2106 2282 2224 2318 uidem
2256 2283 2398 2319 abunde

163 2329 333 2375 sufficere
355 2326 531 2369 videatur,
562 2327 667 2373 prius
690 2325 920 2362 donationem
940 2326 1060 2372 saciat
1081 2337 1205 2362 eorum
1237 2337 1330 2372 quae
1355 2325 1585 2372 adsiynanda
1609 2330 1694 2361 sunt
1716 2326 1840 2372 itaque
1863 2325 2006 2362 domum
2031 2338 2074 2362 ae
2100 2327 2205 2372 ificet.
2251 2327 2293 2363 Si
2316 2329 2399 2375 quis

163 2386 247 2410 vero
273 2372 322 2409 ad
343 2372 412 2408 Ιιοο
436 2382 508 2407 non
532 2372 603 2417 suf
625 2372 708 2413 ciat,
741 2370 806 2406 sed
826 2371 990 2417 fortasse
1014 2382 1143 2406 nomen
1166 2376 1389 2414 sectaturus,
1422 2377 1462 2407 ut
1484 2371 1563 2418 ipse
1587 2382 1730 2418 quoque
1754 2371 1922 2407 conditor
1945 2371 2117 2408 ecclesiae
2140 2377 2299 2417 vocetur,
2326 2374 2398 2410 tale

163 2419 252 2467 quid
273 2429 383 2465 aqere
403 2418 497 2460 velit,
522 2417 656 2452 mutae
679 2421 762 2452 sunt
785 2421 820 2452 et
843 2417 880 2452 in
904 2416 973 2451 lzac
993 2417 1095 2463 reqia
1120 2417 1207 2453 urbe
1230 2421 1265 2453 et
1287 2417 1326 2452 in
1344 2417 1551 2463 provinciis
1572 2416 1754 2458 ecclesiae,
1779 2427 1873 2463 quae
1893 2427 2112 2463 quamquam
2135 2417 2268 2454 idoneo
2289 2419 2396 2455 modo

163 2465 473 2506 administmntur,
531 2462 702 2498 ericulum
728 2465 844 2498 tamen
873 2466 928 2498 est
955 2473 1001 2498 ne
1025 2473 1122 2507 prae
1143 2466 1319 2498 vetustate
1343 2461 1583 2505 collabantur,
1612 2461 1668 2498 vel
1690 2462 1798 2498 etiam
1829 2473 1923 2508 quae
1943 2473 2085 2509 parvae
2107 2463 2183 2499 sint
2212 2474 2257 2500 ac
2279 2465 2398 2510 minus

163 2514 316 2546 ornatae
347 2520 455 2556 quam
504 2507 687 2544 esiderant
718 2508 783 2554 qui
812 2509 849 2543 in
880 2507 926 2542 iis
950 2507 1167 2550 ministrant,
1195 2517 1239 2542 ac
1269 2508 1388 2544 licebit
1418 2508 1450 2544 ei
1481 2519 1591 2543 unam
1619 2518 1668 2543 ex
1691 2507 1867 2543 eiusmodi
1891 2508 2052 2544 ecclesiis
2082 2519 2224 2545 sumere
2245 2520 2396 2558 eamque

161 2555 422 2601 exaedificare,
455 2558 496 2590 ut
524 2558 642 2589 tamen
675 2552 733 2589 liic
763 2564 908 2599 quoque
938 2552 1132 2588 secundum
1163 2553 1350 2601 consilium
1386 2553 1453 2590 deo
1483 2554 1562 2588 cari
1593 2552 1887 2589 orthodoxorum
1911 2554 2075 2600 episcopi
2097 2565 2156 2590 res
2174 2560 2395 2602 pera-eatur.

162 2601 222 2637 Ita
245 2601 338 2637 enim
363 2600 523 2646 obtinqet
544 2599 578 2635 ei
601 2603 642 2635 ut
664 2603 701 2634 et
721 2609 850 2634 sacrae
873 2598 1001 2633 domus
1024 2598 1192 2634 conditor
1214 2599 1420 2646 appelletur
1443 2602 1477 2635 et
1499 2598 1593 2635 nihil
1615 2598 1659 2634 de
1682 2610 1748 2634 suo
1773 2599 1924 2645 insuper
1947 2604 2086 2646 eroyet,
2111 2611 2190 2635 cum
2211 2612 2396 2648 expensae

161 2647 205 2683 de
228 2656 328 2682 more
351 2647 422 2681 iam
447 2644 496 2680 ad
518 2655 597 2680 eam
620 2655 696 2680 rem
720 2643 937 2690 adsiqnatae
961 2643 1004 2679 ab
1029 2644 1075 2679 iis
1095 2648 1329 2691 praestentur
1353 2645 1418 2689 qui
1440 2645 1547 2680 etiam
1570 2645 1676 2691 prius
1699 2655 1762 2680 eas
1785 2644 2119 2681 subministrabant.

294 2691 357 2727 111.
414 2690 544 2726 Verum
568 2689 661 2725 illud
683 2700 828 2736 quoque
850 2689 1051 2732 sancimus,
1082 2693 1124 2725 ut
1145 2688 1339 2725 secundum
1365 2690 1397 2726 le
1424 2701 1478 2726 em
1503 2701 1526 2725 a
1549 2689 1654 2725 nobis
1684 2690 1757 2725 iam
1781 2689 1914 2726 editam
1938 2689 2006 2726 deo
2031 2691 2213 2727 carissimi
2232 2693 2398 2740 episcopi

159 2739 197 2773 in
231 2738 307 2773 suis
342 2736 500 2773 ecclesiis
527 2740 788 2782 permaneant,
826 2736 913 2771 neve
947 2745 1010 2770 eas
1045 2734 1215 2771 deserant
1254 2739 1290 2770 et
1328 2740 1478 2771 mutum
1516 2735 1697 2783 temporis·
1723 2734 1782 2771 liic
1820 2739 2009 2772 morentur
2044 2741 2250 2783 coqantque
2289 2749 2394 2774 oeco-

1308 2861 1356 2882 vv.
1373 2849 1415 2883 20
1428 2846 1527 2894 παρὰ
1542 2868 1582 2872 -
1598 2847 1858 2895 ἐγχειρούντων
1876 2850 1956 2884 Call.
1972 2851 2014 2884 87
2029 2863 2102 2892 cap.
2122 2854 2135 2895 ΙΙ
2151 2850 2263 2897 παρὰ]
2276 2863 2394 2887 secun-

1307 2893 1385 2926 dum
1410 2894 1443 2935 (i.
1459 2907 1485 2928 e.
1499 2893 1602 2937 κατὰ)
1628 2907 1647 2931 ς
1665 2893 1677 2938 ΙΙ
1702 2895 1792 2937 τῶν]
1815 2897 1893 2928 ταῖς
1906 2895 1952 2927 L¹
1969 2894 1981 2938 ΙΙ
2006 2895 2165 2939 ταύταις]
2191 2897 2358 2932 αὖταῖςΖ
2391 2899 2394 2943 Ι

1309 2940 1347 2973 21
1377 2936 1487 2973 αὕτη
1514 2940 1565 2972 La
1595 2940 1607 2984 ΙΙ
1634 2943 1723 2978 μίαν
1746 2939 1888 2974 τούτων
1912 2938 2103 2983 ἐκκλησίαν
2127 2955 2204 2986 app.
2224 2944 2358 2978 Nomoc.
2390 2944 2394 2986 Ι

1309 2986 1350 3018 22
1368 2984 1431 3017 τοῦ
1447 2997 1487 3018 τε
1503 2983 1696 3029 θεοφιλοῦς
1709 2986 1740 3018 L
1764 2986 1828 3019 τοῦ
1844 2983 2130 3030 θεοφιλεστάτου
2149 2988 2230 3022 Colt.
2242 2990 2284 3023 87
2293 3002 2364 3033 cap.
2381 2988 2394 3034 ΙΙ
2412 3001 2414 3003 ’

1309 3031 1350 3064 23
1366 3030 1431 3063 τοῦ
1447 3028 1655 3077 πράγματος
1667 3032 1766 3066 -28
1778 3031 2033 3077 χορηγούντων
2053 3045 2111 3066 om.
2133 3033 2214 3067 coll.
2230 3035 2273 3069 87
2283 3047 2355 3078 cap.
2373 3036 2392 3079 ΙΙ

1309 3077 1351 3110 26
1367 3073 1628 3120 ἇφανισμένων
1641 3077 1672 3109 L
1691 3076 1704 3121 ΙΙ
1721 3078 1802 3122 περὶ
1816 3075 1947 3110 τούτου
1960 3077 1992 3110 L
2013 3077 2102 3110 circa
2115 3079 2196 3112 haec
2212 3091 2232 3115 ς
2249 3078 2262 3123 ΙΙ
2279 3081 2322 3115 30
2335 3078 2391 3113 νό-

1306 3124 1388 3165 μον]
1414 3133 1484 3155 nov.
1507 3122 1559 3155 VI
1575 3134 1601 3154 0.
1613 3122 1643 3155 2.
1659 3122 1678 3155 3

208 2854 223 2887 1
250 2849 375 2885 πολλοὶ
399 2870 442 2874 —-
467 2852 488 2884 4
511 2846 662 2885 ἀτόπων
686 2864 743 2889 om.
770 2850 849 2883 Call.
872 2850 912 2884 87
937 2862 1010 2893 cap.
1037 2847 1050 2893 ΙΙ
1082 2849 1101 2881 2
1126 2847 1238 2893 θερα-

160 2890 329 2932 πεύσουσι
343 2897 374 2929 L
391 2895 403 2940 ΙΙ
421 2894 549 2939 νόμους
562 2896 611 2928 La
628 2895 641 2939 ΙΙ
667 2898 686 2930 5
706 2892 866 2936 Ἐπειτα]
893 2896 966 2928 Καὶ
996 2894 1075 2928 Goll.
1090 2895 1130 2928 87
1143 2892 1239 2938 cap„ss

161 2939 272 2977 αὐτὸν
293 2941 378 2983 ML]
409 2939 491 2975 τινὰ
520 2942 598 2975 Coll.
625 2942 665 2976 87
685 2954 768 2984 cap.,
795 2952 812 2976 ς
841 2940 853 2979 ΙΙ
882 2942 963 2974 νέου
987 2940 1068 2980 Μς]
1101 2941 1183 2973 νέας
1207 2939 1238 2972 L

166 2989 242 3022 coll.
262 2989 303 3022 87
322 3000 393 3030 cap.
421 2986 434 3031 ΙΙ
465 2988 485 3021 6
510 2986 598 3031 πρὸς
625 2984 690 3026 τὸν
721 2984 1008 3030 θεοφιλέστατον
1040 2985 1240 3018 ἐπίσκοπον

161 3031 454 3084 (ἆρχιεπίσκοπον
475 3033 533 3075 Μ)
558 3033 663 3073 MLs]
693 3032 746 3074 τῷ
774 3028 961 3073 ἐπισκόπῳ
992 3031 1071 3064 Coll.
1098 3032 1138 3064 87
1165 3043 1238 3074 cap.

141 3116 143 3118 ,
162 3079 227 3120 (τῳ
246 3077 308 3119 τῆς
329 3073 466 3111 πόλεως
490 3075 679 3119 ἐπισκόπῳ
702 3078 835 3111 Nomoc.
850 3077 912 3110 XI
919 3077 1017 3117 Vtit.)
1035 3075 1047 3118 ΙΙ
1073 3078 1091 3108 7
1110 3071 1240 3128 όρξσειε

162 3124 247 3165 ML]
283 3119 401 3167 ὁρίσαι
424 3136 453 3156 υ.
469 3124 489 3156 l.
515 3119 617 3167 ὁρίση
637 3123 715 3157 coll.
732 3124 773 3156 87
788 3135 859 3165 cap.
878 3121 890 3165 11
915 3122 968 3164 τῷ
992 3123 1113 3166 μέτρῳ
1139 3133 1217 3164 (pne

167 3169 245 3202 Coll.
268 3168 308 3202 87
330 3180 401 3210 cap.
419 3180 448 3201 v.
470 3169 489 3200 l.
520 3167 532 3211 ΙΙ
561 3169 580 3202 8
597 3158 640 3200 ιτε
664 3165 742 3209 τὴν]
767 3165 833 3209 τὴν
858 3181 916 3200 om.
947 3167 1025 3200 C'oll.
1053 3167 1093 3200 87
1120 3179 1191 3210 cap.
1219 3134 1239 3212 ῗΙ

162 3209 483 3258 9ἀδιάφθορονΜ
495 3214 573 3246 Coll.
588 3214 629 3246 87
645 3226 729 3255 cap.,
743 3214 875 3247 Nomoc.
890 3212 948 3245 XI
957 3212 1056 3252 Veii]
1082 3207 1237 3255 διάφθο-
1366 3213 1381 3245 1
1414 3211 1529 3244 multis
1554 3210 1604 3244 R²
1634 3210 1646 3253 ΙΙ
1675 3211 1694 3244 2
1724 3211 1909 3253 lagnribusv
1927 3223 1994 3245 non
2024 3213 2284 3247 hortodoxarum
2317 3215 2352 3248 V
2379 3213 2391 3259 ΙΙ

161 3271 226 3302 ρον
240 3271 316 3302 app.
326 3259 457 3292 Nomoc.
481 3254 654 3302 διάφορον
668 3259 699 3291 L
724 3255 903 3302 διάφοραν
921 3258 998 3291 Coll.
1010 3258 1052 3291 87
1067 3269 1140 3300 cap.
1153 3270 1183 3291 v.
1194 3257 1215 3290 l.
1227 3257 1240 3300 ΙΙ

162 3302 377 3349 συντήρησιν
389 3304 444 3344 Μ]
462 3302 612 3347 τήρησιν
624 3304 655 3336 L
674 3303 753 3337 Coll.
765 3305 805 3337 87
817 3316 902 3346 cap„
916 3303 1049 3336 Nomoc.
1064 3303 1123 3336 XI
1129 3303 1216 3337 Vtit.
1229 3301 1241 3348 ΙΙ

165 3352 204 3384 ’10
229 3351 286 3383 καὶ
312 3349 411 3394 εἴπερ
431 3368 472 3373 -—
496 3349 538 3382 12
559 3345 760 3392 οἰκοδομεῖν
784 3362 840 3382 om.
861 3349 940 3382 Coll.
955 3349 995 3382 87
1010 3361 1081 3391 cap.
1099 3347 1112 3392 ΙΙ
1137 3349 1178 3382 12
1191 3362 1238 3393 sq.

161 3395 192 3428 εἰ
217 3415 259 3420 -
278 3397 345 3439 μέν
367 3396 432 3436 τις]
464 3393 510 3427 Εἰ
534 3390 577 3427 δέ
603 3404 656 3427 τις
685 3390 748 3426 οὐκ
779 3389 903 3438 ἀρκοίη
936 3394 1014 3427 coll.
1041 3394 1082 3428 87
1110 3406 1181 3437 cap.
1230 3393 1241 3436 ΙΙ

165 3443 205 3474 14
230 3438 270 3475 δὲ
293 3454 351 3474 om.
374 3453 450 3484 app.
466 3440 597 3474 Nomoc.
625 3439 637 3482 ΙΙ
662 3436 772 3472 αὐτὸν
795 3441 945 3480 κτίστην
970 3451 1046 3483 app.
1071 3439 1205 3473 Nomoc.

156 3488 205 3520 215
226 3483 391 3529 βούλοιτο
415 3505 457 3509 -
483 3497 512 3519 π
536 3483 618 3525 ἆξαι
643 3483 700 3518 om.
731 3485 808 3518 Coll.
826 3485 867 3518 87
883 3497 954 3527 cap.
985 3485 997 3526 ΙΙ
1024 3496 1060 3518 τι
1085 3497 1142 3518 om.
1163 3485 1206 3518 L‘

134 3527 136 3529 ¹
162 3529 290 3565 πολλαὶ
315 3552 356 3556 —-
384 3532 424 3565 18
449 3544 507 3564 κιν
532 3527 730 3572 υνεύουσαι]
759 3528 888 3563 πολλαὶ
913 3527 1094 3572 ἐκκλησίαι
1116 3529 1240 3576 τυγχά-

163 3587 286 3610 νουσιν
315 3578 354 3611 έν
383 3579 461 3610 ταῖς
492 3577 675 3622 ἐπαρχίαις
705 3577 765 3608 καὶ
796 3576 836 3609 ἐν
866 3572 980 3617 ταύτη
1010 3574 1054 3621 τῇ
1078 3572 1241 3618 βασιλίδι

147 3629 149 3631 ’
164 3618 275 3663 πόλει,
290 3619 534 3658 κινδυνεύουσι
549 3616 830 3664 (κινδυνεύουσαι
843 3633 919 3664 app.
935 3610 1081 3663 Nomoc.)
1101 3621 1182 3655 Gon.
1197 3623 1237 3656 87

164 3668 235 3710 cap.
251 3666 264 3710 ΙΙ
284 3669 324 3703 19
337 3670 485 3713 σμικραὶ
498 3668 545 3702 M
551 3680 628 3711 app.
643 3664 790 3709 Nomoc.]
809 3667 932 3711 μικραὶ
946 3666 977 3699 L
996 3667 1074 3700 0011.
1086 3667 1127 3701 87
1138 3679 1211 3711 cap.
1228 3665 1240 3712 ΙΙ

164 3707 410 3760 ἂκοσμώτεραι
427 3715 487 3747 καὶ
511 3713 584 3756 (καὶ
600 3726 659 3747 om.
672 3714 765 3749 codd.
779 3725 886 3755 noram,
903 3714 946 3756 cs.
961 3713 992 3755 ς)
1008 3710 1158 3754 ἔξεστιν,
1180 3725 1239 3746 om.

231 3767 282 3797 111.

1309 3258 1327 3290 5
1343 3257 1531 3299 quampiam
1551 3256 1582 3288 V
1597 3255 1609 3300 ΙΙ
1634 3256 1654 3290 6
1667 3256 1720 3298 ad]
1742 3267 1761 3288 a
1774 3257 1820 3289 R¹
1834 3257 1882 3289 V¹
1901 3256 1912 3301 ΙΙ
1931 3260 1948 3291 7
1969 3257 2114 3292 diffiniat
2127 3259 2160 3292 R
2171 3260 2204 3293 V
2216 3259 2229 3304 ΙΙ
2246 3260 2265 3294 8
2278 3260 2390 3293 miste-

1307 3302 1396 3335 rium
1420 3303 1517 3345 RVn
1545 3304 1577 3334 et
1601 3314 1659 3334 om.
1678 3301 1753 3334 RV
1771 3302 1782 3345 11
1810 3302 2136 3346 *incorrumpendae
2159 3304 2390 3348 (incorrupen-

1308 3348 1368 3381 dae
1389 3349 1419 3381 V
1423 3349 1435 3390 )
1462 3348 1539 3381 libri
1563 3346 1575 3391 ΙΙ
1614 3348 1634 3381 9
1658 3347 1904 3381 obseruantiam
1928 3349 1961 3381 R
1989 3348 2011 3393 ΙΙ»
2041 3351 2082 3383 10
2107 3349 2297 3383 *uidentur
2320 3350 2397 3385 RV

1308 3393 1441 3426 videtur
1454 3393 1541 3436 vuly.
1560 3392 1572 3436 ΙΙ
1591 3394 1631 3426 13
1646 3392 1766 3425 habere
1780 3393 1867 3426 forte
1879 3394 1912 3427 R
1924 3392 1936 3439 ss
1949 3392 2105 3434 desidans'
2124 3395 2174 3428 V¹
2187 3393 2202 3460 u
2215 3397 2256 3430 14
2269 3395 2388 3429 frabri-
2413 3418 2416 3421 »

1309 3441 1401 3471 cator
1421 3439 1519 3480 V(id.
1534 3439 1590 3480 23)
1607 3438 1619 3482 ΙΙ
1636 3441 1773 3471 vocetur
1790 3451 1847 3472 om.
1861 3439 1922 3481 R1,
1941 3442 2080 3473 uocetur
2100 3442 2133 3473 et
2152 3441 2185 3474 R
2218 3440 2231 3485 ΙΙ
2250 3443 2292 3476 15
2305 3441 2389 3475 ciui-

1309 3487 1378 3517 tate
1401 3484 1493 3526 regia
1515 3484 1548 3517 V
1567 3483 1579 3527 ΙΙ
1608 3484 1649 3518 18
1671 3494 1733 3526 pro
1748 3486 1915 3523 uetustate
1939 3485 1971 3518 R
1997 3484 2009 3529 ΙΙ
2035 3486 2078 3520 20
2100 3485 2228 3531 licebit]
2252 3488 2285 3520 et
2307 3486 2388 3521 lice-

1308 3530 1359 3563 bit
1376 3530 1461 3573 vuly.
1481 3529 1493 3570 11
1519 3529 1559 3563 21
1577 3529 1778 3572 percipienti
1793 3530 1825 3563 R
1853 3531 1865 3572 ΙΙ
1887 3530 1953 3572 hic]
1978 3530 2058 3563 hinc
2078 3531 2113 3564 V
2128 3531 2141 3575 ΙΙ
2166 3531 2210 3566 22
2230 3532 2389 3567 amabiles

1310 3575 1357 3608 R¹
1374 3574 1385 3618 ΙΙ
1404 3574 1688 3608 horthodoxorum
1710 3575 1744 3608 V
1756 3576 1767 3617 ΙΙ
1792 3575 1834 3608 23
1849 3578 1882 3607 et
1897 3578 2019 3618 sacrae]
2041 3578 2073 3609 et
2089 3589 2146 3610 om.
2166 3577 2223 3621 Vn
2248 3578 2291 3612 24
2308 3579 2387 3612 sub-

1309 3619 1490 3663 expendere
1515 3620 1565 3653 R¹
1586 3620 1598 3662 ΙΙ
1625 3620 1793 3653 dedutatis
1815 3621 1868 3654 V⁰
1885 3620 1897 3664 ΙΙ
1926 3622 1969 3655 29
1983 3624 2071 3655 rubr.
2092 3621 2130 3655 Si
2153 3623 2327 3668 episcopus
2346 3625 2387 3658 ab
2442 3646 2446 3652 -

1309 3665 1447 3699 ecclesia
1465 3676 1524 3707 per
1543 3665 1685 3698 multum
1709 3668 1839 3708 tempus
1862 3666 2005 3700 defuerit
2029 3666 2070 3720 Is!
2093 3667 2127 3700 R
2151 3670 2184 3702 in
2209 3682 2311 3715 mary.
2330 3671 2385 3714 (cf.

1308 3712 1372 3746 Iul.
1394 3724 1420 3745 c.
1435 3712 1514 3754 206)
1531 3710 1543 3756 ΙΙ
1570 3712 1612 3746 30
1635 3711 1799 3755 prolatam
1827 3712 1965 3756 Vvuly]
1987 3716 2128 3756 positam
2152 3714 2186 3748 R
2399 3726 2401 3728 ·

2069 3771 2114 3805 44
