2618 4010
203 131 313 176 Nov.
343 130 422 173 LX
452 132 477 170 2

205 254 277 278 πον
311 238 448 283 τολμᾶν
485 235 569 272 τοὺς
602 235 800 291 παρέδρους
836 239 945 285 χωρὶς
984 236 1063 271 τῶν
1097 232 1287 281 ἀρχόντων

205 282 357 326 ἀκούειν,
389 280 481 317 ἀλλὰ
502 280 595 327 μετὰ
625 294 686 326 της
716 280 955 328 προςηκούσης
984 276 1212 326 σεμνότητος,
1242 276 1288 324 ἢν

206 329 271 373 ἤδη
295 326 518 372 διετάξαμεν,
550 328 628 362 τῶν
653 327 773 362 θείων
796 329 1044 374 προκειμένων
1069 323 1202 370 λογίων
1226 325 1288 359 αὖ·

205 374 285 410 τοὺς
319 372 401 408 τοὺς
435 373 610 418 ἄρχοντας
647 375 707 406 καὶ
742 369 884 407 ἀκούειν
919 373 996 406 τῶν
1025 369 1288 417 ἠγωνισμένων

207 418 383 454 ἁπάντων
416 418 539 463 ἐφεξῆς
570 420 630 452 καὶ
660 420 797 464 κρίνειν
832 416 895 452 τὰς
923 414 1120 451 «ὑποθέσεις
1150 412 1287 457 αὐτούς,

207 467 266 499 καὶ
290 462 464 506 δέχεσθαι
487 463 550 498 τὰς
573 465 719 509 ἐφέσεις,
744 462 844 509 εἴπερ
864 473 917 497 τις
937 464 1047 507 ἐφείη,
1071 462 1179 506 χωρὶς
1196 457 1287 495 ἁπά-

207 521 269 553 σης
292 505 542 555 ὑπερθέσεως,
565 508 663 543 ἔνθα
688 505 707 542 ὁ
730 507 838 552 νόμος
868 508 974 541 τοῦτο
1006 505 1179 553 γίνεσθαι
1205 516 1250 539 συ
1273 524 1288 530 -

206 557 336 600 χωρεῖ..
371 556 431 588 καὶ
455 548 564 588 αὖθις
586 553 668 588 τοὺς
691 554 817 599 ἐφέτας
850 554 888 585 ἐκ
911 548 1047 599 τρόπου
1071 549 1209 586 παντὸς
1257 548 1285 584 ι’

208 599 350 634 ἑαυτῶν
381 596 589 645 ἀκροᾶσθαι
619 598 698 633 τῶν
728 598 957 638 ὑποθέσεων,
986 593 1130 630 οὐδενὸς
1161 596 1290 642 ἑτέρως

1272 122 1357 169 328

1791 137 1853 168 ΠΤ
1882 136 2107 168 DEFUNCTI
2138 134 2222 167 SEU
2250 133 2432 167 FUNEBA

1355 233 1579 271 consiliarios
1595 234 1731 279 absque
1749 233 2097 270 administratoribus
2113 233 2250 276 audire,
2271 231 2336 268 sed
2351 242 2432 268 cum

1356 279 1572 331 competenti
1585 279 1786 322 honestate,
1805 289 1912 324 quam
1927 278 2059 316 dudum
2075 278 2328 324 disposuimus,
2346 287 2431 323 pro-

1355 325 1483 370 positis
1508 323 1749 360 sacrosanctis
1773 323 1922 370 eloquiis
1945 324 2043 374 ipsos
2067 324 2376 360 administratores
2396 323 2434 359 et

1355 369 1480 405 audire
1503 378 1595 414 quae
1617 367 1820 405 examinata
1849 371 1934 405 sunt
1962 369 2080 406 omnia
2103 371 2372 414 consequenter,
2396 369 2434 404 et

1325 419 1343 450 5
1356 414 1516 450 iudicare
1545 424 1608 450 eos
1639 413 1782 458 negotia
1816 416 1851 448 et
1879 413 2060 466 suscipere
2091 414 2367 460 appellationes,
2402 412 2434 448 si

1382 459 1436 495 uis
1462 458 1712 504 appellaverit,
1745 457 1822 494 sine
1851 458 1926 494 ulla
1954 457 2141 502 dilatione,
2172 459 2236 495 ubi
2258 459 2317 495 lex
2342 458 2434 493 haec

1381 504 1638 585 grigexgmsttit.
1673 503 1874 584 {Etarffilsgs
1897 503 2146 585 prgliatioxlilifi
2166 504 2302 585 iudliisses
2320 503 2434 539 modis

1358 559 1628 640 {rafflsulinexfissl}
1652 559 1716 630 ged
1740 559 1771 630 si
1795 558 2183 646 quidntgfelzatfipsis
2197 557 2434 640 ἶυίῗίΐεηῗὲξδῗ

208 644 382 690 πράττειν
406 643 628 697 τολμῶντος·
665 641 745 678 ἀλλ’
773 643 808 677 εἴ
826 655 862 676 τι
886 642 1029 675 τοιοῦτο
1051 642 1203 686 γένοιτο,
1230 639 1346 675 ati-10
1359 639 1642 676 ministrantibus
1681 638 1806 684 viginti
1840 638 2013 674 librarum
2046 649 2123 675 auri
2161 639 2434 676 formidantibus

207 691 286 724 τῶν
313 691 381 734 μὲν
411 702 490 724 των
525 685 714 737 ἀρχόντων
748 684 817 723 ἀνὰ
851 687 885 722 vi
911 686 979 722 ‘nti
1006 686 1181 722 librarum
1210 685 1290 721 auri

208 732 458 781 ’ὑφορωμένων
473 734 616 778 ποινήν,
637 736 715 769 τῶν
731 731 770 767 δὲ
787 735 882 778 παρέ
904 745 981 779 ρων
998 731 1034 765 οἳ
1050 732 1156 766 τοῦτο
1177 728 1289 777 πράτ-

209 794 287 815 τειν
311 778 534 827 ἐθάρρησαν,
559 781 590 814 εἰ
612 782 679 823 μὲν
695 776 883 825 συνήγοροι
907 777 989 819 εἶεν,
1014 775 1290 821 ἐκβαλλομένων

208 827 272 860 τοῦ
294 826 373 860 τῶν
397 824 632 872 λογιωτάτων
665 821 831 870 ῥητόρων
861 821 1081 869 καταλόγου,
1116 823 1147 856 εἰ
1178 819 1218 855 δέ
1247 819 1288 855 οὐ

1359 695 1531 730 poenam,
1568 684 1781 721 consiliariis
1818 685 1937 719 autem
1969 683 2029 727 qui
2059 684 2132 719 tale
2164 684 2300 730 aliquid
2329 693 2435 729 agere

1359 730 1676 776 praesumpserint,
1702 729 1733 765 si
1757 728 1898 774 quidem
1922 727 2087 764 advocati
2109 729 2192 773 sint,
2216 729 2435 775 expellendis

1359 777 1404 812 ab
1429 776 1797 821 eloquentissimorum
1821 774 2076 810 advocatorum
2099 774 2264 818 collegio,
2297 776 2328 811 si
2353 784 2435 810 vero

1359 821 1524 858 advocati
1553 832 1627 857 non
1660 822 1745 856 sunt
1776 819 1840 855 sed
1870 818 1931 854 alii
1954 818 2117 864 quidam,
2154 820 2259 855 etiam
2283 820 2434 864 cingulo,

210 868 397 917 συνήγοροι
427 870 653 905 καθεστᾶσιν
676 866 755 903 ἀλλ’
780 870 897 913 ἕτεροί
915 879 1028 910 τινες,
1059 869 1118 901 καὶ
1140 868 1201 910 τῆς
1223 866 1289 909 ζώ-
1305 870 1345 902 15
1359 867 1390 902 si
1413 866 1499 912 quid
1528 867 1701 909 habeant,
1731 864 1915 911 privandis
1948 867 1984 900 et
2015 864 2137 900 decem
2164 863 2334 901 librarum
2358 865 2436 900 auri

209 927 282 959 νης,
301 916 337 950 εἴ
347 928 432 950 τινα
451 916 577 958 ἔχοιεν,
594 912 881 961 ἀφαιρουμένων,
901 914 960 946 καὶ
977 913 1099 948 decem
1117 912 1291 948 librarum

210 961 292 998 auri
315 963 645 1007 σωφρονιζομένων
668 959 789 1006 ποινῇ.
838 955 923 992 οὐδὲ
944 957 1013 1005 γὰρ
1046 956 1101 991 δεῖ
1126 957 1207 992 τοὺς
1231 960 1291 991 καὶ

209 1005 278 1050 τὴν
303 1006 471 1049 Ζήνωνος
498 1006 561 1039 τοῦ
594 1005 655 1048 τῆς
678 1001 842 1048 εὐσεβοῦς
866 1001 996 1046 λήξεως
1020 1001 1292 1037 διαπτύσαντας

211 1051 378 1092 διάταξιν
397 1053 457 1085 καὶ
480 1050 547 1104 τὴν
563 1047 693 1096 πρώην
712 1048 779 1092 τὴν
795 1046 972 1103 ἡμετέραν
996 1051 1056 1082 καὶ
1076 1047 1143 1091 τὴν
1160 1049 1292 1101 παροιῖι-

1361 911 1575 956 castigandis
1598 920 1727 957 poena.
1775 909 1858 946 Non
1881 909 1974 945 enim
2005 912 2147 955 oportet
2169 919 2249 954 eos,
2281 910 2343 956 qui
2370 910 2435 944 Ze-

1359 957 1464 993 nonis
1488 957 1569 1003 piae
1587 956 1777 992 memoriae
1802 956 2095 1000 contempserunt
2113 955 2227 998 legem
2250 957 2286 990 et
2304 954 2438 990 dudum

1361 1006 1520 1039 nostram
1544 1005 1580 1038 et
1600 1004 1841 1047 praesentem,
1866 1000 2049 1043 arbitrari,
2082 1003 2122 1036 ut
2149 999 2309 1035 falsitate
2331 1000 2437 1035 huius

1361 1048 1500 1100 fugiant
1523 1057 1668 1093 poenas.
1716 1046 1798 1081 Erit
1819 1046 1911 1081 enim
1931 1055 2039 1081 curae
2062 1055 2128 1091 per
2143 1047 2285 1089 tempus
2308 1044 2437 1089 glorio-

211 1108 282 1132 σαν
310 1096 473 1139 οἴεσθαι,
508 1106 556 1129 ως
585 1108 639 1138 τῳ
667 1094 1089 1146 παραπροςποιησασθαι
1117 1092 1180 1128 τὰς
1209 1106 1291 1127 ταυ-
1306 1096 1348 1129 20
1362 1093 1493 1129 sissimi
1526 1093 1662 1128 comitis
1687 1101 1871 1128 sacrorum
1903 1094 2106 1127 nostrorum
2129 1090 2349 1135 privatorum
2371 1089 2438 1125 hu-

210 1154 272 1185 τηε
290 1139 549 1186 διαφεύξονται
569 1140 708 1175 ποινάς,
739 1137 882 1183 μελήσει
900 1152 970 1192 γαρ
988 1140 1042 1182 τῷ
1060 1137 1150 1173 κατὰ
1168 1138 1292 1184 καιρὸν

211 1186 435 1229 ἐνδοξοτάτῳ
455 1183 584 1230 κόμητι
603 1186 682 1219 τῶν
697 1185 816 1219 θείων
837 1183 941 1229 ἡμων
957 1183 1149 1230 πριβάτων
1164 1183 1293 1218 τούτου

211 1234 274 1267 τοῦ
298 1230 506 1280 πράγματος
529 1231 712 1266 τίθεσθαι
735 1227 922 1276 πρόνοιαν,
954 1232 1014 1262 καὶ
1038 1226 1208 1264 ἀπαιτεῖν
1231 1227 1293 1262 τὰς

211 1277 339 1314 ποινὰς
373 1279 433 1311 καὶ
467 1275 617 1324 εῖεάγειν
651 1278 725 1310 τοῖς
757 1278 925 1329 ταμείοις,
958 1270 1050 1309 ὅταν
1081 1287 1118 1308 τι
1149 1274 1292 1308 τοιοῦτο

1362 1140 1418 1174 ius
1451 1138 1504 1174 rei
1534 1138 1667 1173 habere
1698 1136 1960 1182 providentiam
1990 1138 2026 1172 et
2055 1135 2196 1180 exigere
2227 1145 2378 1181 poenam
2404 1137 2440 1169 et

1362 1184 1494 1219 inferre
1518 1183 1668 1226 aerario,
1702 1182 1785 1218 dum
1807 1181 1879 1217 tale
1902 1181 2038 1226 aliquid
2062 1181 2289 1217 commissum
2312 1180 2439 1224 fuerit3

1363 1231 1598 1274 cognoscente
1622 1228 1731 1264 etiam
1753 1228 1843 1272 ipso,
1869 1227 1952 1271 quia
1975 1227 2019 1262 de
2040 1236 2105 1262 suo
2123 1226 2213 1262 fisco
2234 1226 2439 1271 compleret,

1362 1274 1432 1310 nisi
1463 1274 1569 1311 huius
1600 1273 1654 1310 rei
1684 1272 1849 1309 habuerit
1879 1273 2140 1318 competentem
2170 1271 2437 1318 providentiam.

211 1321 504 1379 πλημμεληθείη·
539 1320 756 1368 γινώσκοντι
779 1322 839 1354 καὶ
864 1332 976 1363 αυτῳ,
1007 1317 1055 1354 ὠς
1078 1319 1227 1354 οἴκοθεν
1250 1318 1292 1354 τὸ
1307 1321 1348 1355 25

212 1367 384 1413 δημοσιον
399 1365 656 1413 αποπληρώσει
674 1363 723 1410 μὴ
740 1362 868 1399 τούτου
892 1366 1082 1409 τιθέμενος
1104 1364 1172 1408 τὴν
1191 1376 1292 1411 προς-

212 1414 236 1449 2
282 1412 439 1458 ήκουσαν
461 1409 649 1458 πρόνοιαν.
706 1408 811 1444 Ἀλλὰ
834 1410 951 1444 ταῦτα
966 1412 1033 1454 μὲν
1054 1412 1115 1444 ἐπὶ
1138 1411 1215 1445 τῶν
1234 1408 1293 1457 ἀρ-

212 1458 357 1502 χόντων
387 1456 646 1504 ψηφιζόμεθα,
682 1455 733 1490 οἷς
764 1454 805 1489 αἱ
835 1467 880 1490 πε
905 1458 918 1489 l
951 1454 994 1489 τὸ
1024 1452 1199 1500 δημόσιον
1233 1458 1294 1489 καὶ

213 1507 297 1550 περὶ
319 1501 575 1558 τὰςὶὴμετέρας
598 1500 769 1536 κελεύσεις
792 1468 955 1542 ἀσχολίαι
986 1499 1054 1544 τὴν
1078 1502 1140 1535 τοῦ
1165 1499 1213 1546 μὴ
1238 1497 1291 1534 δι’

1362 1409 1387 1445 2
1441 1409 1511 1445 Sed
1542 1409 1632 1444 haec
1664 1408 1806 1454 quidem
1835 1408 1872 1443 in
1903 1406 2251 1444 administratoribus
2283 1406 2440 1442 decerni-

1362 1465 1452 1497 mus,
1478 1454 1606 1500 quibus
1631 1454 1798 1499 publicae
1828 1455 1865 1488 et
1889 1453 1986 1488 circa
2007 1454 2151 1488 nostras
2181 1452 2357 1488 iussiones
2381 1463 2439 1487 oc-

1364 1499 1586 1545 cupationes,
1610 1506 1650 1534 ut
1670 1510 1743 1535 non
1767 1508 1831 1544 per
1852 1509 1890 1534 se
1911 1498 2057 1534 audiant
2076 1507 2216 1540 causas,
2242 1497 2442 1533 concedunt

214 1550 356 1584 ἑαυτῶν
377 1548 584 1593 ακροᾶσθαι
607 1546 650 1581 τὸ
674 1547 749 1581 πᾶν
773 1543 927 1598 διδόασιυ
941 1545 1083 1592 συγγνιό
1111 1559 1167 1589 ην.
1213 1544 1293 1580 τοὺς
1307 1548 1349 1580 30
1362 1545 1510 1581 veniam.
1559 1545 1660 1580 Alios
1685 1546 1805 1580 autem
1822 1554 1955 1587 omnes,
1981 1544 2042 1589 qui
2061 1543 2195 1579 nullam
2215 1542 2441 1578 administra-

214 1594 257 1630 δέ
276 1607 316 1642 γε
339 1592 466 1628 ἄλλους
494 1589 658 1628 ἅπαντας
688 1589 874 1633 δικαστάς,
907 1602 986 1624 οσοι
1016 1605 1065 1635 μη
1091 1595 1197 1635 εμίαν
1227 1592 1294 1635 μὲν

214 1639 326 1686 ἀρχὴν
361 1637 545 1685 ἄρχοντες,
583 1635 697 1671 δικῶν
733 1635 772 1671 δὲ
805 1638 844 1669 ἐκ
880 1634 1077 1671 κελεύσεων
1111 1635 1295 1685 ἡμετέρων

214 1682 437 1730 ἀκροώμενοι
460 1679 482 1726 ἢ
503 1685 565 1718 ἐπὶ
583 1682 714 1725 ταύτης
733 1682 794 1725 τῆς
813 1677 1023 1725 εὐδαίμονος
1043 1680 1181 1716 πόλεως
1203 1679 1224 1724 ἢ
1256 1683 1295 1715 ἐν

214 1731 351 1777 ἑτέραις
374 1728 517 1763 τοιοῦτό
548 1741 585 1763 τι
608 1727 795 1776 πράξαιεν,
825 1728 886 1760 καὶ
916 1725 998 1761 τοὺς
1022 1727 1062 1760 ἐν
1085 1725 1184 1767 τάξει
1205 1740 1294 1773 παρ-

1363 1591 1495 1626 tionem
1519 1591 1670 1632 habent,
1701 1599 1830 1625 causas
1854 1594 1974 1624 autern
2003 1599 2047 1624 ex
2066 1588 2285 1624 iussionibus
2310 1588 2442 1624 nostris

1364 1635 1514 1672 audiunt
1544 1638 1608 1671 aut
1636 1635 1673 1670 in
1701 1635 1769 1670 hac
1793 1634 1999 1670 felicissima
2024 1634 2166 1669 civitate
2194 1635 2259 1668 aut
2288 1633 2326 1668 in
2349 1634 2441 1675 aliis,

1365 1682 1396 1717 si
1418 1681 1489 1717 tale
1513 1680 1648 1726 aliquid
1672 1680 1817 1725 egerint,
1843 1683 1879 1714 et
1903 1690 1963 1715 eos
1989 1680 2049 1724 qui
2072 1680 2108 1714 in
2132 1678 2252 1714 officio
2277 1678 2441 1714 consilia-

1364 1727 1498 1763 rIorum
1533 1737 1614 1762 cum
1649 1726 1700 1761 eis
1736 1725 1932 1767 audierint,
1967 1725 2086 1760 adhuc
2122 1724 2443 1759 vehementioribus

215 1773 333 1822 ε’δρων
356 1776 669 1819 συνακροωμένους
700 1770 817 1807 αὐτοῖς
843 1772 899 1805 ἔτι
930 1769 1185 1818 σφοδροτέρους
1214 1775 1296 1816 μέτ-
1310 1775 1351 1806 35
1366 1771 1555 1825 affligimus
1574 1770 1710 1823 poenis,
1736 1770 1804 1805 nisi
1823 1780 1887 1821 per
1904 1780 2042 1805 omnem
2064 1772 2323 1814 consequenter
2346 1769 2443 1804 litem

215 1834 297 1866 ιμεν
319 1822 472 1862 ποιναῖς,
497 1820 528 1853 εἰ
550 1818 599 1863 μὴ
623 1816 683 1852 διὰ
705 1815 820 1860 πάσης
845 1817 967 1862 ἐφεξῆς
990 1818 1052 1860 τῆς
1072 1815 1169 1860 δίκης
1193 1815 1296 1851 αὐτοὶ

214 1864 306 1911 μετὰ
328 1866 406 1900 τῶν
430 1865 574 1899 οἰκείων
594 1860 790 1909 παρέδρων
813 1859 1055 1908 ἀκροάσονται
1078 1863 1140 1906 τῆς
1158 1860 1295 1896 ὑποθέ-

216 1922 315 1946 σεως.
357 1913 416 1945 καὶ
440 1907 658 1954 ἀξιωμάτων
679 1908 748 1955 γὰρ
772 1908 958 1941 ἔκπτωσιν
988 1904 1109 1942 αὐτοῖς
1131 1904 1295 1942 ἀπειλοῦ-

214 1971 282 2002 μεν
314 1958 374 1991 καὶ
395 1953 527 1998 ποινὴν
560 1952 630 1988 ἀνὰ
660 1952 788 2009 νξὲἰρῐί
810 1952 985 1988 librarum
1009 1952 1107 1997 auri,
1137 1956 1198 1986 καὶ
1223 1955 1296 1987 τοῖς

1365 1817 1436 1861 ipsi
1461 1828 1540 1852 cum
1573 1826 1648 1852 suis
1673 1815 1884 1852 consiliariis
1916 1815 2064 1851 audiant
2089 1824 2243 1850 causam.
2291 1814 2385 1850 Nam
2407 1818 2444 1849 et

1365 1863 1578 1906 dignitatum
1610 1871 1733 1897 casum
1763 1861 1813 1896 eis
1844 1861 2112 1896 interminamus
2145 1863 2181 1895 et
2211 1869 2363 1904 poenam
2392 1860 2443 1895 vi-

1366 1917 1534 1943 cenarum
1552 1907 1725 1943 librarum
1743 1906 1832 1949 auri,
1858 1909 1893 1940 et
1913 1915 2036 1942 eorum
2055 1905 2278 1942 consiliarios
2302 1915 2347 1940 ex
2364 1905 2444 1950 ipsa

1364 1953 1449 1998 pelli
1474 1952 1615 1989 civitate
1647 1952 1684 1988 in
1708 1961 1779 1996 qua
1811 1951 1900 1987 haec
1924 1952 2076 1996 egerint,
2108 1951 2255 1996 insuper
2287 1954 2322 1986 et
2344 1951 2443 1996 ipsos

216 1999 341 2044 αὐτῷν
364 1997 555 2047 παρέδρως
585 1997 628 2034 τὸ
654 2009 760 2042 αυτης
784 1996 1044 2038 ἐξελαύνεσθαι
1067 1998 1135 2052 ,τῆς
1159 1996 1296 2033 πόλεως
1309 1999 1352 2032 40
1364 1998 1509 2043 proprio
1535 1998 1662 2034 cadere
1685 1997 1831 2034 honore.

216 2049 257 2082 ἐν
279 2046 302 2094 ᾖ
325 2047 443 2081 ταῦτα
466 2043 642 2091 πράξαιεν
672 2046 732 2078 καὶ
757 2041 845 2090 πρός
872 2055 913 2089 γε
945 2045 1004 2076 καὶ
1036 2043 1142 2086 αυτῆς
1165 2044 1226 2086 τῆς
1247 2043 1296 2076 οἰ-

216 2096 312 2127 κείας
335 2093 524 2126 ἐκπίπτειν
548 2092 738 2133 ἐπιτιμίας.

217 2192 419 2220 assessores
441 2180 601 2217 audeant
622 2179 701 2215 sine
722 2176 997 2225 maqistratibus
1021 2176 1160 2219 audire,
1184 2176 1249 2212 sed
1271 2187 1351 2212 eum
1375 2186 1418 2211 ea
1443 2186 1516 2222 qua
1533 2187 1610 2223 par
1633 2180 1688 2212 est
1709 2175 1960 2218 sollemnitate,
2011 2186 2093 2211 uam
2116 2176 2189 2211 iam
2209 2175 2443 2221 definivimus,

215 2228 332 2265 sacris
354 2226 507 2279 eloquiis
529 2235 600 2273 pro
630 2224 733 2260 ositis
755 2223 833 2275 ipsi.
850 2223 1088 2274 maqistratus
1111 2226 1148 2258 et
1171 2232 1264 2268 quae
1288 2221 1384 2257 disce
1413 2224 1490 2257 tata
1513 2225 1600 2258 sunt
1625 2221 1747 2258 omnia
1771 2221 1898 2257 ordine
1922 2232 1970 2256 au
1997 2221 2084 2264 iant,
2108 2225 2143 2256 et
2163 2231 2293 2257 causas
2316 2221 2444 2257 diiudi-

217 2277 298 2310 cent
320 2273 410 2320 ipse,
434 2275 470 2307 et
492 2281 588 2318 appe
604 2269 770 2311 tationes,
801 2279 831 2304 ει
858 2278 940 2314 quis
963 2267 1214 2315 appellaverit,
1238 2267 1316 2303 sine
1339 2267 1379 2302 ul
1393 2278 1416 2302 a
1439 2265 1625 2310 dilatione,
1657 2267 1720 2303 ubi
1741 2266 1805 2303 lex
1837 2265 1906 2302 boc
1926 2266 2012 2312 fieri
2024 2266 2218 2313 permittit,
2251 2267 2443 2314 accipiant.

216 2319 380 2364 Itemque
401 2315 539 2352 iudices
561 2314 819 2362 appellationis
843 2312 1008 2349 omnibus
1026 2312 1143 2348 modis
1161 2323 1233 2359 per
1246 2323 1285 2349 se
1301 2312 1373 2359 ipsi
1395 2322 1526 2348 causas
1550 2312 1714 2355 audiant,
1738 2323 1808 2348 neu
1829 2312 2019 2358 quisquam
2039 2311 2146 2347 aliter
2166 2322 2275 2359 aqere
2295 2312 2447 2348 audeat.-

215 2363 280 2400 sed
301 2364 334 2399 si
357 2361 446 2410 quid
468 2360 642 2410 eiusmodi
662 2359 752 2405 fiat,
784 2358 857 2406 ipsi
869 2358 1021 2411 ‘quidem
1044 2358 1283 2404 maqistratus
1306 2357 1437 2404 viqinti
1459 2357 1633 2402 librarum
1658 2358 1743 2394 auri
1755 2368 1916 2404 poenam
1935 2357 2212 2403 pertimescant,
2245 2368 2447 2394 assessores

216 2420 314 2452 vero,
337 2409 400 2455 qui
423 2406 463 2443 id
485 2417 596 2453 aqere
619 2405 702 2442 ausi
723 2408 820 2447 sunt,
844 2403 1020 2450 Siquidem
1044 2402 1213 2440 advocati
1234 2403 1389 2448 fuerint,
1420 2413 1470 2439 ex
1493 2402 1809 2439 disertissimorum
1833 2406 2022 2438 oratorum
2046 2402 2238 2438 matricula
2257 2403 2446 2446 eiciantur,

215 2455 274 2491 sin
296 2464 372 2491 non
402 2456 489 2488 sunt
519 2451 688 2488 advocati
716 2450 781 2487 sed
809 2449 873 2486 alii
905 2449 981 2495 qui,
1013 2452 1049 2485 et
1072 2448 1219 2495 cinqulo
1243 2448 1276 2484 si
1299 2447 1399 2495 quod
1421 2448 1580 2485 habeant
1595 2448 1791 2495 priventur
1818 2452 1854 2484 et
1877 2447 1996 2483 decem
2021 2447 2195 2483 librarum
2215 2449 2301 2484 auri
2325 2459 2447 2495 poena

217 2501 452 2546 castiqentur.
505 2497 632 2543 Neque
655 2495 749 2532 enim
780 2506 842 2532 eos
873 2495 939 2541 qui
963 2498 999 2530 et
1023 2493 1181 2531 Zenonis
1202 2494 1288 2540 piae
1311 2493 1505 2530 memoriae
1529 2494 1824 2530 constitutionem
1854 2497 1890 2529 et
1907 2493 2073 2539 priorem
2096 2496 2258 2528 nostram
2286 2497 2321 2529 et
2335 2504 2447 2540 prae-

216 2549 352 2583 sentem
374 2554 433 2580 res
461 2542 596 2585 uerint,
626 2540 772 2578 credere
797 2542 953 2587 oportet,
985 2550 1063 2576 sese
1085 2538 1290 2575 simulando
1311 2549 1454 2585 poenas
1485 2538 1554 2574 hac
1584 2540 1666 2585 ipsa
1697 2542 1855 2574 statutas
1884 2548 2057 2574 evasuros
2087 2549 2173 2574 esse.
2222 2538 2332 2575 Dabit
2354 2540 2448 2575 enim

218 2601 367 2639 operam
396 2600 421 2635 9
437 2587 680 2624 oriosissimus
708 2597 784 2632 pro
817 2591 977 2632 tempore
1008 2595 1126 2621 comes
1154 2595 1344 2620 sacrarum
1367 2595 1488 2621 rerum
1504 2584 1753 2631 privatarum,
1785 2587 1827 2619 ut
1849 2582 1933 2618 huic
1955 2583 2009 2619 rei
2025 2582 2224 2630 provideat
2254 2587 2289 2619 et
2304 2595 2449 2630 poenas

218 2637 347 2683 exiqat
366 2639 403 2671 et
422 2634 514 2680 fiseo
538 2633 689 2679 inferat,
712 2631 745 2666 si
769 2630 859 2677 quid
880 2629 1057 2666 eiusmodi
1080 2629 1332 2675 delinquatur:
1362 2630 1426 2676 qui
1450 2630 1527 2676 ipse
1551 2640 1623 2675 quo
1651 2640 1695 2664 ue
1718 2628 1811 2664 sciat
1833 2639 1872 2664 se
1895 2628 1940 2664 de
1961 2628 2037 2663 suis
2058 2628 2148 2673 fisco
2171 2629 2449 2674 satisfacturum

217 2683 242 2718 2
288 2691 381 2723 esse,
411 2679 443 2715 si
466 2678 551 2714 huic
580 2677 635 2714 rei
665 2687 745 2713 eam
774 2686 883 2722 quam
909 2686 985 2722 par
1015 2678 1070 2711 est
1097 2684 1223 2710 curam
1254 2685 1328 2711 non
1358 2674 1535 2711 adhibeat.
1658 2674 1703 2710 ed
1732 2673 1821 2710 lzaec
1852 2673 1995 2719 quidem
2026 2672 2070 2709 de
2101 2673 2147 2707 iis
2175 2673 2450 2719 maqistratibus

219 2726 461 2767 decernimus,
494 2723 624 2770 quibus
655 2722 818 2758 diversae
850 2721 949 2756 circa
978 2720 1107 2766 fiscum
1138 2723 1172 2756 et
1202 2720 1301 2756 circa
1332 2720 1509 2757 iussiones
1539 2723 1686 2755 nostras
1717 2718 1974 2764 occupationes
2004 2718 2145 2754 veniam
2176 2717 2282 2761 dant,
2313 2719 2346 2754 si
2375 2730 2449 2755 non

216 2783 288 2819 per
309 2782 349 2808 se
371 2770 443 2818 ipsi
475 2772 588 2805 totam
617 2778 764 2804 causam
797 2766 958 2803 audiant.
1009 2765 1153 2802 Ceteros
1177 2769 1297 2801 autem
1328 2776 1451 2801 omnes
1473 2764 1628 2807 iudices,
1660 2765 1725 2810 qui
1747 2764 1849 2799 nullo
1881 2763 2023 2810 quidem
2047 2762 2263 2809 maqistratu
2286 2764 2449 2810 fungun-

220 2823 290 2860 tur,
323 2817 403 2853 lites
435 2817 554 2851 autem
584 2824 636 2850 ex
665 2812 803 2848 nostris
832 2811 1052 2847 iussionibus
1082 2810 1246 2853 audiunt,
1279 2810 1341 2846 ubi
1363 2811 1437 2847 sive
1464 2810 1502 2846 in
1530 2809 1599 2845 leae
1627 2809 1732 2855 felici
1758 2808 1846 2845 urbe
1876 2809 1950 2843 sive
1979 2808 2018 2843 in
2042 2808 2125 2844 aliis
2156 2808 2332 2844 eiusmodi
2361 2810 2451 2855 quid

220 2863 376 2913 eqerint,⁸
395 2864 430 2897 et
448 2870 512 2897 eos
535 2860 601 2906 qui
621 2859 660 2894 in
683 2867 906 2894 assessorum
929 2867 1079 2892 numero
1103 2867 1178 2892 una
1197 2866 1277 2891 cum
1297 2855 1371 2891 illis
1394 2866 1525 2891 causas
1549 2854 1713 2899 audiunt,
1725 2854 1832 2891 etiam
1854 2852 2086 2901 qravioribus
2106 2853 2236 2899 poenis
2285 2864 2448 2900 erseque-

219 2919 314 2951 mur,
343 2917 375 2942 ει
404 2916 480 2941 non
509 2916 579 2951 per
610 2906 724 2939 totam
747 2902 916 2949 deinceps
944 2901 1040 2938 litem
1070 2901 1143 2948 ipsi
1171 2912 1252 2937 cum
1283 2901 1360 2936 suis
1391 2900 1633 2936 assessoribus
1665 2910 1812 2936 causam
1841 2898 2003 2934 audiant.
2051 2898 2146 2933 Nam
2172 2902 2207 2933 et
2255 2899 2449 2944 zqnitatum

221 2952 450 2989 amissionem
471 2950 518 2986 iis
539 2949 720 2984 minamur
742 2951 778 2984 et
797 2958 952 2994 poenam
976 2947 1105 2993 viqinti
1128 2946 1302 2983 librarum
1326 2946 1420 2988 auri,
1450 2949 1486 2981 et
1508 2945 1752 2981 assessoribus
1779 2955 1904 2981 eorum
1928 2943 2016 2989 fore
2047 2947 2089 2979 ut
2112 2954 2161 2979 ex
2185 2944 2267 2989 ipsa
2291 2944 2446 2987 civitate,

221 2999 260 3033 in
284 3008 358 3044 qua
381 2996 470 3032 haec
492 2995 644 3042 eqerint,
668 2992 903 3040 expellantur
926 2994 1035 3039 atque
1058 2992 1207 3038 insuper
1230 2991 1351 3027 notati
1366 2991 1547 3037 propriae
1569 2991 1850 3027 eoeistimationis
1873 2990 2051 3024 iacturam
2069 2989 2224 3034 faciant.

263 3093 285 3124 6
300 3089 445 3135 ἐφέσεις]
458 3084 520 3121 τὰς
530 3082 612 3119 κατ’
630 3081 753 3119 αὐτῶν
766 3085 843 3119 add.
853 3083 905 3118 Bt
917 3083 930 3128 11
949 3084 1041 3128 ἐφίει
1051 3085 1101 3118 B⁸
1116 3082 1129 3123 ΙΙ
1149 3085 1167 3117 7
1180 3082 1300 3124 τοῦτο]

222 3137 337 3171 haece
354 3133 368 3178 11
393 3135 435 3168 10
458 3129 594 3172 αὐτῶν]
619 3127 817 3175 παρόντων
831 3130 863 3163 L
889 3129 901 3172 11
929 3131 967 3164 11
994 3129 1116 3171 viginti
1138 3127 1301 3161 librarum

224 3181 299 3214 auri
311 3180 368 3220 M]
385 3177 496 3212 εἴκοσι
512 3174 648 3221 λιτρῶν
663 3177 807 3221 χρυσίου
821 3175 867 3208 Μ
871 3187 897 3208 s.
907 3187 948 3216 v.,
961 3174 1011 3207 B⁶
1032 3173 1143 3208 εἴκοσι
1158 3174 1301 3218 χρυσίου

225 3224 360 3272 λιτρῶν
373 3222 458 3257 LB!
470 3222 483 3267 11
503 3223 544 3256 12
557 3218 840 3265 ἀφηρημένωνΕ
858 3219 870 3263 11
893 3219 1011 3260 τοῦτο]
1034 3219 1101 3252 tale
1118 3217 1246 3260 aliquid
1259 3215 1295 3262 ς1

227 3273 268 3305 12
277 3283 324 3314 sq.
340 3266 551 3320 ἐθάρρησαν
569 3278 597 3300 π
621 3265 742 3299 άττειν
755 3266 787 3299 L
806 3265 818 3309 11
844 3266 886 3298 14
901 3264 965 3298 τοῦ
982 3264 1070 3305 τῶν]
1092 3262 1234 3297 τούτων
1248 3263 1295 3306 L}

230 3319 269 3350 15
283 3314 519 3349 καθεστωσιν
527 3312 579 3346 Bt
599 3279 619 3355 ff
632 3313 673 3345 16
687 3311 797 3344 decem
809 3310 970 3343 librarum
986 3310 1061 3342 auri
1071 3310 1130 3349 M]
1152 3305 1237 3341 δέκα
1254 3305 1302 3340 λι-

227 3360 325 3405 τρῶν
347 3361 490 3404 χρυσίου
515 3358 648 3398 Με.υ.,
669 3356 739 3388 LB
768 3355 781 3400 11
812 3357 851 3389 17
879 3351 934 3387 δεῖ
952 3354 1067 3395 ΕΒῙς]
1101 3351 1145 3395 δὴ
1171 3353 1262 3386 MB⁶
1293 3351 1304 3395 11

228 3407 267 3439 21
294 3401 458 3448 μελλήσει
483 3403 514 3436 L
540 3402 554 3447 11
575 3401 642 3444 τῷ]
667 3399 709 3434 τὸ
734 3401 780 3434 Μ
798 3400 811 3443 11
842 3401 884 3434 22
908 3398 1101 3444 πριβάτων
1125 3400 1161 3440 (s.
1176 3411 1205 3431 v.
1227 3394 1304 3440 ἤτοι

230 3447 442 3492 ἰδιοκτήτων
455 3449 515 3490 Μ)
530 3447 614 3488 ML]
640 3442 854 3487 ἱδιοκτήτων
866 3445 902 3478 Β
920 3444 932 3487 11
956 3445 998 3477 23
1019 3443 1213 3483 τίθεσθαι]
1237 3440 1304 3484 τὴν

231 3493 470 3537 προςήκουσαν
483 3491 665 3527 τίθεσθαι
679 3489 730 3524 Bt
741 3489 754 3529 ΙΙ
774 3492 815 3524 25
830 3490 884 3522 τῶ
897 3486 1059 3532 δημοσίω
1073 3490 1150 3530 L(;)
1169 3487 1182 3532 11
1206 3489 1248 3522 30
1262 3484 1302 3520 τὸ

231 3538 316 3579 πᾶν]
337 3549 448 3571 causas
465 3550 483 3575 ς
501 3537 570 3582 1131
590 3534 759 3570 δικαστὰς
782 3548 839 3568 om.
855 3546 873 3571 ς
897 3534 909 3576 11
932 3535 998 3577 μὲν
1023 3547 1081 3567 om.
1095 3534 1126 3567 L
1144 3533 1156 3577 11
1181 3533 1224 3566 32
1244 3528 1303 3575 ἄρ-

231 3585 363 3623 χοντες]
378 3584 514 3623 ἔχοντες
524 3582 617 3624 ΒῙ(ς)
635 3581 647 3625 11
665 3582 707 3615 33
721 3577 742 3623 ἢ
755 3580 827 3621 ἐπὶ]
844 3578 876 3612 εἰ
889 3579 948 3613 ἐπὶ
958 3578 1008 3612 ΒΓ
1022 3578 1035 3623 11
1053 3580 1096 3612 34
1109 3577 1281 3623 ἑτέροιςβ
1293 3576 1305 3618 11

234 3628 276 3661 35
301 3623 423 3660 αὐτῶν
448 3629 497 3661 13⁶
512 3627 525 3671 11
554 3630 720 3670 μέτειμεν
743 3626 775 3659 L
798 3625 811 3669 11
839 3626 880 3659 37
905 3620 1157 3668 ἀκροάσωνται
1180 3623 1270 3665 Β(ς)
1294 3619 1306 3665 11

233 3673 277 3706 38
293 3671 360 3717 γὰρ
375 3685 435 3705 om.
447 3673 478 3704 L
493 3671 507 3715 11
531 3674 574 3706 39
587 3671 709 3714 viginti
723 3671 853 3704 libratu
870 3671 946 3703 auri
960 3670 1018 3711 M,
1042 3667 1153 3702 εἴκοσι
1171 3665 1306 3711 λιτρῶν

233 3719 377 3763 χρυσίου
396 3716 529 3758 Mam,
544 3717 613 3749 LB
637 3716 649 3760 11
674 3718 717 3750 40
738 3715 792 3758 τὸ]
814 3715 870 3760 τῷ
893 3715 945 3749 Bc
969 3714 982 3759 11
1009 3715 1048 3748 41
1076 3713 1137 3757 τῆς
1160 3725 1218 3747 om.
1233 3713 1271 3747 B
1293 3711 1306 3757 11

1369 3083 1412 3116 42
1438 3082 1617 3125 ἐπιτιμίας
1640 3095 1722 3116 corr.
1737 3094 1776 3116 ex
1799 3082 2033 3123 έπιυνομίας
2053 3080 2085 3113 L
2107 3080 2222 3123 (τιμῆς
2237 3093 2263 3113 s.
2277 3093 2306 3114 v.
2319 3080 2382 3124 L’)

1415 3174 1435 3206 6
1459 3173 1522 3205 hoo
1546 3173 1631 3216 vulq.
1661 3171 1674 3216 11
1704 3172 1745 3205 12
1770 3170 1901 3203 auocati
1933 3171 2001 3203 VT
2025 3170 2037 3213 11
2066 3170 2134 3202 sint
2165 3170 2243 3210 VT]
2279 3171 2358 3202 sunt
2381 3170 2414 3202 R

1374 3219 1414 3252 14
1438 3219 1517 3250 sunt
1528 3217 1574 3258 R]
1598 3217 1666 3250 sint
1687 3215 1755 3250 VT
1774 3214 1786 3260 11
1819 3217 1860 3250 15
1885 3214 1938 3248 ‘si
1963 3215 2096 3257 quidem
2122 3216 2198 3249 libri
2211 3214 2224 3258 11
2242 3213 2366 3246 habent
2387 3213 2418 3246 V

1373 3264 1414 3297 16
1439 3273 1492 3295 eos
1517 3262 1623 3295 om.R
1653 3260 1665 3304 11
1695 3262 1736 3296 18
1761 3262 1799 3293 ut
1823 3260 1883 3302 R¹]
1916 3262 1955 3293 ut
1979 3270 2180 3302 quamquam
2201 3258 2288 3292 VT¹
2322 3259 2360 3289 ut
2383 3267 2445 3289 un-

1371 3318 1470 3349 quam
1490 3307 1541 3340 R2
1551 3307 1602 3340 T2
1619 3306 1632 3350 11
1654 3305 1826 3338 *falsitate
1851 3307 1976 3349 (possis
1994 3307 2087 3339 etiam
2107 3303 2330 3343 falsitatibuffl
2354 3300 2444 3333 salsi-

1372 3353 1450 3384 tatis
1468 3353 1544 3386 libri
1558 3351 1569 3396 11
1592 3354 1631 3387 19
1651 3351 1739 3384 enim
1759 3351 1823 3383 erit
1844 3351 1898 3394 Vss
1916 3351 2100 3392 gloriosimi
2113 3351 2147 3383 R
2169 3345 2366 3390 gloriossimi
2388 3345 2422 3377 V
2434 3345 2445 3388 11

1373 3399 1413 3431 21
1438 3407 1525 3438 pena
1545 3397 1579 3430 V
1598 3396 1611 3440 11
1639 3398 1681 3431 23
1705 3395 1884 3439 compleret
1907 3396 1953 3436 R]
1984 3395 2147 3438 complere
2168 3393 2250 3430 VT;
2276 3391 2336 3433 leq.
2358 3400 2445 3422 com-

1371 3441 1499 3484 plebit?
1529 3441 1542 3486 11
1573 3442 1616 3476 28
1639 3441 1784 3474 iusiones
1815 3441 1850 3475 V
1872 3439 1885 3484 11
1917 3442 1958 3474 30
1985 3441 2031 3473 Ut
2055 3437 2263 3486 magistram?
2283 3433 2444 3485 Constan-

1372 3486 1594 3528 tinopolitane
1624 3485 1772 3520 ciuitatis
1802 3486 1840 3519 in
1871 3484 2150 3519 conuentionibus
2178 3482 2275 3513 certis
2306 3479 2445 3511 audiant

1373 3531 1514 3573 (adiiant
1530 3544 1568 3566 m.
1583 3533 1609 3574 1)
1634 3534 1666 3564 et
1688 3531 1887 3564 sententiam
1904 3531 2057 3573 (sentiam
2077 3527 2152 3567 m.1)
2173 3524 2286 3557 dicant
2311 3524 2343 3556 R
2356 3526 2443 3557 rubr.

1372 3578 1405 3610 in
1429 3589 1530 3621 marq.
1556 3578 1608 3619 (ex
1620 3576 1698 3618 Iul.)
1724 3575 1737 3621 11
1767 3577 1810 3610 32
1835 3577 1893 3609 aut
1916 3575 1953 3608 in
1976 3575 2049 3614 hac]
2081 3573 2188 3603 autem
2212 3569 2249 3601 in
2273 3569 2335 3601 hac
2359 3568 2407 3601 R¹
2431 3567 2443 3613 11

1372 3623 1417 3655 34
1440 3621 1559 3663 adhuc]
1592 3632 1668 3654 oum
1691 3621 1799 3654 adhuc
1821 3621 1855 3655 V
1871 3620 1884 3663 11
1913 3621 1955 3654 35
1979 3615 2214 3657 consequenter
2237 3613 2298 3654 13¹]
2331 3623 2443 3646 conse-

1373 3668 1510 3708 quentes
1530 3665 1677 3709 VR²T11
1700 3667 1742 3700 36
1755 3665 1835 3708 ipsis
1855 3664 1903 3698 V¹
1918 3663 1932 3707 11
1957 3658 2206 3709 concilim-iuriis
2224 3657 2279 3701 711
2305 3658 2444 3709 37.ιιίοἰ-

1373 3722 1492 3745 narum
1513 3711 1572 3757 Vl]
1595 3712 1638 3746 38
1657 3710 1732 3744 auri
1752 3710 1913 3743 librarum
1930 3706 1964 3740 R
1986 3706 1999 3750 11
2022 3706 2065 3740 39
2084 3702 2178 3747 pelli]
2199 3702 2353 3745 compelli
2366 3703 2400 3736 R
