2618 4010
114 159 117 162 ‚
169 121 418 153 snFFRAfflo
442 121 577 154 FIANT
1255 106 1310 154 87
1973 110 2079 154 Nov.
2112 110 2211 154 VIII
2239 111 2402 157 Notitia

213 222 259 270 τῇ
277 220 375 262 τάξει
394 223 472 256 τῶν
486 219 734 262 ἐνδοξοτάτων
754 220 923 268 ἐπάρχων
936 219 1024 270 ὑπὲρ

258 265 527 321 προςτάγματος
1071 279 1150 311 νομ.
1174 265 1223 303 λς’

166 312 215 348 39
259 309 347 347 'Ano
371 325 433 347 του
458 310 627 360 ἄρχοντος
643 310 856 359 Ἀραβίας
885 309 1014 348 οὕτως·
1317 311 1364 348 27
1411 313 1443 348 A
1467 312 1584 348 iudice
1607 311 1806 348 Arabiae
1830 313 1879 348 ita
1904 317 1944 348 ut
1967 324 2087 359 supra.

212 360 285 392 τοῖς
297 357 550 404 περιβλέπτοις
567 356 836 404 χαρτουλαρίοις
850 361 946 406 τρισὶ
960 360 1023 393 τοῦ

256 403 360 437 θείου
379 401 627 448 κουβουκλείου
1068 416 1147 448 νομ.
1171 399 1211 437 θ’
1284 408 1303 440 5

209 448 265 492 τῷ
278 452 497 495 πριμικηρίῳ
509 449 587 483 τῶν
600 446 869 495 λαμπροτάτων
881 447 1022 496 τριβού-

256 506 335 527 νων
356 497 540 540 νοταρίων
1069 507 1148 537 νομ.
1175 493 1213 528 ιε’

211 539 266 582 τῷ
290 535 398 573 αὐτοῦ
422 539 557 584 βοηθῷ
1069 553 1148 584 νομ.
1170 537 1203 587 γ’

210 585 255 632 τῇ
270 581 371 625 τάξει
389 585 467 619 τῶν
485 582 734 626 ἐνδοξοτάτων
754 583 923 632 ἐπάρχων
935 583 1025 632 ὑπὲρ

256 626 524 677 προςτάγματος
1069 643 1148 674 νομ.
1175 628 1224 667 λς’
1266 635 1305 667 10

165 675 214 710 40
257 673 346 710 Ἀπὸ
369 677 433 709 τοῦ
452 674 624 723 ἄρχοντος
649 673 708 710 Εὐ
718 690 772 724 φρ
782 688 864 718 ατη
877 678 953 709 σία
964 686 980 709 ς
998 671 1125 710 οὕτως·
1318 674 1367 712 28
1413 676 1446 711 A
1469 676 1586 712 iudice
1610 676 1800 712 Eufrate
1810 676 1904 712 siae
1928 677 1979 712 ita
2003 678 2044 712 ut
2067 687 2188 722 supra.

209 722 281 754 τοῖς
300 719 552 766 περιβλέπτοις
571 720 837 769 χαρτουλαρίοις
848 723 944 767 τρισὶ
957 721 1021 754 τοῦ

254 766 359 800 θἐίου
383 765 629 810 κουβουκλείου
1070 778 1149 811 νομ.
1174 763 1215 800 θ’

211 811 262 854 τῷ
276 815 494 859 πριμικηρίῳ
510 813 587 847 τῶν
602 811 870 859 λαμπροτάτων
882 809 1023 858 τριβού-

256 870 334 890 νων
357 861 541 903 νοταρίων
1067 869 1146 901 νομ.
1173 856 1212 890 ιε’
1264 861 1304 893 15

211 902 264 945 τῷ
288 899 397 937 αὐτοῦ
420 903 550 947 βοηθ·ί”
802 905 806 908 ’
1066 915 1145 946 νομ.
1170 901 1203 948 γ’

211 949 254 995 τῇ
275 946 373 987 τάξει
391 949 469 982 τῶν
482 917 729 989 ἐνδοξοτάτων
748 946 917 995 ἐπάρχων
931 944 1021 994 ὑπὲρ

255 991 523 1040 προςτάγματος
1068 1006 1146 1038 νομ.
1172 991 1221 1030 λς’

164 1037 208 1072 41
253 1037 340 1073 ’Ano
362 1040 424 1072 τοῦ
444 1038 614 1084 ἄρχοντος
635 1041 1001 1082 Μεσοποταμίας
1024 1034 1154 1072 οὕτως·
1316 1036 1366 1072 29
1411 1038 1444 1072 A
1468 1037 1585 1072 iudice
1610 1038 1974 1084 Mesopotamiae
1998 1040 2047 1074 ita
2072 1042 2257 1085 utsupra.

210 1086 282 1117 τοῖς
294 1082 545 1130 περιβλέπτοις
563 1082 832 1131 χαρτουλαριόις
846 1087 943 1130 τρισὶ
957 1084 1021 1117 τοῦ
1261 1086 1304 1119 20

255 1129 359 1162 θείου
379 1127 625 1173 κουβουκλειόυ
1069 1142 1149 1174 νομ.
1173 1126 1214 1163 θ’

211 1174 264 1218 τῷ
278 1177 496 1221 πριμικηρίῳ
505 1174 584 1208 τῶν
598 1171 866 1222 λαμπροτάτων
878 1172 1021 1222 τριβού-

256 1232 334 1253 νων
356 1222 540 1267 νοταρίων
1068 1233 1146 1265 νομ.
1173 1220 1213 1255 ιε’

210 1265 265 1308 τῷ
288 1261 398 1298 αὐτοῦ
422 1264 556 1308 βοηθῷ
1069 1279 1148 1311 νομ.
1172 1264 1203 1313 γ’

210 1311 257 1357 τῇ
276 1307 375 1350 τάξει
392 1310 471 1344 τῶν
483 1309 734 1351 ἐνδοξοτάτων
753 1309 921 1357 ἐπάρχων
933 1307 1024 1358 ὑπὲρ
1261 1314 1302 1346 25

255 1351 524 1409 προςτάγματος
681 1372 683 1374 ·
1069 1369 1152 1410 νομ.(
1173 1356 1223 1394 λς’

163 1399 212 1434 42
255 1397 343 1434 Ἀπο
368 1413 432 1435 του
456 1401 626 1446 ἄρχοντος
646 1405 699 1435 Κι
709 1400 747 1435 λι
758 1405 854 1436 κίας
880 1400 1090 1448 δευτέρας
1119 1399 1246 1437 οὕτως·
1315 1400 1366 1437 30
1411 1403 1443 1436 Α
1467 1401 1584 1437 ἰιιᾶίοθ
1609 1402 1794 1437 Ciliciae
1818 1413 1864 1438 Se
1876 1403 2024 1439 cunda
2035 1415 2054 1440 e
2079 1405 2129 1440 ita
2152 1407 2335 1451 utsupra.

209 1448 282 1479 τοῖς
295 1444 547 1493 περιβλέπτοις
564 1445 832 1494 χαρτουλαριόις
843 1450 940 1495 τρισὶ
959 1448 1023 1482 τοῦ

254 1491 360 1525 θείου
384 1490 631 1536 κουβουκλείου
1067 1506 1147 1537 νομ.
1169 1491 1210 1527 θ’

209 1537 262 1580 τῷ
276 1541 496 1584 πριμικηρίῳ
509 1538 588 1572 τῶν
600 1536 868 1586 λαμπροτάτων
880 1537 1022 1585 τριβού-
1261 1542 1303 1574 30

255 1595 334 1616 νων
356 1586 539 1630 νοταρίων
1069 1597 1147 1629 νομ.
1174 1581 1215 1619 ιε’
1261 1610 1264 1611 ⁷

210 1627 263 1671 τῷ
290 1624 400 1662 αὐτοῦ
419 1628 553 1672 βοηθῷ
1070 1643 1148 1674 νομ.
1173 1627 1205 1677 γ’

209 1674 254 1721 τῇ
273 1671 373 1714 τάξει
393 1674 472 1708 τῶν
487 1673 737 1715 ἐνδοξοτάτων
752 1671 922 1721 ἐπάρχων
933 1670 1024 1721 ὑπὲρ

255 1715 524 1765 προςτάγματος
580 1729 582 1731 ’
1069 1733 1148 1766 νομ.
1173 1719 1226 1758 λς’

165 1763 213 1799 43
255 1759 343 1798 Ἀπὸ
371 1765 434 1798 τοῦ
462 1762 632 1813 ἄρχοντος
651 1760 690 1799 ’A
728 1769 883 1810 μενίας
914 1763 1088 1813 πρώτης
1119 1763 1304 1801 oinos-35
1317 1763 1361 1800 31
1409 1765 1442 1799 A
1466 1765 1583 1800 iudice
1609 1766 1849 1801 Armeniae
1873 1767 2043 1812 primae
2066 1767 2117 1802 ita
2142 1771 2181 1803 ut
2205 1779 2324 1813 supra.

209 1812 282 1843 τοῖς
295 1808 548 1856 περιβλέπτοις
565 1778 830 1858 χαρτουλαρίοις
846 1814 942 1858 τρισὶ
956 1812 1021 1845 τοῦ

255 1854 358 1888 θείου
381 1854 630 1900 κουβουκλείου
1069 1869 1150 1902 νομ.
1176 1855 1215 1891 θ’

210 1900 263 1944 τῷ
278 1905 495 1947 πριμικηρίῳ
508 1902 586 1935 τῶν
599 1898 868 1948 λαμπροτάτων
879 1901 1022 1949 τριβού-

257 1959 335 1980 νων
355 1950 538 1993 νοταρίων
1069 1961 1150 1993 νομ.
1177 1949 1218 1982 ιε’

211 1991 266 2035 τῷ
292 1989 403 2025 αὐτοῦ
426 1992 559 2036 βοηθῷ
1070 2006 1149 2038 νομ.
1175 1993 1206 2041 γ’
1262 1997 1305 2030 40

211 2037 256 2083 τῇ
277 2034 375 2077 τάξει
391 2038 470 2071 τῶν
482 2035 731 2078 ἐνδοξοτάτων
753 2036 921 2086 ἐπάρχων
933 2037 1024 2086 ὑπὲρ

258 2080 526 2138 ,προςτάγματος
1068 2097 1147 2129 νομ.
1175 2083 1225 2122 λς’

165 2126 215 2162 44
257 2130 345 2161 Λπο
369 2140 432 2161 του
456 2126 625 2175 ἄρχοντος
646 2127 868 2163 Γαλατίας
886 2127 1094 2178 δευτέρας
1119 2127 1249 2164 οὕτως·
1317 2127 1367 2164 32
1414 2128 1447 2161 Α
1471 2129 1589 2163 iudice
1614 2130 1830 2165 Galatiae
1863 2130 2094 2164 secundae
2128 2130 2176 2164 ita
2210 2134 2248 2164 ut
2281 2141 2400 2175 supra.

209 2175 283 2207 τοῖς
302 2171 552 2220 περιβλέπτοις
570 2174 838 2221 χαρτουλαρίοις
849 2178 945 2220 τρισὶ
957 2176 1021 2209 τοῦ

256 2218 361 2252 θείου
384 2217 630 2263 κουβουκλείου
729 2243 731 2245 .
1069 2233 1148 2265 νομ.
1175 2220 1213 2254 θ’
1262 2224 1305 2255 45

211 2263 264 2307 τῷ
278 2267 497 2311 πριμικηρίῳ
511 2264 590 2298 τῶν
602 2262 870 2310 λαμπροτάτων
882 2264 1024 2310 τριβού-

257 2321 335 2342 νων
358 2312 541 2355 νοταρίων
1071 2322 1150 2354 νομ.
1178 2308 1218 2343 ιε’

213 2354 266 2396 τῷ
293 2350 400 2386 αὐτοῦ
425 2353 557 2396 βοηθῷ
1070 2367 1151 2398 νομ.
1171 2353 1203 2401 y'

213 2399 258 2445 τῇ
273 2395 373 2437 τάξει
389 2398 467 2431 τῶν
485 2395 734 2438 ἐνδοξοτάτων
753 2396 922 2444 ἐπάρχων
933 2395 1024 2444 ὑπὲρ

260 2440 526 2488 προςτάγματος
1067 2457 1146 2488 νομ.
1173 2442 1223 2480 λς’
1265 2448 1306 2480 50

168 2487 217 2523 45
260 2485 347 2522 Ἀπὸ
367 2488 431 2521 τοῦ
450 2486 620 2533 ἄρχοντος
639 2484 913 2536 Ὁνωριάδος
935 2485 1065 2523 οὕτως·
1318 2489 1369 2525 33
1415 2491 1447 2524 A
1470 2490 1586 2525 iudice
1611 2489 1899 2524 Honoriadis
1924 2490 1974 2524 ita
1998 2491 2039 2524 ut
2063 2500 2182 2534 supra.

213 2535 286 2567 τοῖς
305 2531 556 2580 περιβλέπτοις
574 2532 841 2581 χαρτουλαρίοις
853 2538 948 2581 τρισὶ
962 2536 1027 2568 τοῦ

257 2578 364 2611 θείου
387 2577 632 2622 κουβουκλειόυ
1070 2593 1148 2621 νομ.
1173 2578 1213 2614 θ’

213 2623 267 2666 τῷ
281 2626 500 2670 πριμικηρίῳ
512 2625 590 2658 τῶν
605 2622 873 2671 λαμπροτάτων
887 2622 1026 2671 τριβού-

258 2681 336 2702 νων
357 2672 541 2714 νοταρίων
1071 2683 1152 2714 νομ.
1175 2667 1213 2704 ιε’
1267 2674 1309 2706 55

214 2714 267 2757 τῷ
290 2711 398 2747 αὐτοῦ
419 2714 552 2758 βοηθῷ
1071 2729 1150 2760 νομ.
1173 2714 1204 2763 y'

167 2804 214 2842 39
259 2804 481 2839 sissimorum
503 2806 776 2851 praefectorum
794 2817 869 2852 pro
893 2807 1052 2842 iussione
1074 2807 1140 2841 sol.
1167 2810 1221 2841 36.
1314 2806 1346 2841 A
1396 2806 1538 2841 raeside
1558 2807 1756 2841 Arabiae
1779 2808 1853 2842 sic:
1885 2807 2143 2854 spectabilibus
2166 2807 2403 2844 chartulariis

171 2848 285 2884 tribus
303 2850 404 2884 sacri
425 2849 579 2884 cubiculi
609 2850 676 2886 sol.
699 2853 732 2892 9,
761 2852 974 2897 primicerio
997 2851 1281 2886 clarissimorum
1310 2851 1358 2886 tri
1382 2862 1536 2885 unorum
1555 2852 1784 2887 notariorum
1807 2852 1873 2886 sol.
1903 2857 1952 2894 15,
1992 2853 2069 2888 eius
2090 2853 2254 2889 adiutori
2281 2854 2347 2889 sol.
2369 2858 2401 2895 3,

167 2896 214 2933 40
261 2905 282 2929 o
308 2894 388 2929 “icio
413 2894 759 2942 qloriosissimorum
792 2897 1068 2942 praefectorum
1098 2908 1172 2944 pro
1206 2896 1367 2931 iussione
1401 2896 1467 2931 sol.
1497 2899 1548 2931 36.
1687 2898 1718 2931 Α
1753 2897 1924 2943 praeside
1957 2896 2304 2944 Euphratensis
2333 2900 2403 2934 sic:

167 2908 423 2985 spectabilibus
457 2939 692 2975 chartulariis
725 2940 840 2975 tribus
874 2942 975 2976 sacri
1005 2941 1162 2977 cubiculi
1190 2941 1257 2976 soi.
1283 2945 1316 2983 9,
1342 2941 1554 2987 primicerio
1590 2941 1873 2976 clarissimorum
1909 2942 2135 2978 tribunorum
2172 2945 2401 2979 notariorum

167 2986 213 3023 41
258 2984 324 3019 sol.
351 2987 402 3026 15,
437 2986 515 3020 eius
538 2985 702 3020 adiutori
720 2985 787 3021 sol.
813 2990 845 3028 3,
881 2986 1007 3032 officio
1034 2986 1378 3031 aloriosissimorum
1395 2986 1674 3038 praefectorum
1722 2998 1765 3021 ro
1790 2987 1950 3022 iussione
1980 2988 2044 3022 sol.
2072 2991 2124 3023 36.
2240 2989 2272 3040 A
2291 3000 2401 3035 prae-

168 3029 245 3064 side
269 3027 632 3076 Mesopotamiae
655 3030 727 3065 sic:
762 3030 1016 3077 spectabilibus
1032 3026 1277 3067 'chartulariis
1303 3031 1416 3066 tribus
1439 3041 1535 3066 sacri
1561 3029 1716 3066 cubicu'i
1739 3032 1804 3067 sol.
1830 3035 1863 3074 9,
1882 3033 2094 3078 primicerio
2120 3033 2401 3069 clarisszmorum

171 3073 397 3108 tribunorum
422 3075 649 3109 notariorum
673 3076 739 3111 sol.
769 3080 821 3117 15,
857 3076 934 3111 eius
958 3077 1120 3111 adiutori
1142 3077 1209 3112 sol.
1236 3081 1268 3118 3,
1302 3076 1428 3122 officio
1460 3076 1806 3127 gloriosissimorum
1834 3078 2111 3123 praefectorum
2172 3089 2216 3113 ro
2243 3079 2403 3114 iussione

168 3119 215 3157 42
260 3119 327 3154 sol.
353 3122 405 3154 36.
498 3121 529 3154 A
547 3120 722 3171 praeside
747 3120 940 3156 Ciliciae
962 3121 1189 3157 secundae
1211 3122 1281 3156 sic:
1309 3120 1564 3167 spectabilibus
1588 3121 1824 3156 chartulariis
1844 3122 1957 3157 tribus
1979 3123 2077 3157 sacri
2100 3090 2255 3158 cugiculi
2277 3123 2342 3158 sol.
2369 3127 2402 3166 9,

168 3163 379 3210 primicerio
411 3163 694 3200 clarisszmorum
732 3166 956 3201 tribunorum
987 3166 1216 3201 notariorum
1249 3166 1315 3202 sol.
1346 3170 1397 3208 15,
1430 3167 1507 3201 eius
1538 3166 1700 3201 adiutori
1733 3167 1799 3201 sol.
1826 3170 1858 3209 3,
1896 3168 2023 3213 officio
2059 3168 2401 3214 qloriosissimorum

167 3209 215 3246 43
258 3220 351 3255 prae
372 3213 532 3244 cetorum
562 3221 636 3255 pro
670 3210 831 3246 iussione
866 3210 930 3246 sol.
957 3214 1007 3246 36.
1101 3212 1133 3246 A
1195 3211 1337 3247 raeside
1371 3211 1613 3247 Armeniae
1640 3211 1822 3257 primae
1854 3212 1926 3246 sic:
1966 3212 2222 3259 spectabilibus
2257 3213 2401 3249 chartu-

169 3253 272 3288 lariis
301 3254 348 3289 tri
372 3265 414 3288 us
436 3254 534 3289 sacri
558 3254 712 3290 cubiculi
742 3256 807 3291 sol.
833 3258 866 3297 9,
896 3256 1110 3302 primicerio
1135 3222 1418 3291 carissimorum
1445 3255 1670 3303 tribunorum
1694 3258 1922 3292 notariorum
1953 3258 2020 3292 sol.
2049 3261 2101 3299 15,
2131 3258 2210 3292 eius
2240 3258 2402 3294 adiutori

168 3301 215 3337 44
260 3299 326 3334 sol.
353 3303 385 3341 3,
422 3299 549 3344 officio
581 3300 926 3345 gloriosissimorum
954 3302 1233 3354 praefectorum
1265 3312 1340 3348 pro
1373 3301 1532 3336 iussione
1566 3300 1632 3336 sol.
1659 3304 1710 3336 36.
1806 3305 1844 3336 A
1873 3302 2048 3349 praeside
2081 3302 2304 3339 Galatiae
2333 3315 2400 3339 se-

169 3344 348 3379 eundae
377 3344 448 3379 sic:
482 3344 738 3390 spectabilibus
761 3345 996 3381 chartulariis
1021 3347 1135 3382 tribus
1158 3347 1256 3381 sacri
1289 3346 1443 3381 cubiculi
1473 3345 1539 3380 sol.
1565 3348 1598 3387 9,
1628 3346 1842 3392 primicerio
1868 3347 2151 3382 clarissimorum
2177 3348 2402 3384 tribunorum

168 3390 397 3424 notariorum
431 3389 497 3425 sol.
525 3393 585 3431 15,
620 3390 697 3425 cius
731 3390 892 3426 adiutori
930 3391 994 3426 sol.
1021 3395 1061 3434 3,
1104 3392 1233 3438 officio
1270 3391 1614 3438 qloriosissimorum
1642 3392 1920 3438 praefectorum
1950 3403 2025 3439 pro
2061 3393 2222 3429 iussione
2254 3394 2321 3429 sol.
2347 3398 2400 3430 36.

167 3434 214 3472 ’45
259 3435 291 3469 Α
308 3435 482 3481 praeside
507 3434 681 3470 Honori
690 3436 789 3470 adis
811 3436 882 3470 sic:
916 3447 935 3471 s
962 3437 1172 3473 ectabilibus
1197 3436 1432 3471 chartulariis
1457 3435 1572 3470 tribus
1594 3436 1692 3471 sacri
1716 3436 1869 3471 cubiculi
1888 3437 1953 3471 sol.
1979 3441 2011 3479 9,
2038 3438 2252 3484 primicerio
2276 3439 2401 3475 claris-

167 3479 339 3514 simorum
365 3480 590 3515 tribunorum
622 3481 849 3515 notariorum
880 3492 946 3516 sol.
976 3485 1028 3523 15,
1060 3483 1137 3517 eius
1159 3482 1322 3517 adiutori
1351 3481 1418 3516 sol.
1444 3484 1477 3522 3,
1514 3480 1641 3526 officio
1665 3481 2011 3527 qloriosissimormn
2033 3484 2308 3530 praefectorum
2325 3496 2401 3531 pro

157 3568 159 3570 ’
215 3572 234 3604 3
266 3567 440 3617 ἄρραβίας
464 3573 510 3606 M
533 3571 546 3617 11
572 3575 593 3606 4
623 3574 739 3618 τρεισὶ
761 3573 803 3613 L,
828 3585 886 3607 om.
912 3572 959 3605 M
974 3571 987 3617 11
1013 3574 1050 3606 51
1079 3586 1126 3616 sq.
1159 3573 1180 3615 ξ
1207 3576 1250 3607 45
1321 3572 1563 3615 mesoponamie
1586 3573 1638 3606 Ra
1665 3573 1678 3616 11
1708 3574 1748 3607 27
1785 3572 1936 3614 Ciliciae]
1961 3573 2076 3606 cecilie
2096 3574 2172 3608 RV
2197 3574 2210 3620 11
2241 3577 2282 3609 35
2315 3577 2335 3618 ᾗ
2360 3578 2399 3610 31

170 3627 229 3650 om.
253 3617 285 3649 L
1321 3631 1380 3650 om.
1405 3618 1453 3655 R;
1481 3624 1554 3650 ante
1579 3617 1600 3660 ξ
1625 3619 1663 3652 31
1693 3619 1726 3651 in
1759 3618 1793 3651 V
1809 3627 1828 3649 a
1852 3618 1963 3651 iudice
1986 3618 2148 3661 palestine
2172 3621 2270 3653 tertie
2293 3621 2341 3653 ita
2364 3624 2403 3653 ut

1319 3673 1418 3705 supra
1442 3664 1499 3706 (cfi
1514 3664 1536 3705 ᾖ
1553 3664 1609 3700 26)
1631 3676 1694 3696 err.
1710 3664 1850 3706 repetita
1868 3663 1882 3706 11
1897 3664 1939 3697 35
1961 3665 2089 3697 amenie
2110 3665 2165 3709 Vn
2183 3668 2225 3699 43
2247 3666 2268 3710 ξ
2283 3668 2324 3700 32
2342 3679 2400 3700 om.

215 3706 243 3762 3.
259 3706 300 3746 A]
329 3718 387 3739 om.
413 3706 464 3740 R‘²
483 3706 495 3749 11
521 3708 556 3740 11
594 3707 823 3751 euphratasiae
849 3715 860 3742 t
881 3707 894 3753 11
925 3709 963 3742 19
998 3709 1018 3751 ἐ
1044 3709 1086 3743 29
1118 3722 1174 3743 om.
1203 3717 1213 3741 t
1236 3707 1249 3752 11
1318 3715 1329 3741 t
1353 3707 1365 3753 11
1387 3707 1505 3750 galitie
1526 3707 1604 3743 RV
1620 3706 1633 3752 11
1652 3710 1692 3742 51
1707 3720 1755 3752 sq.
1782 3707 1802 3751 ξ
1829 3709 1881 3743 33.
1905 3710 1949 3743 34
1973 3721 2030 3743 om.
2054 3710 2088 3744 V
