2612 4004
249 157 358 201 Nov.
387 155 530 199 XXVI
558 159 592 196 1.
622 157 648 197 2

251 269 274 304 1
329 265 429 312 μόλις
458 268 603 301 ἐκείνοις
628 263 771 312 ἀρκῶν·
808 261 830 310 ἦ
853 263 893 300 δὲ
921 265 1000 300 τῶν
1028 278 1081 299 τει
1106 267 1159 299 ῶν
1187 266 1329 301 τούτων

253 310 391 359 φυλακὴ
413 313 474 345 καὶ
496 307 519 354 ἡ
542 313 625 359 περὶ
648 309 729 346 τοὺς
751 310 883 347 τόπους
902 313 1054 345 ἐκείνους
1101 313 1250 354 ιοίκησις
1267 315 1328 345 καὶ

251 356 397 397 εὐταξία
425 369 466 390 τε
496 359 556 390 καὶ
585 360 784 405 στρατηγία
814 354 928 391 δεῖται
958 354 1055 391 τινὸς
1085 352 1216 402 ἀνδρὸς
1243 353 1327 404 ἀγα-

250 403 323 437 θοῦ
346 403 406 435 καὶ
430 399 519 448 πρὸς
542 399 710 447 ἑκάτερον
729 403 872 445 ἔχοντος
895 398 1117 444 ἐπιτηδείως,
1150 398 1328 447 στρατιώ·

249 458 314 482 τας
337 459 377 481 τε
399 448 544 489 κοσμεῖν
575 449 635 480 καὶ
666 446 792 491 νόμων
815 445 987 491 ἐξάρχειν.
1033 448 1073 480 τί
1094 457 1183 480 ποτε
1202 444 1249 479 ἂν
1265 440 1329 480 οὖν

250 490 365 535 ὄνομα
387 490 506 535 τούτῳ
530 489 733 538 πρόςφορον
763 495 802 526 ἐκ
825 493 886 534 τῆς
909 489 1142 533 ἀρχαιότητος
1164 490 1328 535 θείημεν,

251 534 273 579 ἢ
295 539 406 572 ποίαν
429 534 603 581 λαβόντες
629 540 865 593 προςηζορίαν
897 538 949 578 τῷ
979 534 1047 578 τὴν
1075 532 1189 582 ἀρχὴν
1210 538 1330 578 ἔχοντι

250 579 389 636 ταύτην
411 580 654 628 ἆρμόσαιμεν,·
675 580 698 625 ἢ
717 595 780 617 ουκ
806 579 968 615 αὐτόθεν
991 581 1068 614 ἐστὶ
1089 579 1258 633 φανερόν,
1284 579 1331 615 ὠς

250 630 311 661 καὶ
343 638 446 662 ουτος
476 631 643 674 πραίτωρ
666 624 963 671 όνομασθήσεται
986 625 1054 668 τὴν
1075 626 1138 669 τῆς
1161 629 1330 679 ημετέρας

1324 152 1407 200 204

2145 172 2205 204 DE
2234 171 2468 204 PRAETORB

1396 268 1416 303 1
1463 276 1645 319 murorum
1667 276 1750 303 vero
1773 267 1900 306 horum
1924 270 2086 307 custodia
2117 273 2153 307 et
2185 272 2278 307 circa
2306 271 2387 307 loca
2409 270 2474 308 illa

1396 312 1610 365 gubernatio
1633 311 1702 357 (et)
1725 311 1814 366 disci
1837 313 1913 351 lina
1940 317 2049 361 atque
2071 316 2224 352 ducatus
2249 317 2330 360 eget
2351 316 2471 362 aliquo

1397 367 1473 410 viro
1497 357 1591 393 bono
1617 361 1661 409 ‘et
1690 367 1751 401 qm
1780 367 1804 393 a
1859 363 2048 407 utrumque
2077 365 2300 407 opportunus
2330 361 2472 404 existat,

1398 402 1527 438 mihtes
1551 401 1715 437 ordinare
1746 403 1783 438 et
1812 402 1948 448 lembus
1970 415 2147 451 praeesse.
2196 406 2266 442 Sed
2290 405 2385 451 quod
2407 416 2472 442 no·

1365 449 1384 481 5
1399 456 1479 482 men
1513 446 1598 482 huic
1634 448 1838 492 competens
1873 458 1918 484 ex
1948 451 2159 496 antiquitate
2191 451 2373 492 donemus,
2410 453 2475 486 aut

1399 492 1539 536 qualem
1559 494 1738 543 sumentes
1758 492 2031 537 appellationem
2050 496 2228 540 cingulum
2248 496 2316 531 hoc
2337 495 2473 531 haben-

1398 541 1470 571 tem
1492 537 1739 572 nommemus‘?
1764 547 1812 572 an
1836 540 1932 574 certe
1955 549 2027 575 non
2053 540 2123 576 hoc
2145 542 2222 586 ipso
2246 540 2474 576 manifestum

1400 585 1465 634 est,
1502 581 1586 634 quia
1621 582 1727 617 etiam
1761 582 1829 618 iste
1865 586 2010 628 praetor
2043 586 2293 628 nominabitur,
2330 587 2474 621 nostrae

1423 630 1541 662 retatis
1567 636 1764 671 cognomen
1787 627 1975 674 accipiens,
2018 629 2113 666 sicut
2132 631 2284 667 Pisidiae
2310 630 2417 665 iudex
2438 632 2475 665 et

251 669 429 716 εὐσεβείας
460 670 749 718 προς-λαμβάνων
772 674 995 714 ἐπωνυμίαν,
1027 668 1197 716 καθάπερ
1221 684 1240 705 ο
1265 674 1329 704 Πι-
1347 673 1386 706 10
1432 671 1604 717 ycaoniae
1627 672 1773 717 praesul
1796 673 1999 708 nominatus
2027 678 2063 709 et
2084 674 2202 712 factus
2233 679 2288 712 est
2309 685 2332 710 a
2354 674 2476 711 nobis?

251 714 370 752 σιὸίας
397 730 438 752 τε
468 715 662 764 ἡγούμενος
691 720 750 751 καὶ
775 714 794 750 ὁ
818 718 1023 750 Λυκαονίας
1050 713 1215 769 ρξάρχων
1240 712 1329 750 ὠνό-

1399 716 1437 751 Si
1472 716 1565 752 enim
1600 721 1746 762 praetor
1780 716 2022 753 Romanorum
2055 718 2128 755 dux
2162 721 2267 756 simul
2299 722 2336 756 et
2368 719 2474 764 legis-

249 765 389 807 μασταί
407 774 448 797 τε
471 764 531 796 καὶ
553 764 676 810 γέγονε
699 759 788 807 παρ’
814 759 937 815 ἡμῶν,·
964 761 995 794 εἰ
1018 773 1086 808 γαρ
1109 773 1128 794 o
1164 764 1330 807 πραίτωρ
1398 761 1494 797 lator
1524 762 1593 797 hoc
1625 762 1662 797 in
1693 772 1758 798 suo
1783 762 1922 807 cingulo
1954 763 2112 800 habebat
2133 765 2301 807 officium,
2333 764 2474 800 indubi-

250 804 271 842 ὁ
293 805 482 852 Ῥωμαίων
511 806 710 854 στρατηγός
740 819 780 840 τε
812 806 900 850 ομοῦ
933 807 993 838 καὶ
1022 805 1224 850 νομοθέτης
1246 805 1328 841 ταύ-
1399 810 1513 842 tatum
1538 810 1593 843 est
1616 807 1699 852 quia
1723 807 2009 843 decentissimum
2040 808 2110 844 erit
2139 810 2313 855 praetoris
2344 819 2474 845 nomen

252 864 322 896 την
341 854 403 888 ἐπὶ
427 853 487 896 τῆς
506 853 636 886 οἰκείας
654 848 760 899 ἀρχῆς
780 850 849 893 εἶχε
869 849 936 893 τὴν
953 848 1067 891 τάξιν,
1091 852 1169 885 τῶν
1189 849 1329 896 ἀνωμο-
1399 851 1506 888 huius
1530 851 1844 888 administrationis
1875 852 2116 897 appellationi.
2163 854 2317 891 Militum
2345 854 2474 890 etenim

252 896 460 945 λογημένων
490 899 589 945 ἐστὶν
618 893 676 931 ὅτι
708 893 1015 941 πρεπωδέστατον
1047 894 1094 929 ἂν
1122 896 1175 939 εἴη
1198 895 1240 931 τὸ
1266 897 1329 931 τοῦ
1347 900 1386 932 15
1399 897 1556 949 praeerit
1576 897 1806 941 multitudini,
1828 898 1987 942 privatos
2007 900 2127 933 autem
2145 909 2218 935 non
2237 909 2370 944 paucos
2390 899 2474 934 sub-

251 946 457 989 πραίτωρος
487 940 600 986 ὄνομα
635 943 681 988 τῇ
711 943 772 984 τῆς
803 940 908 986 ἀρχῆς
940 939 1072 984 ταύτης
1104 954 1132 975 π
1155 945 1329 989 οςηγορίᾳ.
1398 944 1511 977 lectos
1536 942 1693 985 habebit,
1725 943 1854 986 quibus
1887 952 1931 977 ex
1960 943 2092 979 nostris
2122 943 2259 988 legibus
2288 944 2473 980 iudicabit.

251 988 494 1033 στρατιωτῶν
516 989 582 1031 μὲν
611 985 678 1034 γὰρ
708 983 876 1033 ἡγήσεται
903 983 1081 1028 πλήθους,
1114 987 1127 1020 ἰ
1151 985 1262 1021 ιώτας
1291 985 1331 1021 δὲ
1399 987 1449 1022 Et
1473 991 1576 1031 egent
1598 988 1635 1022 in
1659 987 1747 1023 locis
1778 988 1848 1022 illis
1879 988 1954 1023 viro
1986 988 2081 1023 bono
2113 990 2150 1024 et
2179 998 2269 1033 quae
2300 989 2416 1024 civilia
2439 993 2476 1024 et

251 1031 316 1067 οὐκ
348 1030 406 1067 bu
426 1043 484 1067 ους
512 1029 762 1075 ὑποκειμένους
794 1030 880 1073 ἕξει,
915 1029 967 1065 οἷς
997 1030 1042 1065 τὰ
1073 1033 1111 1065 ἐκ
1141 1034 1220 1066 τῶν
1251 1029 1330 1075 ἡμε-
1400 1042 1493 1076 quae
1517 1033 1644 1068 bellica
1668 1036 1763 1068 sunt.
1811 1032 1903 1068 Nam
1927 1036 1963 1067 et
1986 1033 2113 1078 priscis
2142 1033 2360 1078 temporibus
2384 1043 2475 1069 sem-

251 1081 369 1124 τέρων
411 1076 563 1120 ιαιτήσει
580 1076 716 1121 νόμων.
753 1078 813 1110 καὶ
834 1072 890 1109 δεῖ
907 1089 948 1123 γε
965 1079 1039 1110 τοῖς
1061 1075 1186 1111 τόποις
1203 1073 1331 1124 ἀνδρὸς
1399 1087 1465 1122 per
1488 1077 1599 1122 aliqui
1622 1078 1687 1113 viri
1707 1077 1878 1113 militares
1902 1077 1939 1112 in
1959 1078 2120 1114 maximis
2141 1077 2370 1122 dignitatibus
2390 1089 2473 1114 eon-

251 1121 394 1170 ἀγαθοῦ
425 1120 469 1156 τά
502 1135 542 1156 τε
572 1119 739 1156 πολιτικὰ
770 1118 817 1155 τά
847 1133 889 1155 τε
911 1119 1084 1166 πολέμια·
1120 1124 1180 1155 καὶ
1200 1121 1266 1170 γὰρ
1292 1124 1331 1156 έν
1344 1124 1386 1156 20
1400 1122 1517 1158 stituti
1537 1126 1574 1158 et
1593 1123 1808 1158 exerciti-bus
1830 1127 2021 1168 praeerant
2040 1127 2075 1158 et
2091 1122 2170 1159 aliis
2189 1122 2352 1158 omnibus
2371 1133 2474 1168 prae-

251 1170 325 1202 τοῖς
359 1167 572 1212 ἔμπροσθεν
605 1165 746 1213 χρόνοις
780 1163 839 1200 ἀεί
869 1178 964 1200 τινες
997 1165 1123 1214 ἄνδρες
1154 1178 1330 1214 στρατιω-
1400 1168 1536 1203 bebant
1557 1168 1740 1211 auxilium,
1764 1168 1848 1203 licet
1871 1178 1943 1204 non
1966 1168 2094 1204 milites
2119 1168 2240 1213 aliqui,
2273 1167 2335 1203 sed
2357 1171 2476 1203 tamen

252 1215 344 1247 τικοὶ
379 1213 457 1246 τῶν
488 1214 548 1247 ἐπὶ
577 1215 761 1259 μεγίστων
796 1208 1016 1256 ἀξιωμάτων
1046 1210 1146 1246 ὄντες
1181 1213 1260 1246 τῶν
1291 1225 1331 1246 τε
1401 1213 1531 1258 privati
1566 1217 1698 1249 essent.
1746 1213 1973 1249 Incursiones
2010 1213 2103 1248 enim
2136 1213 2370 1248 barbarorum
2405 1223 2477 1247 non

252 1260 364 1292 ἐκεῖσε
399 1254 589 1302 δυνάμεων
624 1257 816 1304 ἐξηγοῦντο
854 1259 927 1291 τοῖς
965 1269 1006 1291 τε
1042 1255 1158 1291 ἄλλοις
1192 1253 1331 1292 ἅπασιν
1402 1257 1570 1294 mediocri
1602 1262 1707 1303 egent
1735 1258 1939 1294 rebellione.
1988 1258 2137 1303 Oportet
2159 1262 2276 1294 autem
2307 1257 2357 1292 eis
2381 1257 2477 1292 dele-

253 1302 445 1347 ἐβοήθουν,
481 1303 512 1336 εἰ
541 1305 602 1336 καὶ
634 1301 685 1347 μὴ
714 1303 940 1350 στρατιῶταί
967 1313 1077 1343 τινες,
1114 1300 1259 1336 ἰδιῶται
1292 1300 1332 1336 δὲ
1400 1303 1476 1348 gari
1498 1305 1539 1338 ut
1555 1314 1635 1339 cum
1659 1303 1795 1347 legibus
1814 1303 1884 1348 ipsi
1903 1304 2064 1348 praesint
2085 1302 2270 1345 exercitui,
2293 1305 2475 1347 tamquam

252 1345 449 1395 ἐτύγχανον
474 1344 581 1393 ὅμως.
628 1347 669 1381 αἱ
696 1346 764 1402 γὰρ
793 1345 985 1392 ἐπιδρομαὶ
1022 1348 1100 1381 τῶν
1121 1345 1330 1426 1ξῖαρβοίρων
1346 1350 1386 1383 25
1401 1349 1513 1383 multa
1537 1348 1585 1383 sit
1609 1347 1807 1384 differentia
1831 1347 2041 1394 disciplinae
2065 1353 2101 1384 et
2123 1348 2251 1384 indisci
2276 1347 2474 1382 linationis:

252 1391 293 1427 οὐ
314 1396 460 1440 μετρίας
481 1391 649 1441 χρῄζουσι
671 1403 733 1436 της
752 1389 1003 1427 ἀντιστάσεως.
1048 1390 1103 1426 δεῖ
1212 1391 1220 1401 “
1401 1397 1438 1428 et
1457 1393 1621 1428 omnibus
1642 1397 1696 1428 est
1717 1396 1879 1438 apertum
1897 1393 1980 1437 quia
1997 1393 2161 1429 militaris
2181 1393 2242 1438 qui
2266 1403 2320 1428 em
2339 1402 2474 1434 manus,

253 1435 382 1472 αὐτοὺς
416 1436 688 1484 ἐπιτετράφθαι
720 1438 774 1481 τῷ
837 1436 901 1471 ετὰ
933 1438 1011 1471 τῶν
1045 1436 1172 1482 νόμων
1209 1434 1331 1471 αὐτῶν
1400 1437 1431 1473 si
1455 1438 1532 1474 sola
1562 1438 1608 1474 sit
1639 1438 1677 1473 in
1700 1442 1812 1473 semet
1842 1438 1932 1482 ipsa,
1966 1439 2127 1482 asperior
2156 1443 2210 1473 est
2233 1448 2339 1483 quam
2363 1437 2475 1479 decet,

253 1481 422 1530 ἡγεῖσθαι
445 1480 645 1527 δυναμένῳ,
676 1480 725 1517 οἷς
748 1495 796 1518 πο
819 1481 840 1516 ὐ
870 1481 912 1516 τὸ
938 1479 1111 1528 διαφέρον
1135 1480 1178 1517 ὂν
1197 1481 1331 1523 τάξεώς
1402 1483 1512 1518 civilis
1535 1487 1665 1526 autem,
1690 1482 1759 1518 nisi
1783 1493 1864 1518 cum
1887 1483 2100 1519 militaribus
2119 1484 2321 1524 misceatur,
2344 1481 2475 1517 medio-

252 1541 292 1563 τε
315 1531 376 1562 καὶ
399 1525 563 1569 ἀταξίας·
598 1531 658 1562 καὶ
682 1524 821 1563 ἅπασιν
845 1528 922 1561 ἐστὶ
946 1527 1105 1573 φανερὸν
1128 1525 1177 1562 ὦς
1199 1526 1241 1562 τὸ
1265 1530 1332 1572 μὲν
1402 1528 1528 1563 oritate
1558 1529 1627 1564 erit
1657 1527 1813 1571 inferior,
1847 1537 1891 1563 ex
1922 1531 2075 1572 utroque
2098 1538 2179 1563 vero
2211 1527 2250 1562 in
2272 1527 2366 1562 idem
2391 1537 2475 1562 con-

253 1572 527 1620 στρατιωτικόν,
551 1574 582 1608 εἰ
604 1572 719 1618 μόνον
743 1572 795 1616 εἴη
819 1575 879 1606 καὶ
903 1572 995 1606 καθ’
1022 1569 1119 1614 αὑτό,
1152 1573 1331 1618 θρασύτε·
1345 1576 1387 1608 30
1400 1573 1537 1615 venire,
1568 1573 1638 1609 hoc
1662 1572 1958 1618 perfectissimum
1989 1577 2024 1609 et
2047 1573 2227 1609 sufficiens
2258 1576 2314 1608 est
2336 1571 2383 1607 ad
2402 1571 2474 1607 bel-

252 1631 319 1665 ρον
340 1620 444 1653 ἔσται
474 1620 538 1653 τοῦ
562 1621 775 1665 πρέποντος,
806 1616 849 1651 τὸ
873 1615 916 1652 δέ
935 1631 977 1665 γε
1000 1615 1197 1659 πολιτικόν,
1230 1618 1262 1651 εἰ
1283 1617 1333 1662 μὴ
1400 1618 1474 1654 lum
1499 1618 1604 1654 simu]
1629 1622 1665 1653 et
1687 1628 1823 1663 pacem.

252 1665 308 1708 τῷ
324 1665 578 1711 στρατιωτικῷ
594 1666 914 1709 συναναμίγνυται,
932 1661 1213 1709 καταδεέστερον
1229 1664 1332 1697 ἔσται

253 1710 317 1743 τοῦ
339 1713 495 1755 μετρίου,
527 1710 570 1744 τὸ
603 1707 642 1743 δὲ
673 1707 907 1754 ἑκατέρωθεν
937 1708 985 1742 εἰς
1017 1705 1129 1742 ταύτὸ
1156 1707 1337 1742 συνελθὸν

253 1754 360 1788 τοῦτο
383 1752 609 1789 τελεώτατόν
631 1767 671 1789 τε
695 1756 755 1787 καὶ
779 1752 951 1800 αὔταρκές
974 1754 1052 1787 ἐστι
1074 1756 1134 1787 καὶ
1159 1755 1248 1799 πρὸς
1271 1750 1334 1787 πό-

255 1797 362 1844 λεμόν
384 1812 425 1834 τε
449 1796 536 1844 ὁμοῦ
560 1802 621 1834 καὶ
644 1798 789 1844 εἰρήνην
813 1798 997 1844 ἐξαρκουν.

1145 1395 1162 1426 ὲ
1181 1406 1227 1426 τα
1243 1390 1327 1426 κατ’

1348 1801 1390 1833 35

1246 1887 1403 1923 CAPUT
1434 1888 1480 1924 11.

300 1942 437 1981 Οὐκοῦν
452 1947 512 1979 καὶ
528 1943 573 1979 τὰ
590 1944 653 1988 τῆς
666 1942 771 1991 ἀρχῆς
790 1942 922 1987 ταύτης
938 1941 1130 1990 συνῆφθαι,
1151 1947 1210 1978 καὶ
1226 1947 1330 1991 πραί-
1450 1945 1546 1990 Ergo
1569 1948 1604 1980 et
1620 1945 1710 1980 haec
1730 1945 1990 1981 administratio
2011 1946 2260 1991 coniungatur,
2280 1948 2316 1982 et
2334 1949 2478 1991 praetor

253 2003 309 2025 τω
347 1981 451 2026 οὗτος
470 1987 721 2024 ’Ῑουστινιανὸε
745 1991 805 2025 ἐπὶ
832 1987 972 2036 Θρᾴκης
1003 1988 1202 2024 καλείσθω.
1249 1987 1334 2033 σύμ·
1404 1990 1471 2025 iste
1494 1990 1711 2026 Iustinianus
1735 1991 1772 2025 in
1796 1991 1952 2026 Thracia
1975 1995 2133 2035 vocetur,
2163 1991 2278 2027 honor
2303 1994 2422 2027 autem
2445 1990 2478 2026 ei

253 2004 346 2080 βολςι
374 2032 415 2070 δὲ
438 2032 536 2079 αὐτῷ
566 2033 657 2081 παρ’
683 2032 788 2079 ἡμῶν
815 2035 919 2069 ἔσται
949 2032 1158 2069 κωδίκιλλοί
1185 2047 1225 2068 τε
1257 2047 1331 2079 φοι·
1401 2045 1423 2069 a
1457 2035 1560 2071 nobis
1596 2035 1664 2071 erit
1699 2035 1853 2071 codicilli
1889 2035 2124 2080 procedentes
2163 2036 2246 2071 hinc
2285 2037 2479 2072 secundum

253 2081 390 2116 τῶντες
412 2080 587 2115 ἐντεῦθεν
608 2079 700 2114 κατὰ
723 2079 765 2115 τὸ
796 2081 876 2114 τῶν
899 2079 1039 2115 λοιπῶν
1063 2078 1333 2123 σπεκταβιλίων
1402 2079 1619 2125 reliquorum
1654 2081 1900 2125 spectabilium
1934 2080 2091 2115 iudicum
2124 2080 2272 2125 figuram
2305 2084 2341 2116 et
2371 2091 2479 2126 quae-

252 2173 276 2208 1
342 2170 472 2206 horum
506 2181 590 2206 vero
625 2180 812 2205 murorum
849 2169 1016 2205 custodia
1050 2173 1087 2205 et
1120 2168 1267 2204 illorum
1302 2168 1466 2204 locorum
1500 2169 1768 2205 administratio
1809 2174 1843 2205 et
1878 2169 2070 2216 disciplina
2108 2173 2145 2205 et
2178 2169 2336 2206 militare
2368 2170 2479 2217 impe-

253 2216 350 2252 rium
371 2216 451 2252 viro
475 2215 599 2262 aliquo
625 2214 720 2250 bono
745 2214 885 2261 indiqet
907 2215 1040 2261 quique
1064 2213 1114 2249 ad
1136 2217 1329 2260 utrumque
1352 2213 1504 2250 idoneus
1526 2215 1576 2250 sit
1599 2219 1672 2250 tam
1696 2214 1746 2250 ad
1767 2214 1897 2250 milites
1924 2214 2158 2250 instruendos
2180 2225 2287 2261 quam
2312 2214 2362 2250 ad
2382 2215 2480 2262 leqes

248 2272 324 2310 pro
353 2259 525 2297 onendas.
583 2259 690 2303 Quod
717 2259 833 2305 iqitur
864 2270 995 2295 nomen
1026 2258 1110 2294 huic
1140 2258 1354 2294 conveniens
1385 2270 1435 2295 ex
1465 2259 1685 2311 antiquitate
1707 2259 1915 2305 ponamus?
1951 2263 2017 2294 aut
2046 2259 2188 2305 qualem
2219 2258 2389 2306 eligentes
2413 2271 2478 2307 ap-

247 2307 316 2355 pel
328 2306 487 2342 ationem
506 2309 631 2352 aptam
655 2305 688 2340 ei
710 2304 774 2351 qui
793 2304 1046 2351 maqistratum
1070 2303 1166 2339 hunc
1189 2307 1360 2350 qesturus
1382 2304 1442 2346 sit,
1466 2304 1696 2350 efficiamus?
1730 2306 1787 2339 An
1810 2315 1884 2339 non
1934 2315 1975 2339 er
1996 2315 2036 2338 se
2058 2303 2292 2356 manifestum
2313 2309 2369 2340 est
2385 2303 2480 2341 huno

255 2363 328 2398 quo
355 2362 400 2386 ue
419 2355 628 2398 praetorem
651 2349 910 2385 nominandum
929 2360 1006 2385 esse
1030 2349 1144 2384 ascito
1161 2349 1316 2396 pietatis
1337 2352 1485 2385 nostrae
1509 2349 1732 2395 coqnomtne,
1763 2360 1892 2395 querna
1918 2348 2061 2384 modum
2084 2347 2248 2384 Pistdiae
2263 2359 2361 2395 prae
2381 2353 2480 2385 ectus

255 2400 291 2433 et
343 2396 521 2443 ycaoniae
543 2399 666 2431 rector
689 2406 713 2430 a
735 2394 840 2430 nobis
869 2398 906 2431 et
934 2395 1142 2430 nominatus
1175 2398 1211 2429 et
1239 2394 1366 2439 factus
1388 2394 1467 2430 est?
1513 2393 1608 2429 Nam
1631 2393 1808 2440 siquidem
1832 2393 2079 2429 Romanorum
2103 2398 2261 2440 praetor
2292 2393 2349 2429 bel
2367 2394 2374 2401 ‘
2402 2393 2481 2431 dux

254 2442 362 2478 simul
383 2445 420 2477 et
441 2440 632 2488 leqislator
661 2439 758 2475 hunc
785 2440 824 2474 in
854 2450 921 2475 suo
950 2439 1169 2486 maqistratu
1199 2438 1317 2474 locum
1341 2439 1465 2482 tenuit,
1499 2439 1739 2484 inconfessa
1771 2443 1826 2474 cst
1853 2439 2040 2485 praetoris
2071 2449 2202 2474 nomen
2231 2438 2338 2474 huius
2368 2440 2480 2486 maqi-

254 2490 394 2524 stratus
417 2485 658 2534 appellationi
688 2485 848 2521 maxime
879 2485 1077 2521 convenire.
1135 2483 1293 2520 Militum
1317 2484 1411 2520 enim
1441 2484 1559 2531 copiis
1585 2484 1761 2530 praeerit,
1820 2484 1959 2520 rivatos
1983 2487 2103 2520 autem
2125 2495 2201 2519 non
2215 2493 2372 2531 paucos,
2428 2484 2481 2519 ui-

255 2533 322 2568 bus
344 2542 394 2568 eae
416 2531 553 2567 nostris
576 2530 714 2577 leqibus
735 2530 794 2566 ius
815 2529 959 2573 reddat,
991 2529 1170 2566 subiectos
1193 2528 1346 2580 habebit.
1405 2530 1459 2565 Ac
1480 2529 1656 2577 profecto
1688 2529 1761 2564 illis
1806 2529 1880 2564 ocis
1911 2540 2005 2575 opus
2033 2533 2089 2565 est
2118 2529 2196 2580 viro
2229 2533 2302 2564 tam
2325 2494 2480 2565 civilium

256 2588 366 2630 quam
388 2576 598 2612 militarium
619 2587 741 2611 rerum
762 2576 903 2622 perito:
932 2575 1061 2611 etenim
1079 2575 1187 2610 etiam
1203 2573 1396 2620 prior-ibus
1420 2573 1641 2622 temporibus
1662 2584 1803 2620 semper
1826 2574 1896 2610 viri
1918 2573 2064 2620 quidam
2084 2574 2260 2609 militares
2281 2584 2331 2610 ex
2353 2574 2399 2609 iis
2474 2574 2482 2581 ’

256 2634 295 2658 m
313 2622 460 2659 summis
474 2620 714 2669 diqnitatibus
729 2624 836 2657 erant
854 2625 892 2656 et
910 2620 1027 2667 copiis
1048 2620 1202 2655 militum
1220 2619 1273 2655 ibi
1286 2624 1491 2666 praeerant
1511 2623 1548 2655 et
1565 2619 1716 2665 reliquis
1736 2618 1899 2654 omnibus
1915 2623 2069 2671 praesto
2090 2622 2207 2661 erant,
2232 2618 2314 2654 licet
2333 2619 2397 2665 qui

255 2678 332 2704 non
353 2667 495 2710 nautes,
525 2666 592 2702 sed
606 2666 732 2714 potius
755 2665 871 2712 toqati
893 2668 1022 2702 essent.
1076 2665 1332 2702 Barbarorum
1360 2665 1455 2700 enim
1487 2664 1693 2701 invasiones
1722 2674 1798 2699 non
1829 2663 2002 2699 mediocri
2031 2663 2197 2710 indiqent
2224 2663 2259 2700 vi
2281 2663 2480 2700 resistendi.

260 2712 414 2761 Oportet
441 2715 560 2748 autem
590 2722 684 2758 quae
714 2710 765 2747 ad
794 2721 857 2747 eos
879 2711 1070 2757 pertinent
1099 2710 1132 2746 ei
1163 2709 1337 2746 committi
1367 2710 1431 2756 qui
1459 2720 1540 2746 cum
1569 2708 1707 2755 leqibus
1737 2708 1918 2755 imperare
1949 2708 2023 2744 illis
2049 2709 2181 2756 possit,
2219 2718 2300 2743 cum
2329 2708 2480 2744 multum

256 2758 402 2794 intersit
425 2757 521 2793 inter
552 2756 714 2792 ordinem
747 2759 784 2792 et
803 2756 1134 2802 perturbationem:
1170 2759 1280 2801 atque
1305 2755 1402 2791 inter
1434 2765 1556 2791 omnes
1585 2758 1730 2789 constat
1759 2764 1834 2789 rem
1865 2753 2070 2796 militarem,
2102 2753 2135 2788 si
2156 2764 2225 2800 per
2254 2763 2294 2789 se
2319 2753 2397 2789 sola
2420 2753 2479 2795 sit,

257 2802 490 2839 audaciorem
513 2813 590 2838 esse
608 2812 718 2849 quam
737 2800 848 2844 decet,
870 2812 947 2837 rem
967 2804 1086 2836 autem
1110 2800 1260 2842 civilem,
1284 2800 1357 2835 nisi
1380 2810 1459 2835 cum
1482 2799 1634 2835 militari
1656 2798 1764 2834 simul
1786 2798 1989 2841 misceatur,
2014 2799 2250 2879 infirmiorem
2272 2809 2349 2834 esse
2372 2809 2481 2846 quam

255 2859 330 2896 par
350 2850 414 2890 est,
444 2850 636 2894 utramque
659 2857 743 2883 vero
766 2847 805 2882 in
827 2845 922 2882 idem
945 2846 1175 2882 coniunctam
1199 2850 1235 2881 et
1253 2845 1559 2892 perfectissimam
1583 2848 1619 2880 et
1641 2843 1807 2879 idoneam
1836 2853 1913 2879 esse
1945 2847 1982 2879 et
2007 2855 2030 2879 a
2079 2843 2209 2879 bellum
2237 2842 2346 2879 simul
2373 2847 2482 2890 atque

285 2903 384 2931 acem
405 2903 449 2928 su
498 2892 655 2928 cientem.
1914 2914 1915 2917 =

251 2904 283 2942 p
393 2892 627 2983 ILffiItaque
656 2936 745 2972 liaeo
774 2947 919 2983 quoque
946 2939 1115 2984 potestas
1150 2936 1345 2972 coniuncta
1371 2935 1431 2977 sit,
1467 2939 1504 2971 et
1527 2938 1684 2982 praetor
1717 2933 1776 2970 hic
1808 2932 2039 2970 Iustinianus
2068 2933 2107 2968 in
2137 2932 2293 2969 Thracia
2322 2937 2477 2970 vocetur.

258 2983 426 3031 Insiqnia
454 2993 542 3019 vero
573 2982 606 3018 ei
637 2993 661 3017 a
689 2981 794 3018 nobis
823 2985 932 3018 erunt
961 2986 998 3018 et
1028 2980 1185 3017 codicilli
1215 2979 1299 3016 hinc
1329 2979 1419 3016 editi
1447 2979 1642 3016 secundum
1672 2979 1826 3026 speciem
1858 2983 2057 3015 ceterorum
2087 2978 2337 3024 spectabilium
2368 2979 2480 3025 maqi-

314 3078 330 3111 1
355 3073 390 3119 ἡ]
414 3074 447 3109 εἰ
471 3075 501 3109 L
546 3073 681 3116 τοιχῶν
700 3074 748 3107 12¹
766 3072 815 3117 116
836 3073 968 3107 τοῦτον
990 3072 1037 3106 L¹
1055 3072 1106 3116 118
1130 3070 1163 3115 ἢ]
1184 3082 1227 3105 an
1247 3074 1336 3104 certe

259 3123 331 3164 (i.e.
343 3117 466 3175 i'zrer)
478 3132 497 3157 ς
546 3121 586 3154 10
597 3132 646 3163 sq.
662 3120 704 3163 qf
719 3131 790 3152 nov.
804 3118 948 3152 XXIV.
963 3117 1104 3162 XXV]
1125 3119 1163 3151 11
1190 3115 1336 3162 ἔξαρχος

260 3163 316 3201 ὢν
333 3168 403 3208 (ων
425 3165 488 3207 L1)
511 3165 544 3198 L
564 3164 577 3208 u
605 3165 645 3199 13
669 3166 730 3198 καὶ
753 3162 974 3207 ονομοθέτης
996 3162 1056 3207 Lfl
1083 3164 1125 3198 14
1148 3158 1254 3240 ‹30ch
1276 3174 1334 3195 om.

260 3210 405 3255 Εῆτὴν
428 3209 587 3253 οπμΜΒΙΙ
609 3211 648 3244 15
673 3207 714 3243 τὸ
737 3209 802 3242 τοῦ
825 3209 870 3250 L]
893 3208 957 3242 τοῦ
982 3207 1127 3251 οηι.Μ11
1156 3210 1196 3242 19
1260 3208 1276 3239 ἶ
1319 3218 1336 3239 ε

260 3259 334 3291 τοῖς
352 3269 375 3290 τ
398 3253 500 3291 όποις
520 3255 567 3289 Μ
590 3251 705 3288 δεῖται
726 3254 766 3287 ἐν
785 3255 860 3287 τοῖς
876 3251 1000 3287 τόποις
1020 3253 1100 3294 L(=)
1167 3254 1210 3287 20
1233 3218 1335 3286 ovok-

260 3299 349 3346 μικόι
404 3301 563 3336 aloander
582 3313 646 3334 non
669 3307 752 3334 recte
777 3298 790 3343 11
811 3300 853 3333 23
879 3299 991 3332 ἐκεῖσε
1014 3309 1106 3334 ome
1161 3300 1202 3333 25
1226 3292 1333 3341 ὅμως]

262 3345 361 3380 ὄντες
374 3348 455 3381 coni.
464 3346 652 3380 Zachariae
669 3344 682 3389 11
698 3346 738 3379 27
753 3344 842 3385 τῶν]
855 3343 908 3378 τῶ
923 3343 971 3377 L*
986 3343 999 3387 11
1018 3345 1059 3378 28
1077 3340 1265 3386 δυναμένα)
1278 3342 1335 3384 Μ]

263 3388 445 3434 δυνάμεως
465 3391 513 3426 L¹
536 3387 726 3434 δυνάμεων
747 3390 859 3422 addito
879 3388 957 3422 τῶν
976 3396 1050 3422 ante
1068 3384 1191 3422 αὐτῶν
1209 3386 1305 3465 L'Szeg
1323 3387 1336 3431 11

264 3438 307 3470 30
330 3432 411 3469 κατ’
439 3432 526 3470 αὗτό
551 3436 582 3469 L
604 3435 617 3480 11
644 3437 687 3470 32
711 3433 774 3469 τοῦ
796 3433 1057 3479 στρατιωτικοῦ
1080 3433 1126 3467 12¹
1153 3432 1165 3477 11
1187 3429 1276 3466 nat*
1305 3443 1335 3464 ε-

264 3480 387 3525 §new
408 3482 454 3514 L¹
476 3481 489 3525 11
518 3482 560 3515 33
584 3477 779 3521 συνελθὸν]
803 3479 979 3512 convenire
1003 3490 1023 3515 ς
1037 3477 1052 3523 11
1078 3480 1120 3513 34
1142 3477 1251 3512 τοῦτο
1275 3477 1334 3518 Μ]

264 3524 395 3558 τοῦτον
415 3525 461 3558 L¹
485 3522 628 3560 τούτων
643 3525 718 3570 L'fl
735 3525 839 3558 ἔσται
857 3524 1051 3557 Haloander
1069 3521 1082 3567 11
1098 3526 1140 3557 35
1163 3521 1335 3567 ἐξαρκοῦν

266 3582 325 3603 om·
339 3580 358 3605 ς
382 3567 396 3612 11
418 3570 460 3603 36
472 3583 519 3612 eq.
545 3567 682 3605 Οὐκοῦν
704 3588 748 3595 —-
768 3565 966 3609 καλείσθω]
997 3565 1223 3621 Συνοίδαμεν
1244 3569 1335 3621 μίαν

1405 3070 1553 3112 (ἔκτομα
1565 3071 1649 3112 cod.)
1662 3065 1949 3123 ἀναγκαζόμενος
1964 3068 2194 3123 καθέζεσθαι
2212 3071 2337 3122 Τεῖχος)
2356 3069 2368 3111 11
2384 3070 2427 3104 38
2439 3081 2480 3103 τε

1404 3126 1463 3148 om.
1488 3115 1525 3148 B
1554 3114 1566 3158 11
1592 3117 1635 3149 39
1658 3127 1752 3149 κατα
1774 3127 1816 3149 το
1842 3115 2051 3156 Haloander]
2080 3127 2172 3148 κατα
2194 3126 2235 3148 τε
2257 3126 2300 3148 το
2325 3114 2436 3148 MLB
2466 3114 2482 3159 Ι

1404 3157 1659 3203 περιβλέπτων
1685 3161 1721 3194 Β

1453 3298 1467 3329 1
1494 3295 1659 3328 custodiat
1681 3296 1769 3329 circa
1790 3294 1848 3339 V!
1872 3296 1891 3329 2
1916 3297 1949 3328 et
1973 3295 2050 3329 add.
2064 3295 2150 3339 vulq.
2166 3294 2179 3338 11
2198 3296 2217 3330 3
2241 3293 2328 3327 bona
2346 3289 2400 3335 V}
2417 3290 2475 3332 qui

1403 3340 1456 3382 ad]
1481 3340 1563 3382 quid
1584 3341 1619 3375 V
1641 3341 1720 3383 quia
1746 3341 1811 3384 Τ111
1833 3342 2035 3383 oportunum
2057 3340 2087 3373 V
2107 3340 2119 3382 11
2143 3342 2163 3374 5
2187 3339 2344 3372 don-mm
2366 3335 2444 3369 libri
2462 3333 2476 3378 fl

1405 3387 1424 3419 6
1449 3385 1547 3427 quale
1570 3385 1624 3430 Vl}
1643 3386 1905 3429 appellationum
1926 3385 2005 3419 Val.
2022 3383 2035 3430 11
2055 3386 2072 3418 7
2098 3385 2206 3428 ipsum
2219 3383 2252 3416 T
2263 3381 2277 3426 Ι
2291 3382 2313 3415 9
2334 3389 2475 3431 accipies

1411 3430 1469 3474 Vn
1489 3432 1528 3464 12
1549 3430 1668 3464 habeat
1690 3430 1743 3476 711
1765 3432 1805 3465 13
1829 3430 2086 3463 decentesimum
2108 3429 2162 3471 V.
2190 3428 2229 3461 14
2251 3423 2473 3475 appella-noue

1406 3475 1436 3508 T
1457 3475 1718 3518 appellationum
1746 3474 1812 3520 1711
1843 3477 1883 3510 15
1907 3475 2063 3518 probatos
2092 3472 2174 3506 Val.
2244 3471 2285 3504 16
2308 3467 2474 3501 iudicauit

1404 3521 1481 3554 libri
1494 3519 1506 3564 11
1538 3522 1575 3554 17
1601 3523 1700 3563 egent
1721 3520 1770 3561 in]
1796 3523 1944 3562 egentem
1972 3520 2035 3554 VT
2093 3515 2169 3550 illo·
2235 3512 2308 3557 al..
2339 3513 2473 3566 22·esse

1411 3564 1466 3608 Vll
1482 3565 1706 3599 incursionem
1728 3566 1781 3600 1⁷⁰
1827 3566 1869 3599 23
1888 3563 2031 3606 delegati
2059 3561 2138 3643 al&
2137 3558 2214 3647 11242
2217 3557 2306 3637 ΊἿιὶ]
2323 3560 2357 3591 et
2375 3558 2451 3636 tigri

266 3609 378 3659 ἀρχὴν
400 3614 458 3665 inl
482 3612 702 3668 &⁶204an
723 3613 997 3670 ἀγκαταστῆσαι,
1025 3614 1086 3666 καὶ
1109 3625 1176 3647 τον
1196 3623 1333 3666 ταυτην
1402 3613 1557 3661 9188911111
1582 3611 1790 3663 ‘immi—Qu?-
1840 3612 1891 3664 25
1919 3655 1927 3663 .
1953 3649 1957 3656 Ι
2056 3650 2064 3657 ,
2141 3645 2143 3650 ,
2163 3648 2171 3655 ,
2445 3648 2452 3655 .

266 3659 397 3738 ἔιοᾞι
413 3670 484 3699 -την
503 3671 629 3712 acme
683 3662 746 3718 aa!
815 3658 1177 3716 ..xmflwtevsrstffi
1196 3656 1339 3722 §efflas
1401 3665 1546 3698 ”Pem‘
1564 3656 1623 3697 ⁰⁸²]
1651 3664 1833 3708 ⁸2⁹⁹¹¹⁰¹⁰⁸
1850 3655 1949 3732 ‘⁸⁶3‘ss
1961 3646 2474 3737 Ψῗοζοξξινῗῖῗῇξξξξξξξ

266 3672 821 3796 ‘sattsrztszffiaffi‘
844 3718 866 3792 z
887 3703 1142 3793 „irrisisti
1196 3713 1338 3791 eree
1402 3700 1749 3779 :ffltfflm
1761 3699 1886 3743 M·
1973 3705 2051 3737 “⁸⁰
