2580 3984
256 155 364 199 Nov.
389 153 602 198 CXXXIV
636 156 700 196 12.
734 155 785 196 13

255 265 322 301 τὸν
345 265 451 299 τοῦτο
482 261 730 308 πλημμελῆσαι
758 259 1008 307 τολμήσαντα,
1041 262 1073 296 εἰ
1095 258 1156 296 καὶ
1178 261 1221 296 τὸ
1238 257 1334 306 πρό-

254 322 359 355 τερον
389 307 564 355 διέφυγεν,
597 304 695 352 ὅμως
723 304 851 341 ἄδειαν
876 304 1022 350 δίδομεν
1045 310 1159 342 παντὶ
1181 304 1332 353 δικαστῇ

254 357 314 389 καὶ
338 356 496 395 συνέχειν
529 350 642 387 αὐτὸν
665 355 725 386 καὶ
747 352 838 398 μετὰ
861 351 1043 397 βασάνους
1068 354 1145 386 ταῖς
1169 349 1334 394 ἐσχάταις

253 402 441 444 τιμωρίαις
471 395 710 441 ὑποτιθέναι,
741 396 915 442 μηδεμιᾶς
946 395 1050 441 ἄλλης
1069 400 1282 444 κατηγορίας
1311 394 1335 440 ἢ

255 441 471 484 ἀποδείξεως
488 441 663 488 δεομένῳ·
688 446 749 477 καὶ
764 442 832 486 τὴν
870 444 999 476 υναῖκα
1014 454 1068 477 σω
1099 442 1335 487 ρονισθεῖσαν

255 492 314 523 καὶ
330 492 500 534 καρεῖσαν
517 492 748 534 μοναστηρίῳ
770 489 840 532 ἐμβ
862 486 1002 531 ηθῆναι
1025 457 1212 531 κεζύομεν
1235 484 1336 522 κάκεῖ

253 537 374 578 μένειν
406 535 466 569 ἐπὶ
490 530 577 569 ὅλον
608 534 676 567 τὸν
707 534 838 579 χρόνον
867 534 929 575 τῆς
960 534 1088 568 οἰκείας
1119 533 1229 576 ζωῆς·
1267 530 1335 574 τὴν

254 580 420 624 ἑκατέρου
445 577 485 614 δὲ
507 582 717 625 περιουσίαν
740 579 832 613 κατὰ
855 577 923 621 τὴν
947 582 1208 623 προειρημένην
1230 574 1335 618 τάξιν

254 622 490 670 διαιρεῖσθαι,
522 622 684 668 κινδύνῳ
709 622 1101 680 (καθώςηπροείπὶομεν)
1126 623 1190 658 τοῦ
1214 636 1254 657 τε
1276 621 1334 656 κό·

1329 146 1412 195 688

1842 163 1904 194 ΠΤ
1931 163 2069 194 NULLI
2097 163 2291 197 IUDIOUM
2318 163 2481 196 LIOEA'l·

1402 271 1500 305 mus,
1535 260 1597 297 sed
1626 263 1663 296 et
1694 271 1775 297 eum
1806 262 1867 307 qui
1897 261 1966 298 hoc
1997 262 2201 308 delinquere
2232 262 2481 308 praesumpsit,

1402 307 1469 342 etsi
1499 307 1598 360 prius
1628 306 1802 352 perfugit,
1836 309 1993 343 attamen
2022 308 2202 344 licentiam
2233 308 2359 344 damus
2387 306 2483 344 omni

1401 351 1511 388 iudicl
1535 354 1570 386 et
1595 351 1892 397 comprehendere
1924 362 2003 388 eum
2033 355 2073 389 et
2091 356 2175 407 post
2198 355 2376 389 tormenta
2399 352 2482 389 ulti-

1403 397 1469 432 mis
1501 396 1688 441 suppliciis
1719 397 1897 440 subicere,
1929 398 2028 434 nulla
2058 399 2128 434 alia
2158 398 2388 435 excusatione
2419 399 2483 434 aut

1371 445 1389 478 5
1403 442 1616 487 probatione
1645 442 1818 486 faciente3
1857 445 1893 478 et
1915 442 2096 479 mulierem
2120 445 2333 490 castigatam
2362 445 2399 479 et
2421 443 2482 478 de-

1402 491 1543 522 tonsam
1562 488 1778 524 monasterio
1801 487 1943 523 immitti
1964 487 2125 525 iubemus
2149 493 2186 525 et
2208 489 2258 526 ibi
2281 497 2424 524 manere
2446 489 2484 524 in

1404 542 1507 568 omne
1542 535 1682 577 tempus
1717 533 1882 578 propriae
1919 533 2030 578 vitae3
2067 534 2253 579 utriusque
2283 544 2366 570 vero
2398 534 2482 569 sub-

1403 577 1571 613 stantiam
1601 580 1794 614 secundum
1823 577 2042 623 praedictum
2065 579 2221 615 ordinem
2245 579 2365 622 dividi,
2388 579 2482 624 peri-

1406 623 1485 658 culo
1519 623 1625 666 (sicut
1655 623 1819 667 diximus)
1858 625 1933 659 tam
1965 623 2101 660 comitis
2131 625 2348 670 privatarum
2378 633 2483 670 quam

253 680 362 725 μητος
392 670 471 705 τῶν
501 670 695 716 πριβάτων
726 672 786 703 καὶ
815 682 893 703 των
924 682 1014 704 κατα
1042 682 1110 703 τον
1131 668 1249 703 τόπον
1272 666 1334 714 ἆρ-
1351 670 1392 703 10
1405 668 1532 704 iudicis
1555 668 1635 704 loci.

252 727 405 758 χοντων.

1236 804 1391 840 CAPUT
1416 804 1513 841 XIII.

319 870 464 917 Ἐπειδὴ
497 871 538 908 δὲ
568 871 623 907 δεῖ
644 870 736 918 ἡμᾶς
765 872 833 916 τὴν
863 873 928 907 τοῦ
953 869 1195 918 ἀνθρωπίνου
1217 875 1338 919 γένους

255 915 454 954 ἀσθένειαν
478 922 637 960 σκοπεῖν,
661 918 726 952 τοὶς
750 919 796 952 εἰς
820 919 925 963 σῶμα
949 917 1079 953 ποινὰς
1103 918 1195 952 κατά
1218 932 1254 952 τι
1277 921 1337 962 με’-

255 975 314 1010 ρος
341 963 573 999 ἐλαττοῦντες
595 960 867 1017 ἀπαγορευομεν
891 964 1058 1009 ἑκατέρας
1089 964 1154 997 τὰς
1176 966 1292 1008 χεῖρας
1315 961 1337 1006 ἢ

1473 872 1563 917 Quia
1586 880 1669 906 vero
1694 880 1759 906 nos
1790 871 1932 915 oportet
1960 870 2106 906 humani
2134 871 2272 914 generis
2299 870 2483 907 infirmita-

1405 921 1476 954 tem
1500 920 1695 963 protegere,
1727 916 1930 960 corporales
1954 926 2088 960 poenas
2113 917 2307 952 secundum
2329 916 2484 961 aliquam

1406 965 1544 1009 partem
1578 961 1825 997 imminuentes
1860 961 2102 997 interdicimus
2136 963 2325 997 alterutras
2358 968 2489 998 manus

254 1012 314 1042 καὶ
345 1007 460 1044 πόδας
491 1009 712 1054 τέμνεσθαι,
747 1023 769 1052 η
802 1009 970 1043 τοιαύτας
1001 1011 1098 1043 τισὶν
1131 1007 1392 1063 ἐπάγεσθαι15
1406 1013 1468 1044 aut
1500 1007 1607 1053 pedes
1639 1006 1793 1048 abscidi,
1830 1010 1893 1042 aut
1924 1006 2126 1042 huiusmodi
2157 1008 2332 1052 quaedam
2361 1007 2485 1042 inferri

254 1059 427 1099 τιμωρίας
452 1051 503 1088 δι>
531 1054 584 1089 ὠν
609 1054 654 1089 τὰ
675 1053 799 1100 ἄρθρα
825 1051 1042 1093 διαλύονται,
1067 1052 1191 1097 ἐπειδὴ
1217 1067 1238 1096 η
1261 1054 1338 1088 τῶν

255 1098 408 1146 ἄρθρων
433 1097 590 1134 διάλυσις
606 1102 787 1155 βαρυτέρα
810 1101 886 1133 ἐστὶ
902 1100 964 1142 τῆς
981 1099 1161 1143 ἑκατέρων
1176 1100 1254 1133 τῶν
1269 1113 1337 1142 χει·

255 1146 331 1190 ριῦν
355 1146 511 1189 ἐκτομῆς.
560 1143 617 1179 διο
636 1142 833 1189 κελεύομεν,
858 1145 889 1178 εἰ
911 1146 978 1187 μὲν
1000 1143 1146 1179 τοιοῦτό
1170 1158 1206 1178 τι
1223 1141 1336 1188 άμαρ-

254 1190 384 1245 τηθείη
415 1190 454 1231 ἐξ
485 1181 528 1225 οὗ
556 1189 593 1246 of
622 1188 729 1235 νόμοι
761 1189 930 1224 θάνατον
961 1192 1033 1224 τοῖς
1066 1188 1338 1235 ἁμαρτάνουσιν

1406 1053 1581 1098 supplicia
1609 1062 1691 1132 perl
1705 1062 1795 1105 quae
1823 1051 1965 1104 articuli
1988 1051 2238 1105 dissolvuntur,
2271 1052 2355 1098 quia
2377 1062 2484 1088 mem-

1406 1100 1570 1180 Egeta.
1583 1098 1769 1188 &3⁸50ssssss
1792 1100 2396 1187 statutis&attexat
2420 1097 2485 1178 31¹3:

1407 1189 1491 1234 quid
1521 1188 1745 1233 delinquatur
1773 1187 1867 1223 unde
1896 1187 1991 1231 leges
2022 1192 2171 1223 mortem
2199 1188 2485 1233 delinquentibus

256 1237 462 1290 ἐπάγουσιν,
499 1248 591 1270 κατα
627 1235 696 1278 τὴν
731 1237 806 1270 τῶν
840 1235 967 1288 νόμων
1003 1233 1158 1279 δύναμιν
1194 1233 1338 1288 ὑπέζειν
1353 1237 1393 1269 20
1406 1234 1579 1279 inferunt,
1616 1233 1811 1270 secundum
1842 1233 1959 1277 legum
1993 1233 2157 1268 vittutem
2193 1233 2372 1269 sustinere
2407 1243 2486 1269 eum

256 1281 367 1315 αυτὸν
398 1281 462 1315 τὰς
486 1280 632 1325 ποινάς,
658 1281 688 1314 εἰ
708 1278 748 1314 δὲ
769 1293 911 1315 τοιουτο
935 1280 987 1324 εἴη
1009 1280 1052 1314 τὸ
1070 1279 1225 1325 ἔγκλημα
1251 1277 1338 1314 ω’ςτε

254 1325 420 1360 θανάτου
445 1325 549 1366 ἄξιον
571 1326 621 1370 μὴ
641 1326 750 1369 εἶναι,
775 1324 891 1360 ἄλλως
912 1322 1025 1359 αὐτὸν
1042 1325 1337 1372 σωφρονίζεσθαι

255 1369 278 1414 ἢ
294 1371 340 1405 εἰς
357 1371 499 1416 ἐξορίαν
522 1371 746 1415 πέμπεσθαι,
771 1372 802 1404 εἰ
822 1370 861 1405 δὲ
880 1367 901 1414 ἡ
918 1371 981 1405 τοῦ
999 1370 1213 1416 ἐγκλήματος
1236 1369 1337 1406 ποιό-

254 1427 315 1459 της
334 1415 456 1460 μέλους
472 1414 664 1461 ἀποτομὴν
688 1413 882 1459 ἀπαιτήσει
904 1416 1096 1462 γενέσθαι,
1119 1420 1206 1460 μίαν
1221 1416 1339 1460 μόνην

254 1463 273 1496 1
320 1465 374 1504 χεῖ
397 1476 419 1495 α
442 1462 653 1505 τέμνεσθαι.

254 1475 442 1541 παντελῶς
461 1505 676 1550 οἱονδήποτε
694 1506 797 1551 μέλος
817 1507 1018 1550 τέμνεσθαι
1035 1521 1056 1549 η
1074 1505 1338 1549 ἀποθνήσκειν,

256 1549 337 1585 ἀλλ’
363 1553 492 1598 ἑτέρως
523 1549 639 1586 αὐτὸν
669 1552 974 1599 σωφρονίζεσθαι.
1022 1551 1175 1586 κλέπτας
1209 1550 1247 1586 δὲ
1278 1565 1338 1586 κα-

254 1596 384 1641 λοῦμεν
407 1597 490 1632 τοὺς
505 1595 628 1642 λάθρα
649 1601 708 1631 καὶ
730 1596 815 1631 ἄνευ
837 1594 966 1631 ὅπλων
989 1597 1035 1631 τὰ
1056 1598 1209 1631 τοιαῦτα
1225 1595 1338 1640 πλημ-

254 1641 466 1685 μελοῦντας·
483 1642 565 1676 τοὺς
580 1643 650 1689 γὰρ
662 1646 791 1697 βιαίως
807 1644 1060 1697 ἐπερχομένους
1073 1640 1094 1686 ἢ
1105 1642 1196 1687 μετὰ
1211 1639 1339 1677 ὅπλων

1407 1290 1559 1325 poenas3
1585 1279 1615 1315 si
1633 1289 1715 1315 vero
1735 1278 1806 1314 tale
1820 1278 1930 1314 fuerit
1948 1278 2079 1314 crimen
2101 1278 2193 1323 quod
2211 1280 2323 1314 morte
2343 1278 2486 1323 dignum

1406 1336 1479 1361 non
1504 1325 1560 1367 sit,
1593 1325 1656 1360 sed
1679 1327 1720 1359 ut
1741 1324 1819 1369 ipse
1843 1323 2015 1368 castigetu
2059 1329 2121 1359 aut
2143 1324 2180 1359 in
2204 1324 2344 1359 exilium
2368 1328 2485 1359 trans-

1406 1371 1581 1414 mittatur3
1618 1370 1649 1406 si
1671 1379 1753 1405 vero
1779 1369 1932 1405 criminis
1965 1379 2034 1414 qua
2050 1369 2118 1404 ’tas
2147 1369 2293 1405 membri
2315 1368 2485 1405 abscisio-

1407 1426 1488 1452 nem
1511 1415 1629 1460 exigat
1651 1414 1744 1456 fieri,
1770 1424 1876 1449 unam
1902 1414 2013 1449 solam
2035 1424 2178 1449 manum
2202 1414 2348 1450 abscidi.

713 1458 819 1507 Ὑπὲρ
843 1460 976 1504 κλοπῆς
1000 1459 1103 1516 δὲἈοῦ
1127 1460 1339 1506 βουλόμεθα
1354 1463 1430 1498 251
1476 1461 1546 1497 Pro
1577 1462 1674 1495 furto
1698 1469 1781 1496 vero
1805 1460 1969 1495 nolumus
1999 1460 2141 1495 omnino
2172 1459 2354 1504 quodlibet
2377 1469 2485 1494 mem-

1408 1507 1509 1542 brum
1543 1505 1680 1542 abscidi
1714 1507 1778 1541 aut
1812 1505 1919 1548 mori,
1955 1505 2018 1541 sed
2051 1505 2154 1540 aliter
2193 1514 2273 1540 eum
2307 1504 2484 1549 castigari.

1408 1552 1519 1587 Fures
1545 1556 1663 1587 autem
1687 1561 1853 1587 vocamus
1883 1550 1943 1595 qui
1967 1550 2106 1586 occulte
2130 1552 2166 1585 et
2189 1550 2265 1585 sine
2288 1550 2395 1586 armis
2419 1551 2485 1585 hu-

1407 1597 1559 1633 iusmodi
1592 1596 1818 1640 delinquunt3
1856 1606 1918 1631 eos
1950 1605 2031 1631 vero
2068 1595 2129 1640 qui
2158 1595 2329 1631 violenter
2361 1596 2486 1640 adgre-

1408 1642 1552 1677 diuntur
1576 1644 1640 1678 aut
1662 1652 1743 1677 cum
1766 1641 1872 1676 armis
1896 1645 1958 1676 aut
1981 1641 2057 1676 sine
2081 1641 2205 1684 armis,
2235 1641 2272 1676 in
2296 1641 2399 1676 domo
2422 1643 2486 1676 aut

256 1685 420 1742 31⁸,xwglq
445 1683 583 1730 ὅπλων,
599 1690 653 1742 ,ἐν
684 1689 770 1730 cinq)
801 1685 823 1730 ἢ
854 1689 894 1721 ἐν
926 1686 1003 1741 offa?
1034 1685 1058 1730 ἢ
1087 1690 1126 1721 ἐν
1154 1685 1338 1733 θαλάσσῃ,
1354 1688 1445 1722 30in
1468 1687 1652 1723 itineribus
1676 1689 1740 1723 aut
1762 1687 1799 1722 in
1822 1686 1928 1730 mari,
1955 1686 2078 1731 poenis
2103 1696 2163 1723 eos
2186 1686 2359 1730 legalibus
2382 1685 2486 1722 subdi

256 1743 318 1766 τας
350 1744 425 1767 απο
455 1733 534 1766 τῶν
565 1745 693 1776 νομων
722 1730 909 1775 κελεύομεν
939 1735 1133 1777 υπομένειν
1157 1733 1293 1766 ποινάς.

1406 1732 1579 1768 iubemus.

314 1835 340 1856 c.
355 1823 455 1856 XIII
467 1824 510 1857 in.
529 1830 558 1857 et
573 1823 595 1866 ξ
609 1823 629 1856 2
645 1835 795 1857 summam
819 1835 858 1856 ez·
873 1823 950 1856 Ath.
976 1824 1090 1866 repetit
1114 1823 1240 1855 libellus
1265 1823 1346 1866 περὶ
1372 1818 1562 1866 διαφόρων
1585 1818 1887 1867 ἀναγνωσμάτων
1913 1820 1966 1863 §6
1988 1834 2022 1864 p.
2038 1822 2101 1854 193
2116 1821 2316 1863 Heimbach,
2339 1833 2369 1854 v.
2386 1822 2427 1854 14
2435 1833 2483 1864 sq.

257 1874 461 1902 summarium
485 1869 634 1902 exhibent
656 1868 837 1902 Prochiron
861 1869 915 1910 39,
929 1875 975 1910 23,
999 1869 1204 1911 Epanayoqe
1227 1869 1281 1909 40,
1299 1875 1344 1909 26,
1370 1868 1498 1911 Ecloya
1523 1868 1569 1900 ad
1592 1867 1771 1900 Prochz‘ron
1795 1873 1918 1899 mutata
1942 1867 1996 1906 37,
2010 1873 2043 1899 '15
2063 1878 2099 1909 p.
2117 1867 2180 1899 152
2201 1866 2303 1899 Zach.

257 1990 399 2038 quidem
423 1990 689 2025 matrimonium
712 1989 882 2032 iubemus,
906 1988 971 2025 sed
991 1989 1098 2025 etiam
1121 1999 1199 2023 eum
1223 1990 1288 2034 qui
1315 1988 1385 2024 boc
1408 1989 1626 2024 committere
1650 1999 1760 2023 ausus
1774 1989 1835 2030 sit,
1858 1988 1998 2023 etiamsi
2023 1991 2131 2023 antea

2151 1988 2342 2067 assu-qamt,
2367 1992 2485 2024 tamen

260 2036 359 2072 omni
379 2034 492 2071 iudici
510 2035 726 2087 facultatem
750 2034 878 2070 damus
900 2044 979 2069 com
1007 2033 1226 2069 reliendendi
1256 2038 1292 2069 et
1319 2036 1405 2080 post
1428 2037 1606 2069 tormenta
1637 2033 1770 2068 ultimis
1793 2033 1981 2079 suppliciis
2005 2032 2154 2078 afficien
2180 2043 2212 2074 ι,
2244 2033 2297 2068 ita
2319 2037 2361 2070 ut
2383 2034 2484 2070 nulla

258 2081 332 2116 alia
356 2084 586 2116 accusatione
608 2080 664 2115 vel
683 2079 897 2125 probatione
919 2080 956 2114 in
983 2080 1102 2125 τριταί,-
1134 2082 1171 2113 et
1193 2078 1375 2113 mulierem
1404 2078 1619 2123 castiqatam
1651 2082 1687 2113 et
1719 2082 1859 2113 tonsam
1890 2077 1928 2112 in
1959 2077 2217 2113 monasterium
2246 2078 2364 2114 conici
2389 2079 2485 2115 iube-

257 2136 335 2161 mus
357 2125 477 2171 ibique
499 2136 644 2161 manere
661 2135 732 2171 per
756 2135 858 2159 omne
881 2124 975 2160 vitae
997 2134 1086 2159 suae
1103 2126 1242 2169 tempus
1249 2135 1264 2165 ;
1287 2124 1475 2169 utriusque
1498 2133 1584 2159 vero
1602 2122 1839 2158 substantiam
1861 2121 2055 2158 secundum
2073 2122 2302 2169 praedictum
2325 2123 2485 2161 ordinem

258 2170 387 2214 dividi,
439 2170 575 2206 em'culo
600 2169 910 2216 (quemadmodum
935 2169 1107 2212 diximus)
1132 2173 1166 2203 et
1189 2167 1331 2203 comitis
1354 2179 1472 2204 rerum
1493 2169 1721 2215 privatarum
1745 2172 1779 2204 et
1799 2167 2009 2214 praesidum
2034 2167 2206 2203 locorum.

427 2215 489 2251 111.
538 2215 714 2258 Quoniam
739 2219 858 2250 autem
882 2213 1030 2249 humani
1053 2213 1196 2260 qeneris
1219 2213 1463 2258 infirmitatem
1487 2212 1718 2249 considerare
1741 2223 1809 2248 nos
1833 2217 1993 2260 oportet,
2021 2223 2163 2259 poenas
2186 2212 2397 2259 corporales
2420 2213 2486 2249 ali-

258 2272 331 2307 qua
353 2272 403 2297 ex
420 2264 531 2308 parte
554 2261 751 2296 minuentes
774 2263 934 2296 vetamus
957 2264 1147 2304 utramque
1169 2269 1312 2293 manum
1337 2258 1392 2294 vel
1415 2258 1520 2294 etiam
1542 2258 1669 2305 pedem
1695 2258 1842 2301 abscidi,
1867 2262 1930 2293 aut
1952 2257 2125 2293 eiusmodi
2145 2268 2283 2304 poenas
2306 2258 2486 2304 aliquibus

257 2307 387 2358 infliqi·
403 2317 475 2353 per
508 2317 600 2352 quas
634 2305 783 2341 articuli
815 2305 1012 2347 solvuntur,
1049 2303 1340 2356 quandoquidem

1376 2303 1613 2339 articulorum
1647 2303 1835 2339 dissolutio
1867 2303 2018 2349 qravior
2053 2306 2105 2339 est
2134 2303 2323 2349 utriusque
2358 2315 2486 2340 manus

258 2351 467 2387 absczszone.
514 2350 715 2398 Propterea
738 2349 909 2393 iubemus,
941 2350 973 2385 si
997 2349 1138 2395 quidem
1162 2348 1251 2395 quid
1272 2349 1448 2385 eiusmodi
1469 2349 1694 2384 commissum
1718 2349 1766 2384 sit
1795 2348 1839 2383 de
1863 2359 1934 2394 quo
1958 2348 2055 2395 leqes
2077 2352 2225 2384 mortem
2249 2348 2485 2395 delinquenti-

258 2396 322 2432 bus
343 2397 521 2442 inferunt,
552 2396 747 2432 secundum
772 2400 930 2431 tenorem
954 2395 1072 2441 lequm
1095 2405 1174 2431 eum
1191 2404 1333 2440 poenas
1356 2394 1477 2429 subire
1483 2406 1497 2436 ;
1531 2394 1588 2429 sin
1612 2395 1684 2430 tale
1706 2394 1755 2429 sit
1777 2394 1909 2429 crimen
1940 2398 1981 2429 ut
2011 2397 2126 2429 morte
2148 2392 2297 2439 diqnum
2333 2405 2405 2429 non
2428 2394 2486 2438 sit,

258 2442 331 2477 alio
347 2442 453 2477 modo
479 2442 654 2488 castiqari
677 2441 733 2477 vel
755 2441 793 2477 in
808 2441 959 2476 exilium
982 2440 1076 2476 mitti
1083 2452 1098 2481 ;
1120 2439 1153 2475 si
1176 2450 1258 2474 vero
1283 2438 1444 2474 criminis
1467 2439 1627 2485 qualitas
1649 2439 1798 2475 membri
1819 2439 2054 2475 abscisionem
2077 2438 2216 2485 exiqat,
2239 2449 2348 2474 unam
2371 2438 2486 2475 solum

258 2490 280 2524 1
326 2498 470 2522 manum
494 2486 642 2522 abscidi.

734 2485 895 2532 Propter
915 2486 1059 2531 furtum
1082 2488 1199 2520 autem
1225 2484 1368 2520 omnino
1392 2484 1559 2519 nolumus
1582 2484 1774 2520 membrum
1798 2484 1908 2519 ullum
1929 2483 2076 2526 abscidi,
2099 2487 2164 2519 aut
2178 2483 2295 2518 occidi
2311 2494 2400 2525 eum,
2423 2483 2488 2519 sed

258 2531 332 2568 alio
353 2532 459 2568 modo
481 2531 666 2578 castiqari.
713 2531 830 2567 Fures
848 2542 931 2567 vero
957 2541 1127 2582 vocamus
1144 2540 1206 2566 eos
1226 2530 1289 2575 qui
1313 2530 1404 2565 clam
1429 2533 1464 2566 et
1482 2530 1560 2565 sine
1580 2530 1691 2565 armis
1710 2529 1884 2565 eiusmodi
1903 2529 2034 2565 delicta
2054 2529 2276 2565 committunt
2283 2541 2298 2571 ;
2319 2540 2403 2564 nam
2449 2528 2487 2564 ui

258 2577 431 2614 violenter
453 2581 673 2623 qrassantur
695 2577 768 2613 sive
792 2587 871 2612 cum
895 2586 1006 2611 armis
1028 2577 1102 2612 sive
1123 2576 1202 2611 sine
1224 2575 1347 2617 armis,

258 2626 414 2659 statutas
435 2623 556 2658 subire
579 2622 749 2658 iubemus.

307 2750 323 2783 1
347 2748 455 2781 τοῦτο
470 2747 515 2780 M
516 2749 547 2788 ς]
571 2746 715 2779 τοιοῦτο
735 2747 806 2787 (om.
821 2746 993 2787 Nomocffl)
1012 2746 1080 2778 LB
1099 2746 1112 2789 ΙΙ
1127 2743 1170 2777 τὸ
1196 2757 1253 2777 om.
1268 2744 1338 2778 No-

260 2793 356 2827 πιοε.ἀι
371 2792 383 2836 ΙΙ
403 2794 421 2826 3
447 2790 614 2834 ἐσχάταις
624 2792 672 2824 Μ
678 2793 708 2832 ς]
732 2793 894 2834 νομίμοις
906 2790 975 2823 LB
994 2789 1006 2834 ΙΙ
1024 2791 1044 2823 4
1067 2788 1275 2824 ἐπιτιθέναι
1288 2789 1338 2829 Μ,

260 2835 481 2872 ὑποτιθέναι
501 2856 545 2861 -
568 2839 780 2882 κατηγορίας
803 2849 861 2870 om.
882 2835 913 2868 L
937 2833 950 2879 ΙΙ
979 2832 1163 2878 μηδεμιᾶς]
1193 2835 1252 2868 καὶ
1273 2846 1338 2877 μη-

261 2881 381 2927 δεμιᾶς
406 2882 456 2915 Bs
478 2882 490 2926 ΙΙ
522 2884 542 2916 5
567 2878 748 2925 δεομένων
773 2882 803 2914 L
838 2880 981 2913 faciente
1005 2893 1024 2917 ς
1047 2881 1059 2923 ΙΙ
1085 2883 1102 2914 7
1128 2880 1191 2922 τῆς
1213 2878 1341 2913 οἰκείας

261 2929 354 2970 ζωῆς
375 2926 485 2970 (ζωὴν
500 2928 563 2969 La)
588 2928 752 2970 Lenes.
766 2928 830 2960 685
854 2927 913 2968 24)]
939 2926 1000 2967 τῆς
1024 2925 1117 2967 ζωῆς
1141 2922 1248 2967 αὐτῆς
1268 2924 1313 2957 Μ
1329 2922 1340 2967 ιι

263 2976 304 3007 10
327 2973 404 3006 τῶν
428 2968 645 3018 πριβάντων
668 2972 700 3005 L
729 2971 789 3014 τῆς
812 2952 922 3013 ἰδικῆς
944 2973 1147 3015 περιουσίας
1170 2969 1259 3012 (τῶν
1275 2965 1339 3002 ἰδι-

260 3018 336 3052 κῶν
360 3017 525 3060 Nomoe.d)
551 3018 584 3050 B
614 3016 626 3061 ΙΙ
653 3016 731 3050 τῶν
753 3036 798 3041 --·
822 3013 1023 3061 ἀρχόντων]
1047 3015 1169 3048 iudicis
1194 3026 1223 3057 ς,
1256 3015 1340 3048 unde

260 3064 324 3097 τοῦ
345 3082 388 3088 -—
407 3060 575 3108 ἄρχοντος
600 3063 795 3096 Haloander
811 3062 823 3096 ΙΙ
840 3061 907 3095 τὸν
931 3074 989 3094 om.
1002 3060 1087 3094 LBf
1101 3061 1112 3105 ΙΙ
1130 3059 1259 3094 τόπων
1271 3059 1340 3094 No-

261 3113 366 3144 moc.⁷⁷¹
392 3108 404 3152 ΙΙ
430 3110 472 3142 12
496 3104 714 3152 ἆνθρωπίου
734 3108 765 3141 L
797 3102 999 3151 ἀνθρώπου
1020 3107 1071 3139 B⁶
1086 3106 1098 3150 ΙΙ
1119 3107 1159 3140 13
1182 3106 1339 3146 σκοπεῖν]

260 3156 432 3197 protegere
455 3165 484 3195 ς,
508 3155 593 3186 unde
617 3155 762 3186 σκέπειν
786 3165 867 3186 corr.
889 3153 1082 3185 Haloander
1099 3151 1111 3194 ΙΙ
1132 3153 1173 3185 14
1196 3149 1259 3184 τὰς
1283 3163 1339 3184 om.

261 3201 312 3233 L⁰
329 3199 341 3242 ΙΙ
360 3200 401 3232 15
422 3196 445 3241 ἢ
460 3200 521 3231 καὶ
539 3197 707 3231 τοιαύτας
720 3198 751 3230 L
768 3197 781 3241 ss
801 3200 839 3231 17
855 3196 937 3239 τῆς]
963 3196 1040 3230 τῶν
1067 3196 1115 3230 ΒΓ
1139 3197 1151 3240 1]
1176 3194 1283 3229 ε’κατέ
1303 3204 1342 3229 ας

262 3245 313 3277 13⁶
340 3244 352 3286 ΙΙ
384 3245 425 3278 21
449 3242 616 3277 τοιοῦτον
640 3243 718 3276 LB
747 3242 759 3283 ΙΙ
788 3244 830 3276 22
855 3240 980 3283 ἄλλως]
1015 3241 1070 3274 sed
1095 3245 1132 3274 ut
1164 3243 1184 3275 i.
1203 3254 1229 3274 e.
1254 3238 1276 3273 ἀ
1301 3237 1337 3274 λ’

262 3286 310 3322 ὠς
334 3301 352 3325 ς
377 3289 389 3332 ΙΙ
413 3290 455 3323 23
477 3287 700 3331 πέμπεσθαι]
727 3283 840 3321 αὐτὸν
864 3285 1077 3330 πέμπεσθαι
1101 3287 1136 3319 Β
1153 3285 1164 3329 ΙΙ
1190 3286 1221 3319 εἰ
1245 3283 1284 3319 δὲ
1305 3281 1340 3328 ἦ]

262 3330 283 3375 ἦ
301 3331 339 3366 δὲ
355 3335 385 3366 L
402 3333 414 3377 ΙΙ
437 3335 481 3368 24
497 3329 692 3376 ἀπαιτήσει
706 3334 764 3374 Μ]
789 3328 987 3374 άπαιτήσοι
1007 3332 1082 3364 LB
1108 3331 1119 3375 ΙΙ
1141 3333 1204 3374 μία
1227 3331 1340 3374 μόνον

262 3380 335 3421 χεὶρ
364 3375 387 3420 ἢ
418 3376 481 3412 εἷς
511 3377 620 3413 ποὺς
644 3377 710 3412 τοῦ
732 3375 1050 3421 πλημμελήσαντος
1073 3371 1340 3419 ἄποτεμνέσθω

265 3423 384 3455 Theod.
403 3423 415 3467 Ι]
440 3425 482 3458 25
494 3421 698 3479 Ἃχέῑολόμεθά
722 3423 765 3455 M
769 3445 770 3448 =
782 3422 794 3468 ΙΙ
814 3424 857 3457 26
880 3419 1092 3464 οῐουδήποτε
1116 3421 1168 3455 ΒΓ
1183 3422 1255 3465 {129
1279 3422 1339 3455 ἐπ-

264 3469 465 3511 ερχομένους
487 3481 509 3510 η
533 3466 624 3511 μετὰ
650 3464 779 3502 ὅπλων
803 3480 860 3502 om.
887 3467 938 3501 ΒΓ

323 3602 340 3633 1
365 3601 398 3632 et
418 3613 476 3633 om.
492 3600 510 3631 b
522 3601 610 3644 vuly.
628 3600 641 3643 ΙΙ
658 3600 887 3642 derelinquere
908 3600 959 3634 V¹
975 3600 992 3630 b
1010 3599 1022 3643 ΙΙ
1039 3599 1294 3643 praesumpserit
1308 3599 1341 3632 R

269 3642 393 3685 Tvuly.
409 3643 422 3687 ΙΙ
449 3646 468 3677 2
490 3645 640 3686 profugit
663 3645 712 3677 R²
724 3647 811 3688 vulq.
829 3645 842 3688 Ι]
864 3646 943 3678 attffi
964 3645 1052 3678 RT²
1087 3645 1229 3677 alterum
1255 3646 1286 3678 T
1294 3644 1306 3665 ²
1327 3643 1339 3689 Η

268 3696 396 3718 omnem
421 3688 437 3716 b
456 3688 470 3731 Ι]
485 3690 505 3721 3
521 3691 555 3721 et
577 3701 635 3721 om.
648 3701 669 3720 υ
685 3689 697 3731 ΙΙ
715 3699 789 3722 eum
812 3702 872 3724 om.
887 3690 920 3722 T
933 3688 946 3732 Ι]
960 3691 1162 3723 tormentum
1181 3689 1198 3719 b
1216 3690 1229 3733 ΙΙ
1245 3691 1268 3724 4
1283 3699 1338 3722 ex—

268 3730 470 3764 eusationem
495 3732 525 3773 b,
556 3733 763 3766 accusatione
785 3734 876 3767 malit
898 3734 1127 3778 Osenbriiyqen
1144 3733 1158 3778 ΙΙ
1175 3735 1194 3767 5
1218 3734 1336 3778 proba-

1378 2575 1417 2609 in
1440 2574 1544 2610 domo
1567 2575 1640 2611 sive
1663 2576 1702 2611 in
1725 2575 1784 2611 via
1806 2576 1880 2610 sive
1902 2574 1941 2610 in
1964 2574 2075 2617 mari,
2104 2584 2165 2610 eos
2182 2584 2326 2620 poenas
2349 2574 2420 2621 leqi
2445 2583 2487 2610 us

1407 2744 1531 2776 tionem
1558 2743 1607 2775 bv
1624 2743 1636 2787 ss
1663 2742 1838 2775 facientem
1864 2745 1925 2783 bv,
1955 2743 2105 2776 facienda
2126 2744 2211 2786 vuly.
2237 2742 2249 2785 ΙΙ
2273 2743 2316 2783 et]
2340 2741 2377 2774 in
2402 2744 2451 2775 bv
2474 2741 2486 2788 ΙΙ

1406 2788 1545 2821 muliere
1570 2787 1730 2829 castigata
1753 2787 1866 2821 RVT
1887 2787 1899 2828 ΙΙ
1922 2787 2089 2820 detonsam
2117 2788 2250 2821 Cramer
2272 2788 2305 2820 in
2326 2787 2484 2821 Zeitschr.

1402 2835 1430 2874 fi
1447 2835 1553 2878 qesch.
1569 2833 1773 2866 Rechtswiss.
1794 2834 1824 2874 1,
1841 2833 1908 2872 309]
1934 2832 2191 2866 detrusaRVT
2197 2831 2215 2862 b
2246 2831 2343 2864 detur
2365 2831 2407 2864 ad
2430 2844 2450 2863 v
2473 2831 2485 2870 ΙΙ

1409 2881 1427 2912 ’7
1452 2878 1543 2911 omni
1569 2878 1586 2908 b
1618 2888 1747 2911 omnem
1770 2890 1790 2909 v
1817 2877 1829 2921 ΙΙ
1857 2877 2006 2919 utrisque
2034 2877 2084 2911 Τι
2108 2877 2120 2920 ΙΙ
2144 2875 2329 2910 substantia
2354 2875 2372 2906 b
2407 2875 2484 2915 sub-

1408 2925 1550 2957 stantiae
1565 2936 1586 2956 v
1604 2922 1616 2967 ΙΙ
1633 2925 1653 2958 8
1676 2922 1884 2967 praedictum
1908 2922 2057 2956 ordinem
2078 2935 2136 2956 om.
2156 2924 2217 2964 bv,
2241 2923 2298 2955 ubi
2319 2922 2353 2955 in
2374 2923 2484 2964 proxi-

1408 2972 1465 3003 mis
1502 2981 1626 3013 quoque
1660 2970 1804 3002 versibus
1839 2970 1938 3001 verba
1976 2969 2101 3011 aliquot
2134 2969 2317 3001 omittuntur
2353 2973 2486 3010 propter

1409 3016 1509 3048 labem
1536 3015 1707 3058 archetypo
1731 3014 1919 3057 adspersam
1946 3012 1959 3057 ΙΙ
1987 3012 2136 3056 periculo
2161 3025 2219 3046 om.
2234 3024 2255 3045 v
2282 3011 2295 3056 ΙΙ
2325 3013 2346 3046 9
2371 3011 2485 3044 comiti

1409 3062 1425 3091 b
1438 3072 1459 3092 υ
1477 3059 1489 3103 ΙΙ
1506 3070 1603 3101 quam
1616 3079 1659 3083 —-
1674 3060 1715 3093 12
1728 3069 1787 3091 nos
1803 3071 1861 3092 om.
1878 3061 1924 3091 bv
1943 3059 1955 3101 ΙΙ
1980 3060 2021 3092 12
2041 3057 2252 3091 infirmitates
2277 3057 2295 3086 b
2312 3056 2325 3100 ΙΙ
2345 3058 2385 3090 13
2413 3067 2484 3088 cor-

1407 3104 1535 3146 porales
1560 3114 1682 3147 poenas
1707 3117 1765 3137 om.
1780 3106 1797 3137 b
1810 3116 1830 3136 υ
1847 3103 1859 3147 ΙΙ
1877 3103 2004 3146 aliquas
2025 3105 2136 3146 partes
2155 3103 2190 3135 R
2209 3102 2222 3145 Ι]
2248 3103 2289 3135 14
2312 3100 2484 3133 interdici-

1407 3161 1480 3182 mus
1499 3149 1703 3182 inminuenti
1725 3162 1745 3181 υ
1764 3150 1776 3192 ΙΙ
1793 3149 2034 3190 alter-utrasque
2053 3158 2172 3181 manus
2188 3147 2221 3180 T
2239 3148 2396 3187 utrasque
2416 3155 2484 3178 ma-

1408 3205 1471 3227 nus
1485 3195 1546 3236 R¹‚
1571 3208 1628 3228 om.
1645 3197 1662 3227 b
1674 3206 1695 3226 v
1712 3194 1724 3237 ῃ
1744 3195 1786 3228 16
1809 3204 1868 3236 per
1892 3203 1976 3236 quae
1999 3193 2135 3227 articuli
2159 3190 2216 3236 dis}
2244 3204 2301 3225 om.
2318 3191 2336 3222 b
2350 3203 2371 3223 υ
2388 3190 2400 3234 Ι]
2418 3190 2483 3223 sol-

1407 3242 1531 3273 uantur
1549 3239 1566 3270 b
1582 3239 1595 3284 Ι]
1615 3241 1655 3274 17
1673 3238 1867 3272 dissoluatio
1885 3239 1903 3269 b
1927 3239 2049 3272 solutio
2065 3251 2086 3272 υ
2103 3239 2116 3280 Ι]
2131 3247 2288 3270 manuum
2304 3235 2484 3269 abscisione

1415 3286 1452 3327 V,
1477 3298 1535 3319 om.
1559 3287 1576 3318 ὁ
1589 3297 1610 3317 υ
1627 3283 1640 3328 ΙΙ
1660 3286 1700 3318 18
1725 3284 1827 3317 talem
1851 3286 1868 3317 b
1881 3296 1901 3317 υ
1917 3283 1929 3328 Ι]
1955 3286 1997 3318 19
2022 3283 2260 3324 delinquantur
2282 3281 2330 3314 R¹
2347 3280 2360 3325 ΙΙ
2379 3281 2483 3314 delin-

1408 3331 1581 3371 quentium
1604 3342 1624 3362 v
1655 3328 1667 3373 ΙΙ
1693 3331 1734 3364 20
1759 3329 1907 3362 inferant
1932 3329 1949 3360 b
1976 3328 1989 3373 ΙΙ
2018 3329 2161 3361 uirtutes
2184 3340 2204 3360 v
2235 3327 2248 3370 ss
2268 3336 2331 3359 >eos
2354 3339 2375 3358 υ
2398 3326 2409 3369 ΙΙ
2440 3326 2480 3359 21

1407 3375 1484 3407 talis
1507 3387 1528 3408 υ
1545 3375 1558 3419 ΙΙ
1575 3377 1712 3408 mortem
1738 3374 1756 3404 b
1772 3374 1784 3418 ΙΙ
1804 3376 1846 3408 22
1870 3375 1919 3406 set
1942 3375 1994 3406 uti
2011 3374 2060 3406 R¹
2082 3375 2140 3406 aut
2156 3372 2206 3405 R2
2224 3371 2236 3416 ΙΙ
2251 3372 2332 3414 ipse]
2358 3372 2390 3403 et
2411 3370 2482 3411 ipse

1416 3420 1445 3453 V
1459 3419 1470 3463 ΙΙ
1487 3420 1522 3452 in
1548 3432 1606 3454 om.
1632 3419 1650 3450 b
1667 3419 1679 3463 ΙΙ
1697 3420 1927 3452 transmitatur
1944 3419 1977 3452 T
1996 3419 2239 3451 transmittetur
2260 3416 2289 3458 b,
2321 3416 2382 3450 hoc
2404 3424 2481 3456 pro·-

1409 3465 1521 3497 cedere
1546 3466 1622 3498 add.
1643 3465 1700 3503 Vn
1717 3466 1759 3499 23
1784 3464 1948 3497 absisione
1971 3464 2049 3507 13¹1}
2068 3465 2110 3497 24
2134 3462 2203 3495 sola
2224 3461 2242 3492 b
2266 3459 2369 3493 solum
2392 3458 2447 3509 γυ
2470 3456 2482 3502 Η

1409 3511 1449 3543 25
1475 3510 1602 3543 furtum
1628 3509 1646 3540 b
1671 3509 1683 3553 ΙΙ
1708 3509 1858 3551 quolibet
1879 3508 1970 3542 va
1986 3508 1999 3552 ΙΙ
2024 3510 2066 3543 26
2089 3508 2193 3540 mori*
2220 3505 2296 3556 1⁷²·ss
2321 3503 2479 3544 oast1gar0

1415 3554 1471 3598 Vn
1489 3556 1528 3588 27
1555 3565 1708 3588 vocamus
1732 3556 1830 3597 vulq]
1861 3553 2015 3586 uolumus
2039 3555 2128 3594 libri,
2160 3558 2274 3584 ασθαι-ι
2295 3560 2321 3581 s.
2345 3560 2375 3580 υ.
2402 3550 2477 3581 add.

1415 3599 1467 3632 V³
1481 3599 1493 3642 Ι]
1512 3601 1630 3632 carinis
1656 3600 1674 3630 b
1693 3598 1705 3644 Ι]
1721 3601 1763 3634 28
1778 3597 1926 3640 relinqui
1948 3610 1970 3631 v
1986 3598 1999 3642 Ι]
2015 3597 2180 3630 uiolenter
2193 3605 2255 3627 scr.
2275 3591 2327 3625 V³
2339 3594 2372 3626 in
2386 3605 2452 3626 ras.
2467 3598 2480 3637 n

1406 3643 1624 3685 agrediuntur
1649 3645 1727 3677 ΒΤ
1758 3643 1974 3685 egrediuntur
1999 3643 2018 3672 b
2043 3642 2056 3686 fl
2085 3642 2128 3674 29
2150 3647 2241 3689 arma
2265 3639 2282 3670 b
2298 3649 2319 3669 υ
2346 3636 2359 3681 ΙΙ
2388 3648 2478 3670 arma

1407 3691 1454 3722 bv
1471 3688 1485 3733 1]
1500 3689 1596 3722 domo
1612 3690 1853 3732 Osenbria'qqen]
1878 3687 1991 3720 domos
2011 3686 2087 3721 libm'
2100 3684 2114 3728 Ι]
2129 3684 2188 3716 aut
2204 3683 2253 3722 111]
2278 3683 2336 3715 aut
2359 3695 2416 3717 om.
2438 3683 2477 3726 V,

1405 3733 1442 3767 in
1467 3747 1525 3768 om.
1550 3735 1581 3767 R
1594 3735 1678 3778 vulq.
1697 3733 1814 3776 ssmare
1836 3730 1938 3765 RVb
