2586 3990
250 123 357 169 Nov.
382 120 557 165 CXXIV
589 123 625 163 1.
657 122 682 162 2

250 231 404 269 πάντων
436 230 483 265 τὰ
508 227 735 275 πρωτότυπα
764 228 842 264 τῶν
869 225 1117 270 δικαζομένων
1148 224 1335 272 πρόςωπα,

250 275 274 320 ἢ
309 277 460 309 ἐκείνους
495 275 543 308 εἰς
581 269 641 308 οὓς
675 269 723 308 ῶς
758 273 851 308 εἰκὸς
893 274 934 307 ἐν
967 273 1067 317 μέσῳ
1101 269 1124 315 ἡ
1159 268 1337 306 ὑπόθεσις

248 319 462 366 μετενεχθῇ,
494 320 674 363 παρουσίᾳ
702 318 780 352 τῶν
804 317 988 352 δικαστῶν
1012 313 1236 360 ἁπτομένους
1258 317 1336 351 τῶν

251 362 368 411 ἁγίων
384 361 604 410 εὐαγγελίων
629 361 805 407 ὀμνύναι,
839 359 898 396 ὅτι
921 357 1027 396 οὐδὲν
1051 360 1240 396 παντελῶς
1264 363 1338 396 τοῖς

251 407 434 443 δικασταῖς
456 411 680 453 προστασίας
707 407 812 451 χάριν
835 403 858 449 ἢ
881 404 979 449 ἄλλῳ
1004 404 1209 450 οἷῳδήποτε
1232 416 1333 460 προς·
1372 409 1391 442 5
1407 406 1490 442 cinii
1523 415 1634 442 causa
1662 406 1750 451 ipsis
1785 407 1840 443 vel

249 451 341 496 ώπῳ
366 451 457 498 ὑπὲρ
477 450 609 495 ταύτης
633 452 695 495 τῆς
712 453 827 485 αἰτίας
845 447 938 484 καθ’
958 449 1173 493 οἱονδήποτε
1195 462 1335 496 τροπον

249 496 451 532 δεδώκασιν
471 495 494 539 ἢ
509 495 709 539 ὑπέσχοντο
732 494 755 539 ἢ
777 495 870 540 μετὰ
893 496 1011 530 ταῦτα
1033 493 1213 531 δώσουσιν
1237 494 1261 538 ἢ
1280 492 1331 530 δι’

249 543 391 576 ἑαυτῶν
413 539 438 585 ἢ
462 538 514 576 δι’
542 540 651 575 ἄλλου
675 538 887 584 οἱουδήποτε
913 543 1023 585 μέσου
1048 539 1250 587 προςεόπου,
1281 540 1333 581 ἐξ·

248 589 439 634 ῃρημένων
467 586 612 621 τούτων
641 582 747 620 ἅτινα
775 589 848 620 τοῖς
873 583 976 620 ἰδίοις
1003 585 1214 632 συνηγόροις
1244 581 1335 631 ὑπὲρ

1321 112 1405 163 626

1931 131 1993 163 11⁹1*
2021 130 2288 164 mmannrns
2315 121 2483 179 mannii

1405 228 1667 275 examinantur,
1698 237 1786 281 prae
1820 229 1984 266 omnibus
2018 229 2237 275 principales
2270 229 2484 274 litigantium

1403 282 1587 324 personas,
1617 274 1680 307 aut
1701 272 1781 309 illos
1805 273 1851 308 ad
1875 285 1965 320 quos
1987 274 2025 310 in
2047 275 2163 310 medio
2189 274 2369 318 negotium
2391 275 2485 310 forte

1404 319 1617 361 migraverit,
1636 318 1840 362 praesentia
1854 318 2010 355 iudicum
2027 322 2088 355 tan
2112 323 2212 356 entes
2234 322 2363 355 sancta
2379 328 2483 355 evan-

1405 362 1498 406 gelia
1521 361 1651 404 iurare,
1665 362 1761 415 ‚quia
1776 362 1865 398 nihil
1909 363 2028 416 ‚ffffitup
2052 365 2090 400 iu
2114 365 2228 400 icibus
2254 365 2340 407 [aut]
2364 365 2483 409 patro·

1908 419 1932 443 u
1962 419 2173 455 cuicumque
2207 418 2383 455 personae
2417 419 2484 454 pro

1402 451 1471 486 hac
1495 460 1606 487 causa
1629 452 1788 497 quolibet
1818 452 1922 488 modo
1946 452 2119 490 dederunt
2149 457 2214 490 aut
2246 453 2485 499 promiserunt

1402 499 1464 532 aut
1486 500 1613 541 postea
1641 497 1778 532 dabunt
1809 497 1865 532 vel
1894 507 1959 542 per
1987 508 2026 534 se
2057 499 2113 534 vel
2143 509 2209 553 per
2231 500 2337 534 aliam
2362 508 2484 543 quam-

1404 550 1555 585 cumque
1585 541 1737 577 mediam
1770 551 1979 587 personam,
2016 545 2172 588 exceptis
2203 544 2258 580 his
2286 553 2378 588 quae
2401 553 2483 588 pro-

1403 585 1490 630 priis
1515 585 1697 622 advocatis
1722 597 1788 632 pro
1805 587 2003 632 patrocinio
2027 592 2211 640 praestant
2234 588 2382 633 aliisque
2428 597 2484 623 er-

247 633 310 685 τῇς
333 635 544 688 συνηγορίας
573 633 788 686 παρεχουσιν
819 629 842 674 ἢ
872 633 946 665 τοῖς
972 629 1091 666 ἄλλοις
1123 628 1334 676 προςώποις,
1350 633 1390 665 10
1403 631 1516 673 sonis,
1553 641 1645 676 quae
1679 636 1823 667 nostrae
1856 632 1951 677 leges
1987 632 2064 668 dari
2098 633 2356 678 disposuerunt.
2441 642 2486 668 oc

249 689 343 722 απερ
366 689 401 711 οι
424 679 588 722 ημέτεροι
611 688 719 720 νομοι
744 673 920 710 δίδοσθαι
945 673 1187 712 διετύπωσαν.
1225 676 1334 711 τοῦτο

250 719 290 756 δὲ
312 720 667 768 παραφυλάττεσθαι
700 719 967 766 προςτάττομεν
998 724 1058 755 καὶ
1090 722 1131 756 ἐν
1161 721 1216 764 τῷ
1239 720 1334 764 θείῳ

248 765 356 821 ἡμῶν
393 766 629 810 consistoria»,
665 762 758 800 ὅταν
794 766 1075 802 consultationes
1111 764 1335 812 εἰςάγωνται,

250 809 536 865 ω’ςτεηπαρουσίᾳ
556 813 620 854 τῆς
637 810 731 856 ἱερᾶς
753 810 950 864 συγκλήτου
969 811 1052 846 τούς
1066 811 1335 855 μνημονευθέν-

1403 679 1523 711 autem
1554 676 1688 712 servari
1737 676 1949 722 raecipimus
1981 679 2017 712 et
2046 678 2084 713 in
2112 688 2213 714 sacro
2242 682 2366 714 nostro
2399 688 2485 714 con-

1405 721 1565 763 sistorio,
1607 731 1702 767 quan
1729 731 1750 757 o
1787 721 2068 758 consultationes
2103 722 2400 765 intromittuntur,
2444 725 2486 757 ut

1404 766 1472 803 sub
1502 767 1706 812 praesentia
1735 767 1829 803 sacri
1859 769 2006 803 senatus
2041 771 2233 803 memorata
2263 770 2486 803 sacramenta

1404 815 1644 856 praestentur.
1682 811 1719 847 Si
1735 814 1866 855 autem,
1887 815 1927 847 ut
1944 811 2128 856 contingit,
2147 813 2258 858 aliqui
2272 812 2486 857 litigantium

249 868 314 891 τας
337 867 461 902 ορκους
478 856 713 911 παρέχεσθαι.
762 857 793 890 εἰ
818 854 858 889 δὲ
881 867 929 890 ως
952 856 1043 891 εἰκός
1065 868 1160 890 τινες
1183 857 1260 890 τῶν
1284 854 1336 891 δι·
1352 859 1391 892 15
1403 859 1586 901 nequeunt
1616 857 1663 892 ad
1693 856 1828 892 iudices
1860 857 2045 901 advenire,
2075 861 2163 893 tunc
2188 857 2350 893 iubemus
2381 867 2484 902 prae-

249 903 461 946 καζομένιον
488 901 538 946 μὴ
571 900 749 936 ὸυνανται
784 901 874 955 προς
906 900 987 936 τούς
1019 899 1189 936 δικαστὰς
1220 913 1349 946 παρα-ν

248 947 433 993 γίνεσθαι,
461 947 547 981 τότε
570 945 761 989 κελεύομεν
784 957 867 980 τους
890 945 1076 991 παρόντας
1098 948 1166 991 μὲν
1187 943 1337 991 ὀμνύειν

249 991 318 1026 τὸν
351 993 611 1038 προειρημένον
645 987 765 1036 ὅρκον,
806 992 1022 1035 πέμπεσθαι
1058 989 1098 1026 δὲ
1130 991 1220 1037 πρὸς
1254 991 1337 1026 τοὺς

250 1032 414 1072 ἀπόντας
438 1038 476 1070 ἐκ
505 1037 583 1071 τῶν
607 1032 908 1090 ὑπηρετουμιένων
938 1034 1081 1091 τοὶξεεόν
1112 1048 1214 1072 τινας
1245 1035 1335 1081 μετὰ

1406 906 1523 937 sentes
1558 901 1699 946 quidem
1734 901 1852 938 iurare
1887 902 2111 946 praedictum
2141 902 2404 945 iusiurandum,
2439 901 2486 937 acl

1405 947 1571 983 absentes
1604 950 1723 982 autem
1756 946 1859 991 dirigi
1887 956 1931 982 ex
1954 947 2083 983 officiis
2114 947 2398 983 ministrantibus
2421 946 2485 982 ali-

1405 1002 1493 1037 quos
1519 1002 1598 1027 cum
1622 991 1772 1028 adversa
1795 995 1912 1037 parte,
1945 995 1985 1027 ut
2008 993 2059 1028 eis
2083 992 2332 1037 praesentibus
2355 1001 2485 1027 memo-

1404 1040 1483 1072 rata
1508 1040 1732 1072 sacramenta
1757 1037 1917 1072 similiter
1940 1039 2192 1082 praebeantur.
2240 1037 2278 1073 si
2300 1046 2384 1072 vero
2407 1046 2484 1071 mu-

249 1082 314 1115 τοῦ
346 1081 385 1122 ἐξ
415 1083 582 1135 έναῃτίας
605 1084 749 1134 μέρους,
782 1093 870 1115 ωςτε
887 1094 938 1116 πα
964 1095 1087 1116 οντων
1108 1079 1232 1116 αὐτῶν
1255 1081 1469 1117 vobs201ier
1491 1082 1618 1124 fuerit,
1650 1091 1742 1127 quae
1765 1086 1912 1128 propter
1935 1083 2159 1118 honestatem
2189 1082 2282 1118 vitae
2309 1081 2486 1118 extraneis

250 1127 452 1172 εἰρημένους
476 1137 601 1172 ορκους
624 1130 755 1171 ομοίως
779 1129 934 1172 παρέχεσ
968 1142 1015 1161 αι.
1055 1125 1142 1161 εἰδὲ
1161 1126 1250 1174 γυνὴ
1271 1127 1334 1170 εἴη,

249 1167 325 1213 ἥτις
349 1168 410 1205 διὰ
434 1170 504 1215 τὴν
526 1168 733 1216 σεμνότητα
755 1172 820 1206 τοῦ
844 1175 926 1217 βίου
951 1172 1133 1212 ἐξωτικοῖς
1157 1170 1336 1219 ἀνδράσιν

250 1216 381 1259 ἑαυτὴν
405 1215 590 1251 δεικνύναι
614 1213 679 1251 οὐκ
703 1216 849 1259 εἴωθεν,
873 1218 1073 1261 τηνικαῦτα
1097 1220 1158 1252 καὶ
1178 1214 1336 1253 ἀπόντος

249 1262 314 1296 τοῦ
340 1259 526 1296 ἀντιδίκου
556 1261 639 1296 τοὺς
671 1262 709 1295 ἐκ
737 1263 798 1305 τῆς
809 1259 957 1316 ςζτοὶξεως
985 1265 1235 1307 πεμπομένους
1257 1262 1338 1297 τοὺς

1404 1127 1487 1162 viris
1519 1137 1557 1163 se
1588 1129 1790 1163 monstrare
1822 1137 1892 1163 non
1925 1127 2125 1168 consuevit,
2158 1131 2243 1163 tunc
2276 1130 2312 1162 et
2338 1127 2486 1163 absente

1404 1172 1606 1208 adversar10
1650 1182 1694 1208 ex
1736 1171 1856 1208 officio
1897 1172 2024 1208 missos
2067 1176 2263 1208 memorata
2305 1172 2486 1216 suscipere

1405 1220 1639 1253 sacramenta.
1688 1216 1725 1252 Si
1756 1221 1874 1252 autem
1905 1218 2031 1254 abesse
2061 1222 2182 1262 partes
2217 1218 2255 1252 in
2286 1217 2366 1252 aliis
2397 1215 2486 1251 locis

1408 1263 1591 1306 contingat
1625 1266 1688 1297 aut
1719 1272 1827 1298 unam
1858 1271 1994 1305 earum,
2028 1263 2268 1308 praecipimus
2303 1261 2487 1297 absentem

248 1306 569 1351 μνημονευθέντας
601 1304 774 1349 δέχεσθαι
804 1319 939 1352 ορκους.
986 1308 1018 1342 εἰ
1042 1306 1081 1342 δὲ
1112 1305 1258 1343 ἀπεῖναι
1289 1307 1337 1342 τὰ
1351 1310 1393 1343 25
1406 1308 1443 1343 in
1459 1308 1642 1352 provincia
1665 1308 1701 1343 in
1727 1318 1796 1352 qua
1815 1307 1918 1352 deget
1940 1308 2186 1343 iusiurandum
2208 1306 2315 1343 modo
2338 1315 2361 1342 a
2383 1305 2486 1342 nobis

248 1354 337 1397 με’ρη
359 1353 400 1386 ἐν
420 1350 539 1387 ἄλλοις
560 1352 685 1387 τόποις
703 1356 860 1396 συμβαίη
880 1349 904 1396 ἢ
925 1354 964 1387 ἓν
984 1353 1023 1393 ἐξ
1045 1351 1179 1396 αὐτῶν,
1200 1351 1337 1387 κελεύο·

248 1410 315 1442 μεν
349 1397 419 1432 τὸν
454 1393 601 1432 ἀπόντα
637 1398 676 1431 ἐν
710 1398 755 1444 τῇ
788 1398 942 1443 ἐπαρχία
978 1399 1018 1432 ἐν
1048 1397 1070 1445 ᾑ
1104 1395 1221 1442 διάγει
1255 1397 1338 1432 τοὺς

249 1438 375 1487 ὅρκους
405 1441 498 1477 κατὰ
531 1441 599 1476 τὸν
632 1443 819 1496 εἰρημένον
849 1432 941 1497 παρ.5
964 1440 1073 1497 judiv
1105 1444 1245 1491 τρόπον
1277 1444 1338 1478 ἐπὶ

250 1484 414 1541 πράξεως
445 1485 722 1543 ὑπομνηματων
752 1488 852 1533 παρὰ
876 1501 929 1531 τῳ
955 1501 1104 1532 αρχοντι
1134 1500 1196 1532 της
1228 1489 1336 1533 ἐπαρ-

1407 1353 1503 1389 dicto
1535 1353 1602 1388 sub
1626 1353 1735 1397 gestis
1766 1357 2074 1388 monumentorum
2105 1352 2202 1398 apud
2228 1352 2380 1387 iudicem
2403 1361 2486 1397 pro·

1406 1397 1542 1434 vinciae
1565 1401 1629 1433 aut
1648 1398 1745 1443 apud
1764 1398 1923 1433 locorum
1948 1398 2168 1434 defensorem
2192 1397 2375 1442 praebere.
2420 1395 2486 1432 Illo

1406 1443 1568 1479 videlicet
1587 1443 1799 1487 generaliter
1820 1443 2051 1486 observando,
2076 1447 2116 1478 ut
2133 1443 2163 1478 si
2180 1443 2258 1488 quis
2273 1441 2487 1487 litigantium

1407 1489 1536 1524 absens
1557 1492 1620 1524 aut
1640 1498 1809 1533 praesens
1830 1488 2032 1524 huiusmodi
2051 1488 2296 1523 iusiurandum
2316 1486 2487 1532 praebere

249 1537 326 1575 χίας
341 1545 482 1587 η’παρα
506 1534 654 1586 τῳυτῶν
670 1545 801 1567 τοπων
825 1531 954 1576 ἑκδίκῳ
974 1536 1152 1588 παρεχειν.
1201 1535 1336 1567 ἐκείνου
1351 1535 1392 1568 30
1406 1534 1579 1578 noluerit,
1613 1538 1648 1569 et
1671 1534 1741 1569 hoc
1764 1533 2010 1569 manifestetur
2032 1533 2157 1576 iudici,
2188 1543 2254 1578 per
2276 1531 2487 1568 sententiam

250 1577 418 1621 δηλονοτι
449 1589 599 1624 γενικως
630 1576 1011 1623 παραφυλαττομένου,
1048 1579 1109 1613 ἱνα
1131 1578 1167 1612 εἴ
1184 1589 1238 1613 τις
1260 1579 1337 1613 τῶν

250 1621 499 1668 δικαζομένων
515 1620 625 1658 ἀπιὸν
640 1621 664 1666 ἢ
680 1623 810 1668 παρών
825 1623 895 1658 τὸν
911 1624 1078 1658 τοιοῦτον
1094 1620 1204 1670 ὅρκον
1221 1637 1335 1677 παρα-

1406 1579 1479 1614 eius
1503 1583 1604 1614 actor
1629 1579 1768 1623 quidem
1802 1588 1924 1614 casum
1953 1578 2123 1622 actionis,
2153 1588 2237 1614 reus
2258 1579 2377 1614 autem
2402 1586 2486 1613 con-

1407 1624 1666 1661 demnationem
1690 1624 1875 1661 sustineat.

250 1671 347 1710 σχεῖν
378 1668 426 1713 μὴ
451 1667 618 1722 θελήσει,
647 1671 709 1702 καὶ
731 1669 840 1702 τοῦτο
859 1669 1066 1724 φανερωθῇ
1095 1671 1148 1712 τῷ
1174 1667 1338 1715 δικαστῃ,

249 1712 343 1747 κατὰ
365 1714 492 1759 ψῆφον
523 1713 635 1747 αυτοῦ
665 1710 685 1746 ὁ
710 1715 779 1757 μὲν
803 1714 946 1760 ἐναγων
975 1713 1044 1757 τὴν
1067 1715 1253 1749 ἔκπτωσιν
1276 1717 1339 1757 τῆς

251 1754 411 1804 ἀγωγῆς,
444 1755 464 1792 ὁ
491 1755 531 1792 δὲ
554 1754 770 1804 ἐναγόμενος
793 1756 993 1801 καταδίκην
1013 1757 1201 1806 ὑπομείνῃ.
1350 1762 1394 1795 35

1255 1880 1415 1918 CAPUT
1439 1881 1485 1916 11.

1474 1949 1513 1984 Si
1535 1949 1614 1994 quis
1639 1952 1756 1984 autem
1781 1959 1825 1985 ex
1847 1949 2084 1993 litigatoribus
2107 1949 2237 1985 dixerIt
2261 1948 2400 1984 dedisse
2422 1949 2486 1984 ali-

308 1949 358 1982 Εἰ
381 1945 425 1982 δέ
443 1959 498 1982 τις
517 1949 556 1983 ἐκ
574 1949 652 1983 τῶν
673 1947 920 1993 δικαζομένων
942 1948 1026 1995 εἴπῃ
1049 1946 1244 1984 δεδωκέναι
1267 1953 1341 1983 τινὶ

1410 1994 1468 2030 cui
1498 2000 1561 2030 aut
1583 1995 1800 2039 promisisse,
1832 1998 1868 2029 et
1890 2004 2082 2039 personam
2105 1994 2336 2030 declaraverit
2360 1997 2396 2030 et
2418 1995 2486 2030 hoc

251 1991 275 2037 ἢ
297 1991 546 2037 ὑποσχέσθαι,
581 1997 641 2028 καὶ
671 1994 715 2028 τὸ
743 1993 938 2039 πρόςωπον
970 1994 1108 2040 ἐξείπῃ,
1140 1997 1201 2028 καὶ
1231 1995 1340 2028 τοῦτο

318 2098 345 2119 c.
361 2084 477 2119 Iextr.
493 2084 534 2127 (υ.
550 2085 682 2127 30-35)
706 2091 736 2118 εί
757 2085 803 2118 ΙΙ
814 2086 871 2126 (-
887 2085 965 2126 627,
979 2086 1024 2126 31)
1049 2096 1087 2117 ex
1111 2084 1146 2116 B
1170 2085 1267 2117 lzabet
1290 2084 1451 2118 Nomos-'⁷¹
1463 2085 1617 2118 XIVtit.
1632 2084 1653 2117 l.
1668 2096 1711 2123 c.;
1736 2096 1763 2117 c.
1776 2083 1821 2117 II
1833 2085 1876 2118 in.
1894 2085 1951 2127 (—
1968 2086 2045 2126 627,
2060 2086 2109 2127 22)
2133 2086 2258 2118 exhibet
2281 2085 2332 2118 Β*
2347 2085 2368 2118 l.
2382 2098 2408 2118 c.

251 2208 520 2249 examinantur,
552 2210 637 2242 ante
660 2206 782 2242 omnia
803 2205 1032 2258 principales
1055 2205 1274 2251 litiqantium
1291 2216 1487 2251 personas,
1520 2205 1578 2242 vel
1597 2205 1682 2242 illos
1705 2205 1755 2241 ad
1778 2217 1880 2252 quos,
1913 2210 1954 2242 ut
1973 2206 2037 2251 fit,
2070 2205 2211 2241 interim
2233 2217 2345 2242 eausa
2369 2211 2486 2243 trans-

252 2252 329 2288 lata
351 2253 409 2294 sit,
442 2252 482 2287 in
500 2251 712 2298 praesentia
735 2250 892 2286 iudicum
917 2252 1023 2286 tactis
1045 2250 1182 2286 sanctis
1204 2250 1401 2296 evanqeliis
1422 2251 1558 2294 iurare,
1589 2261 1628 2287 se
1652 2250 1744 2287 nibil
1762 2251 1910 2297 penitus
1933 2250 2110 2287 iudicibus
2128 2251 2329 2296 patrocinii
2350 2252 2485 2298 qratia,

251 2297 308 2334 vel
329 2296 394 2333 alii
424 2296 490 2332 ulli
514 2307 700 2343 personae
724 2296 767 2332 ob
792 2295 886 2331 Itane
909 2306 1056 2331 eausam
1081 2295 1155 2330 ullo
1179 2295 1285 2331 modo
1309 2295 1449 2331 dedisse
1472 2296 1529 2332 vel
1547 2296 1769 2342 promisisse,
1800 2296 1858 2332 vet
1873 2300 2005 2342 postea
2029 2295 2181 2332 daturos
2211 2307 2288 2332 esse
2316 2297 2391 2333 sive
2414 2308 2488 2343 per

250 2353 289 2378 se
321 2342 421 2388 ipsos
447 2342 522 2378 sive
542 2352 616 2388 per
646 2340 758 2376 aliam
788 2341 900 2376 ullam
932 2341 1183 2387 interpositam
1206 2351 1427 2387 personam,
1463 2342 1626 2387 exeeptis
1655 2341 1701 2376 iis
1732 2352 1826 2387 quae
1856 2341 2042 2377 advocatis
2075 2341 2152 2376 suis
2180 2352 2252 2387 pro
2275 2343 2487 2394 patrocinio

250 2386 427 2434 praebent
449 2386 506 2422 vel
528 2386 656 2422 ceteris
677 2386 856 2433 personis,
888 2396 982 2432 quae
1005 2386 1148 2437 quidem
1172 2385 1269 2431 leqes
1293 2390 1441 2422 nostrae
1470 2386 1552 2421 dari
1575 2390 1790 2422 statuerunt.
1840 2385 1922 2421 Hoc
1945 2390 2064 2422 autem
2095 2386 2278 2422 observare
2305 2387 2486 2434 praeeipi-

251 2442 330 2467 mus
351 2433 459 2468 etiam
481 2433 519 2466 in
542 2442 649 2467 sacro
673 2434 800 2467 nostro
825 2432 1051 2474 consistorio,
1076 2429 1222 2476 quando
1245 2431 1529 2467 consultationes
1552 2431 1842 2474 introducuntur,
1867 2435 1908 2466 ut
1929 2431 1968 2466 in
1985 2431 2200 2478 praesentia
2222 2433 2323 2467 sacri
2341 2436 2489 2467 senatus

251 2481 450 2512 memorata
480 2477 685 2512 iuramenta
709 2480 957 2523 praestentur.
1006 2474 1144 2519 Quodsi
1168 2476 1231 2520 qui
1254 2486 1304 2511 ex
1328 2476 1553 2522 litiqaiztz'bus
1584 2476 1634 2511 ad
1655 2475 1807 2511 iudicem
1835 2476 1938 2521 forte
1961 2477 2081 2512 venire
2104 2486 2177 2511 non
2198 2481 2371 2522 possunt,
2404 2481 2488 2512 tune

252 2523 412 2558 iubemus
436 2525 653 2568 praesentes
684 2521 827 2567 quidem
856 2520 1082 2567 praedictum
1111 2520 1363 2556 iusiurandum
1386 2522 1521 2562 iurare,
1554 2521 1605 2556 ad
1626 2520 1790 2557 absentes
1821 2525 1939 2556 autem
1964 2520 2108 2567 aliquos
2130 2532 2179 2556 ex
2202 2521 2488 2557 ministrantibus

253 2567 390 2647 gfficiis
412 2567 507 2602 mitti
536 2577 611 2602 una
641 2576 721 2602 eum
746 2569 858 2613 parte
881 2565 1111 2609 adversaria,
1144 2570 1183 2601 ut
1206 2566 1296 2612 ipsis
1321 2566 1577 2612 praesentibus
1604 2566 1794 2613 praedicta
1826 2567 2028 2601 iuramenta
2058 2566 2221 2601 similiter
2242 2571 2485 2611 praestentur.

282 2613 294 2646 i
318 2622 402 2648 vero
426 2611 555 2646 mulier
577 2611 635 2654 sit,
691 2622 759 2646 uae
776 2615 933 2658 propter
956 2611 1049 2647 vitae
1072 2609 1293 2647 honestatem
1316 2613 1504 2647 extraneis
1535 2611 1623 2646 viris
1644 2622 1684 2646 se
1708 2611 1895 2647 ostendere
1925 2622 1999 2646 non
2021 2610 2156 2652 soleat,
2188 2614 2272 2646 tune
2295 2612 2402 2647 etiam
2427 2611 2486 2647 ab-

252 2662 351 2694 sente
374 2655 584 2693 adversario
618 2622 800 2702 osgeiales
823 2656 925 2691 missi
954 2662 1153 2692 memorata
1183 2659 1410 2692 sacramenta
1433 2657 1645 2702 suscipiant.
1693 2655 1828 2698 Quodsi
1852 2656 1975 2691 abesse
1990 2661 2122 2702 partes
2150 2655 2234 2691 aliis
2256 2657 2294 2692 in
2320 2656 2410 2692 loeis
2433 2657 2491 2692 vel

252 2713 362 2738 unam
393 2712 518 2737 earum
548 2701 758 2747 eontiqerit,
794 2700 954 2736 iubemus
983 2711 1062 2736 eum
1094 2701 1158 2746 qui
1186 2701 1316 2737 absens
1347 2705 1399 2736 est
1428 2701 1465 2736 in
1495 2701 1687 2747 provincia
1722 2702 1759 2736 in
1791 2711 1864 2746 qua
1899 2700 1999 2747 deqit
2031 2704 2260 2736 sacramenta
2294 2701 2487 2737 seeundum

247 2746 478 2794 praedictum
502 2757 526 2782 a
549 2747 654 2782 nobis
676 2746 819 2781 modum
843 2745 934 2781 actis
956 2746 1273 2782 intervenientibus
1296 2746 1397 2792 apud
1413 2746 1621 2793 praesidem
1639 2745 1852 2792 provinciae
1877 2745 1932 2781 vel
1954 2744 2055 2792 apud
2075 2745 2303 2790 defensorem
2327 2746 2488 2781 locorum

251 2796 452 2838 praestare.
500 2792 618 2837 Atque
648 2790 742 2827 illud
770 2791 938 2826 nimirum
969 2790 1008 2825 in
1037 2791 1241 2827 universum
1266 2791 1484 2834 observetur,
1515 2797 1554 2826 ut
1576 2791 1611 2826 si
1631 2791 1714 2842 quis
1734 2790 1951 2836 litigantium
1976 2790 2104 2826 absens
2134 2789 2192 2826 vel
2216 2800 2393 2836 praesens
2417 2791 2489 2826 tale

252 2836 505 2872 iusiurandum
526 2839 718 2883 praestare
740 2836 908 2878 noluerit,
931 2835 1041 2881 idque
1063 2835 1175 2872 iudici
1197 2837 1429 2882 manifestum
1451 2837 1593 2882 factum
1613 2841 1672 2878 stt,
1694 2846 1763 2881 per
1782 2835 1994 2872 sententiam
2017 2834 2096 2871 eius
2117 2835 2151 2870 si
2173 2838 2277 2870 actor
2298 2839 2354 2871 est
2375 2836 2487 2871 actio-

253 2882 312 2917 m‘s
334 2882 529 2923 iacturam,
553 2881 588 2916 si
609 2891 694 2917 reus
717 2880 1048 2917 condemnationem
1071 2880 1206 2917 subeat.

388 2926 436 2961 ΙΙ.
484 2925 526 2961 Si
549 2927 630 2972 quis
653 2930 773 2962 autem
795 2937 846 2962 ex
870 2926 1096 2972 litiqantibus
1118 2926 1255 2962 dixerit
1276 2937 1316 2962 se
1338 2925 1477 2962 dedisse
1500 2926 1613 2962 alicui
1633 2925 1690 2962 vel
1709 2925 1932 2972 promisisse,
1967 2928 2003 2961 et
2019 2934 2218 2971 personam
2248 2925 2487 2961 nominaverit

1474 3063 1494 3094 2
1519 3062 1614 3103 quos]
1638 3070 1861 3102 quoscumque
1885 3059 2071 3093 iudicantes
2091 3060 2143 3092 Η*
2170 3059 2183 3103 11
2213 3059 2321 3093 medio
2347 3061 2392 3101 T]
2421 3071 2487 3093 me·

300 3058 381 3096 2⁶59
395 3057 710 3105 om.L'''5⁰⁷n·Brn
728 3062 747 3095 3
762 3063 954 3105 παρωσίᾳ]
973 3062 1012 3095 ἐν
1024 3064 1204 3105 παρουσίᾳ
1214 3062 1337 3104 (id-16)
1406 3106 1498 3138 dium
1523 3107 1679 3149 RVvulq
1720 3105 1733 3148 11
1762 3107 1782 3138 3
1807 3104 2001 3137 ειιιιιισεΙίοιι
2023 3105 2075 3138 Ta
2104 3104 2116 3148 11
2144 3105 2166 3137 4
2189 3107 2248 3137 aut
2272 3106 2326 3139 del
2358 3105 2453 3139 Beck
2475 3104 2489 3150 11

1682 3130 1689 3138 .
1893 3130 1913 3146 2,
2327 3131 2334 3137 .

256 3108 451 3141 Haloander
463 3106 544 3160 (Rs)
560 3106 573 3150 11
593 3108 613 3139 5
629 3103 747 3150 χάριν]
771 3105 871 3151 χώρα
884 3107 1043 3141 Nomoc.’'¹
1061 3108 1073 3144 ΙΙ
1091 3104 1113 3162 ἢ
1130 3104 1242 3150 ἄλλῳ]
1259 3105 1339 3148 ipsis

256 3152 307 3185 vel
330 3151 390 3185 alii
414 3164 433 3187 ς
449 3151 462 3195 ΙΙ
479 3153 500 3185 6
517 3151 607 3195 νπὲρ
621 3170 663 3175 -
676 3151 818 3195 τρόπον
841 3164 901 3186 om.
921 3153 966 3185 13⁶
985 3151 997 3196 11
1018 3153 1038 3186 8
1057 3149 1092 3185 δι
1127 3166 1184 3186 om.
1199 3153 1249 3185 Β8
1265 3163 1292 3184 υ.
1305 3151 1337 3191 L,
1407 3153 1425 3183 5
1451 3151 1528 3184 aliis
1551 3150 1688 3194 R¹V¹n
1715 3152 1733 3184 7
1754 3150 1807 3183 vel
1823 3160 1882 3193 per
1895 3152 1941 3190 se]
1967 3149 2019 3182 vel
2043 3162 2101 3183 om.
2116 3149 2150 3182 R
2166 3149 2178 3193 11
2196 3149 2301 3182 alium
2325 3149 2373 3183 13¹
2391 3150 2404 3194 11
2419 3160 2486 3183 me-

257 3198 416 3231 Nomos.m
438 3198 450 3239 11
467 3197 578 3240 μέσου
594 3208 653 3230 om.
666 3196 828 3231 Νοηιο(,·.1η
839 3210 893 3240 pr.
912 3196 924 3241 11
943 3199 983 3232 11
1002 3192 1106 3241 ἅπερ]
1125 3197 1247 3239 quibus
1261 3196 1338 3238 Iul„
1406 3196 1494 3229 diam
1517 3205 1758 3238 quamcumque
1778 3196 1841 3229 VT
1853 3194 1866 3237 11
1892 3197 1911 3228 8
1934 3194 2027 3237 prius
2050 3194 2098 3227 R*
2117 3194 2129 3238 11
2156 3195 2196 3229 10
2220 3195 2301 3228 haec
2320 3195 2450 3239 Rvuly.
2473 3194 2486 3238 11

255 3244 339 3275 unde
362 3239 481 3286 οἶςπερ
506 3242 702 3275 Haloander
730 3242 786 3284 (cs.
814 3242 934 3275 leeod.
959 3245 1066 3287 χωρὶς
1088 3242 1166 3276 τῶν
1189 3252 1337 3287 συνηγο-
1410 3244 1446 3275 11
1474 3244 1507 3274 ot
1530 3253 1590 3274 om.
1615 3240 1670 3283 Τ11
1690 3241 1730 3274 12
1755 3240 1898 3282 quando]
1922 3240 1974 3281 qffi
1992 3241 2013 3273 ι’.
2028 3252 2053 3272 e.
2079 3239 2236 3280 quoniam
2261 3239 2310 3272 12¹
2325 3238 2338 3284 11
2357 3241 2405 3280 ut]
2428 3242 2487 3272 aut

255 3287 367 3329 ρικῶν
394 3287 456 3319 καὶ
485 3285 563 3320 τῶν
587 3285 626 3325 ἐξ
651 3285 759 3319 ἔθους
783 3283 997 3330 διδομένων)
1019 3289 1030 3330 ΙΙ
1059 3289 1099 3322 12
1123 3286 1337 3330 προςτάττο-
1410 3286 1454 3318 13¹
1478 3286 1491 3330 11
1522 3288 1563 3320 14
1587 3286 1766 3327 contigerit
1795 3286 1826 3319 T
1859 3295 1926 3317 non
1950 3284 2130 3326 contigerit
2154 3284 2203 3317 Β*
2238 3285 2381 3326 contigit
2404 3284 2453 3317 Β*
2474 3282 2487 3328 11

255 3344 322 3373 μεν
339 3345 397 3365 om.
409 3331 538 3364 BvEcl.
554 3331 567 3375 11
590 3333 627 3364 13
643 3332 883 3364 constitetoriw
898 3333 944 3365 M
961 3328 1186 3377 ἀκροατηρίῳ
1206 3332 1252 3364 M
1256 3344 1282 3364 s.
1296 3343 1337 3373 v.,
1405 3331 1535 3373 aliquid
1556 3331 1604 3365 V¹
1623 3332 1635 3373 ΙΙ
1654 3332 1693 3364 15
1708 3330 1824 3363 uenire
1846 3329 1895 3363 V⁸
1906 3330 1993 3373 vulq.
2010 3331 2023 3371 11
2045 3332 2084 3364 16
2097 3329 2139 3361 ad
2156 3341 2215 3362 om.
2233 3328 2291 3373 Vfl
2309 3331 2347 3364 17
2364 3328 2486 3370 aliquis

257 3377 292 3408 B
309 3376 321 3412 11
338 3376 601 3410 uovsultationes
618 3376 660 3409 M
681 3374 901 3410 συνελεύσεις
914 3377 950 3410 Β
974 3375 1173 3410 συνέλευσις
1195 3390 1221 3410 s.
1233 3389 1264 3409 v.
1278 3376 1338 3420 Lfl
1411 3376 1459 3408 Τ1
1486 3378 1498 3419 11
1523 3378 1563 3410 19
1586 3375 1766 3418 praebeant
1794 3376 1826 3408 T
1844 3374 1856 3418 11
1881 3375 1919 3408 21
1948 3374 2160 3407 consueuerit
2185 3374 2219 3407 T
2237 3374 2309 3417 1124
2331 3373 2484 3406 abnuente

256 3418 462 3465 εἰσάγονται
481 3420 539 3464 [111
560 3422 600 3456 16
622 3417 775 3454 δύναται
799 3422 848 3454 B⁶
875 3418 1060 3455 δύνωνται
1082 3421 1133 3455 ΒΓ
1167 3418 1339 3454 δύνονται
1411 3421 1458 3453 T¹
1474 3421 1486 3464 11
1513 3423 1555 3455 25
1580 3422 1615 3454 in
1642 3433 1700 3454 om.
1731 3421 1761 3453 V
1782 3419 1794 3464 11
1810 3419 2014 3463 prouintiam
2038 3418 2135 3463 RVn
2159 3418 2196 3451 in
2221 3431 2279 3452 om.
2306 3418 2339 3451 T
2357 3417 2370 3459 11
2394 3418 2484 3458 degit

260 3466 287 3497 L
306 3467 318 3506 11
343 3467 381 3499 18
399 3463 438 3498 δὲ
456 3479 514 3498 om.
528 3466 580 3499 1st
596 3465 609 3510 11
630 3468 670 3500 19
688 3465 884 3505 ταξεωτῶν
897 3467 949 3499 Βο
965 3467 977 3510 11
995 3469 1038 3500 26
1054 3469 1243 3510 συμβαίνει
1259 3466 1311 3499 Bt
1326 3465 1339 3508 ΙΙ
1405 3467 1490 3509 vulq.
1507 3465 1520 3510 11
1539 3476 1558 3498 a
1582 3465 1677 3498 nobis
1701 3465 1798 3498 modo
1823 3465 1856 3498 T
1867 3464 1880 3507 11
1898 3466 1938 3498 27
1961 3464 2110 3497 locorum
2133 3463 2317 3496 defensores
2342 3462 2397 3495 ΤΒ
2428 3462 2483 3495 de·

258 3510 298 3542 27
316 3509 396 3542 τοὺς
415 3505 550 3554 ὅρκους]
571 3510 801 3544 iusiurandum
823 3523 843 3547 ς
861 3510 932 3555 1133
949 3509 1100 3554 θελήσει
1115 3512 1157 3544 Μ
1163 3511 1336 3551 Nomai-‚⁰¹1
1406 3510 1584 3543 sensionem
1617 3511 1765 3543 locorum
1793 3510 1823 3543 R
1851 3509 1864 3552 ΙΙ
1891 3510 1933 3544 28
1958 3508 2163 3542 obseruando
2192 3506 2392 3549 generaliter
2418 3507 2449 3539 R
2471 3506 2483 3550 11

258 3551 395 3595 θελήσῃ
420 3556 494 3587 LB
522 3560 534 3598 ΙΙ
563 3557 606 3589 35
631 3551 820 3597 ὑπομείνοι
844 3556 876 3589 L
915 3552 1087 3599 ὑπομένει
1113 3556 1163 3589 B‘
1188 3555 1202 3600 11
1233 3556 1276 3590 36
1299 3554 1338 3588 ἐκ
1406 3557 1448 3589 29
1474 3554 1667 3588 huiusmodi
1690 3554 1923 3588 iusiurandum
1948 3566 2006 3587 om.
2028 3553 2061 3586 V
2086 3552 2099 3597 11
2125 3550 2300 3584 iurandum
2328 3551 2377 3584 T¹
2398 3551 2411 3596 11
2440 3553 2482 3587 30

259 3610 315 3629 οιη.
327 3599 356 3630 J.
374 3588 386 3641 11
403 3597 497 3631 εἴποι
514 3599 563 3632 B¹
579 3613 606 3633 v.
617 3603 637 3634 1.
654 3599 666 3644 11
685 3596 869 3633 δεδυκέναι
887 3601 934 3633 13⁶
952 3602 964 3644 11
978 3603 1052 3634 τινὶ
1063 3600 1150 3642 L²5l
1175 3602 1272 3634 τισὶν
1287 3600 1339 3633 B‘
1406 3602 1449 3641 et]
1474 3610 1513 3633 ex
1535 3601 1580 3635 V¹
1600 3601 1613 3645 11
1639 3601 1681 3634 36
1706 3599 1831 3633 dedisse
1855 3611 1912 3633 om.
1927 3598 1961 3632 R
1980 3598 1994 3642 11
2018 3599 2060 3632 37
2083 3595 2275 3639 promixisse
2300 3596 2333 3629 R

258 3651 294 3673 τι
312 3641 397 3675 ML¹
408 3643 479 3684 B·r,
497 3656 555 3677 om.
570 3645 620 3677 B·
634 3657 662 3677 v.
677 3648 709 3686 1.‚
725 3646 789 3678 Iul.
807 3647 854 3685 (in
871 3646 1033 3680 Nomoc.m
1050 3647 1138 3681 locus
1150 3645 1340 3690 partesolii

259 3687 386 3719 abscisa
404 3689 517 3730 periit)
534 3688 547 3731 11
565 3691 606 3723 3Ἰ
631 3687 767 3728 ἐξείποι
790 3690 841 3723 B·
