2618 4010
281 151 388 196 Nov.
418 147 523 193 XXI
552 162 613 204 pr.

280 265 340 296 καὶ
368 261 466 295 ἔνθα
495 258 613 303 μόνην
639 255 832 303 ὑπηρετεῖν
860 256 928 303 τὴν
953 257 1058 300 τάξιν
1087 260 1149 302 τῆς
1170 259 1232 302 σῆς
1254 255 1360 306 ὑπερ-

281 305 393 348 ΝΠῙ)
437 305 518 348 οχῆε
546 304 815 348 ἐθεσπίσαμεν,
841 301 972 349 ὁμοίως
1004 305 1087 348 [εἴτε
1110 305 1149 338 ἐκ
1167 316 1359 350 παραπομ-

280 352 358 393 πῆς]
391 350 463 384 εἴτε
495 350 535 383 ἐκ
566 349 629 392 τῆς
661 349 726 383 τοῦ
758 347 989 395 δικαστηρίου
1019 347 1158 394 φύσεως
1189 345 1212 392 ἡ
1241 351 1362 394 ἔφεσις

280 392 446 436 ἀνέλθόι,
475 392 543 437 τὴν
573 391 679 435 τάξιν
707 394 768 437 τῆς
801 395 845 428 α’
894 392 1066 440 ὑπεροχῆς
1097 390 1360 446 ὑπηρετεῖσθαι

2209 159 2268 194 nn
2298 155 2506 195 Auunmis

1432 261 1504 296 lum
1529 259 1729 296 ministrare
1747 259 1904 297 officium
1926 265 2012 297 tuae
2036 261 2256 298 celsitudinis
2280 263 2503 306 sancivimus,

1431 305 1544 345 (VIII)
1591 304 1752 340 similiter
1780 305 1853 342 sive
1883 316 1928 342 ex
1955 306 2177 352 delegatione
2205 307 2279 342 sive
2307 317 2352 342 ex
2374 307 2506 352 cinguli

1433 354 1564 385 natura
1593 349 1786 394 appellatio
1812 350 1947 394 veniat,
1978 351 2138 387 officium
2167 354 2253 388 tuae
2283 351 2505 388 celsitudinis

1432 394 1633 429 ministrare
1657 394 1953 439 appellationibus
1983 396 2180 441 sancimus3
2218 397 2291 432 sive
2321 396 2429 432 etiam
2460 408 2504 432 ex

279 443 356 474 ταῖς
379 441 521 485 ἐφέσεσι
543 438 786 483 θεσπίζομεν,
816 451 888 474 un
912 442 950 473 ἐκ
973 449 1219 484 παραπομπηε
1240 435 1361 483 ἡμετέ-
1387 444 1406 474 5
1432 439 1653 483 delegatione
1675 444 1810 481 nostra,
1834 439 1994 476 similiter
2016 441 2125 477 officii
2146 444 2216 476 erit
2238 442 2302 477 tui.

281 484 359 526 (IX)
406 494 479 530 ρας,
503 479 635 527 ὁμοίως
655 485 716 526 τῆς
735 483 869 524 τάξεως
891 486 995 518 ἔσται
1019 485 1081 526 τῆς
1104 484 1175 526 σῆς.
1210 479 1291 530 Ἐφ’
1313 483 1364 518 οἷς

279 543 319 564 τε
339 527 463 572 κοινὴν
481 529 632 574 εἴπομεν
648 526 717 572 τήν
736 542 777 563 τε
796 531 875 563 τῶν
890 528 1001 574 (σῶν)
1019 527 1160 568 τάξεων
1178 527 1246 572 τήν
1263 541 1304 562 τε
1324 530 1364 561 ἐκ

278 575 357 608 τῶν
389 574 508 608 &ermae
541 577 716 620 σκρινίων
738 571 955 621 ὑπουργίαν,
987 570 1117 617 ὁμοίως
1147 571 1216 616 τὴν
1245 572 1363 607 κοινό·

279 632 372 662 τητα
395 617 641 665 φυλάττομεν,
674 619 744 653 εἴτε
774 621 812 652 ἐκ
839 618 1085 664 παραπομπῆς
1116 618 1186 670 εἴτε
1205 617 1298 652 κατὰ
1321 616 1363 651 τὸ

1433 484 1512 525 (ΙΧ)
1559 484 1600 518 ln
1624 483 1753 528 quibus
1776 488 1896 519 autem
1920 495 2104 522 commune
2127 486 2279 522 diximus
2303 489 2341 522 et
2362 490 2505 522 tuorum

1434 528 1633 563 officiorum
1653 533 1688 564 et
1712 529 1806 564 sacri
1829 529 1952 565 scrinii
1965 530 2207 571 ministerium.
2231 531 2393 567 similiter
2410 542 2506 567 com·

1433 573 1638 609 munionem
1655 584 1847 615 servamus,
1872 573 1945 609 sive
1963 583 2008 610 ex
2025 574 2245 618 delegatione
2267 576 2351 619 sive,
2376 581 2511 612 secun-¹·

1435 618 1518 653 dum
1542 618 1637 663 quod
1660 619 1872 663 dispositum
1894 623 1960 661 est,
1984 619 2022 654 in
2043 620 2173 656 iudicio
2196 621 2260 656 fiat
2279 621 2503 657 examinatio.

279 677 502 719 τεταγμξνον
525 665 566 699 ἐν
588 665 642 707 τῷ
676 662 900 716 δικαστηρίω
926 666 1067 709 γένοιτο
1090 677 1136 696 τα
1162 664 1223 706 τῆς
1248 661 1363 703 έξετά-
1380 666 1419 698 10
1433 663 1549 708 Super
1571 663 1641 699 illis
1665 670 1785 699 tamen
1812 663 1945 705 litibus,
1969 674 2058 708 quas
2082 676 2154 700 non
2177 666 2389 711 spectabiles
2412 666 2503 701 iudi·

279 720 380 743 oews.
431 706 509 745 En’
536 710 686 743 ἐκείνων
703 712 826 752 μέντοι
847 721 925 741 των
950 706 1072 748 δικῶν,
1094 704 1134 741 ἃς
1149 704 1191 741 οὗ
1210 719 1363 742 σπεκτα-

279 753 392 808 gaam
415 752 584 789 δικασταὶ
608 757 800 799 κρίνουσιν,
828 751 916 786 ἀλλὰ
939 751 1126 799 συνήγοροι
1146 751 1272 796 μόνον,
1298 749 1358 798 ἐφ’

280 813 335 833 ων
359 801 505 847 ἐφέρετο
525 797 571 833 τὰ
595 800 656 842 τῆς
678 795 888 833 ὑποθέσεως
911 797 959 830 εἴς
985 811 1024 831 τε
1047 798 1114 831 τὸν
1134 795 1274 843 θρόνον
1295 797 1362 850 τον

1434 718 1494 743 ces
1526 708 1704 749 iudicant,
1741 708 1803 744 sed
1833 708 2000 744 advocati
2030 709 2164 753 solum,
2199 711 2377 747 referatur
2399 722 2504 756 nego-

1431 754 1519 788 tium
1550 758 1623 788 tam
1655 754 1701 789 ad
1732 754 1852 789 sedem
1882 758 1981 788 tuam
2012 764 2117 799 quam
2147 755 2195 791 ad
2215 756 2505 800 gloriosissimum

1432 802 1674 850 quaestorem,
1699 799 1934 834 devotissimis
1958 798 2199 835 libellensibus
2224 801 2506 837 ministrantibus

279 843 348 878 σὺν
378 845 426 879 εἴς
456 857 496 878 τε
527 843 593 877 τὸν
624 841 862 883 ἐνδοξότατον
887 838 989 894 ἡμῶν
1012 846 1251 889 κοιαίστωρα,
1284 855 1363 876 των
1431 853 1500 878 eis:
1535 844 1719 888 quoniam,
1745 845 1828 878 dum
1853 844 1940 879 nihil
1964 844 2106 880 omnino
2131 854 2236 889 super
2258 846 2338 881 istis
2360 846 2505 881 innova-

280 889 584 933 καθωσιωμένων
621 887 858 932 λιβελλησίων
890 890 1193 941 υπηρετουμένων
1228 885 1361 928 αὐταῖς,
1378 890 1416 922 15
1431 894 1507 923 tum
1539 890 1600 932 sit,
1638 889 1820 933 antiquam
1852 899 2034 924 servamus
2070 889 2236 934 figuram3
2271 890 2368 927 sicut
2401 891 2507 926 etiam

281 932 406 977 ἐπειδὴ
424 932 538 978 μηδὲν
561 932 749 967 παντελῶς
774 934 833 966 ἐπὶ
865 943 1014 966 ταυταις
1045 936 1286 973 κεκαίνισται,
1318 932 1361 966 τὸ

280 978 438 1013 παλαιὸν
461 976 688 1024 φυλάττομεν
712 978 838 1021 σχῆμα.
891 974 1006 1024 ὥςπερ
1034 980 1094 1011 καὶ
1125 979 1185 1012 ἐπὶ
1208 979 1286 1012 τῶν
1304 976 1362 1012 ἅλ-

281 1023 357 1058 λων
380 1021 556 1058 ἁπάντων
578 1024 656 1058 τῶν
676 1020 717 1056 οὗ
742 1023 1016 1056 καινισθέντων
1040 1020 1088 1057 τὰ
1117 1023 1179 1066 τῆς
1209 1021 1363 1058 παλαιᾶς

279 1070 472 1115 ὑπουργίας
502 1070 624 1112 μένειν
662 1065 720 1113 ἐφ’
756 1067 897 1102 ἑαυτῶν
929 1065 1187 1112 διατάττομεν,
1220 1064 1363 1102 οὐδενὸς

280 1117 457 1160 νεωτέρου
475 1115 678 1160 γενομένου.
725 1110 745 1147 ὁ
773 1111 841 1159 γάρ
874 1111 1072 1157 ἐπισυμβάς
1095 1111 1280 1157 καινισμὸς
1302 1109 1361 1147 ἄλ·

281 1157 378 1192 λοῖον
398 1169 475 1193 πως
492 1159 619 1204 χρῆναι
639 1158 815 1205 γενέσθαι
834 1160 895 1191 καὶ
916 1155 958 1191 τὸ
982 1158 1060 1192 τῶν
1083 1154 1363 1204 ὑπουργούντων

280 1201 443 1243 ὑπέδειξε
466 1205 593 1248 σχῆμα.

324 1244 611 1295 (Enii-oyes.)
669 1246 717 1281 Τὰ
748 1251 872 1281 τοίνυν
907 1245 1148 1294 παραστάντα
1184 1245 1268 1292 ἡμῖν
1303 1250 1362 1281 καὶ

279 1291 340 1327 διὰ
370 1290 476 1328 τοῦδε
505 1293 570 1327 τοῦ
600 1293 706 1327 θἐίου
730 1290 931 1337 δηλούμενα
961 1291 1073 1337 νόμου
1097 1290 1119 1337 ἡ
1141 1291 1185 1337 σὴ
1208 1290 1362 1340 ὑπεροχὴ

279 1341 373 1385 ἔργῳ
397 1341 457 1372 καὶ
480 1340 610 1383 πέρατι
633 1336 861 1385 παραδοῦναι
884 1337 1089 1373 σπευσάτω.

326 1388 409 1441 Qut.
429 1399 492 1424 xv.
512 1389 548 1424 k.
568 1389 682 1434 April.
707 1387 1019 1433 Constantinopoli
1042 1392 1126 1433 post
1151 1399 1248 1423 cons.
1275 1387 1368 1423 Beli-

280 1443 366 1470 Baru
391 1444 421 1469 V·
446 1444 477 1469 C.

795 1550 850 1583 m
863 1556 865 1559 ,

514 1615 693 1668 ΠΕΡΙ
731 1614 1131 1669 ΑΡΜΕΝΙῼΝ

1431 933 1468 968 in
1504 934 1582 968 aliis
1619 934 1782 970 omnibus
1820 945 1891 969 non
1927 934 2104 974 innovatis
2134 934 2284 980 antiqua
2312 936 2508 971 ministeria

1431 989 1574 1014 manere
1605 979 1642 1014 in
1674 984 1784 1014 semet
1814 980 1901 1024 ipsis
1935 978 2192 1023 disposuimus,
2228 979 2327 1016 nulla
2350 981 2508 1016 novitate

1430 1023 1606 1059 facienda.
1655 1025 1840 1060 Accedens
1863 1034 2015 1068 namque
2045 1024 2187 1059 novatio
2211 1023 2315 1060 aliter
2337 1026 2505 1070 quodam-

1430 1068 1535 1103 modo
1571 1074 1735 1114 oportere
1776 1069 1855 1105 fieri
1894 1070 2002 1104 etiam
2041 1069 2318 1106 ministrantium
2353 1070 2508 1106 ostendit

1376 1116 1417 1147 20
1431 1114 1589 1158 figuram.

1475 1249 1743 1294 (Epilogus.)
1789 1250 1887 1294 Quae
1908 1249 2013 1294 igitur
2033 1250 2245 1295 placuerunt
2265 1249 2367 1285 nobis
2387 1252 2424 1284 et
2444 1259 2509 1294 per

1431 1294 1524 1329 hanc
1545 1305 1683 1330 sacram
1702 1295 1883 1330 declarata
1896 1300 1980 1330 sunt
1992 1297 2114 1339 legem,
2135 1301 2197 1330 tua
2209 1294 2383 1330 celsitudo
2397 1295 2507 1329 omni-

1374 1342 1415 1374 25
1429 1338 1496 1374 bus
1514 1339 1628 1375 faciat
1645 1340 1845 1383 manifesta,
1867 1339 1993 1375 edictis
2012 1341 2196 1375 destinatis
2217 1351 2239 1375 a
2260 1351 2310 1382 se,
2328 1341 2367 1374 ut
2386 1350 2507 1374 omnes

1439 1396 1670 1432 cognoscant,
1692 1400 1783 1434 quae
1802 1389 1904 1424 nobis
1927 1395 2010 1424 suut
2027 1390 2167 1434 placita.

1357 1436 1401 1475 [a.
1418 1435 1498 1477 536]
1545 1434 1630 1469 Dat.
1646 1445 1682 1470 x.
1703 1435 1740 1469 k.
1758 1435 1873 1478 April.
1899 1435 1966 1469 GP.
1991 1446 2025 1479 p.
2053 1446 2083 1470 c.
2111 1435 2271 1470 Belisarii
2294 1446 2326 1471 v.
2351 1446 2383 1473 c.

1924 1547 2022 1584 XXI.

1683 1618 1736 1666 R
1775 1617 1869 1666 DE
1905 1616 2233 1667 ARMENIIS

283 1682 466 1735 ῼΣΤΕ
509 1683 650 1735 ΚΑΙ
694 1684 984 1736 ΑΥΤΟΥΣ
1033 1683 1135 1736 EN
1182 1683 1528 1736 HA>3130UT
1548 1684 1680 1734 IPSI
1708 1685 1839 1734 PER
1858 1683 2075 1733 OMNIA
2096 1684 2511 1743 SEQUANTUR

282 1750 448 1803 ΤΟΙΣ
491 1749 1363 1871 1)ῼΜΑ1ἑῧ11ζῘ1ἒΙΙὲΟΛΟῩΘ]ὒΙΝ

281 1884 319 1920 Ὁ
335 1884 440 1921 αὐτὸς
455 1883 622 1931 βασιλεὺς
638 1882 789 1929 Ἀκακίῳ
811 1886 866 1929 τῷ
884 1883 1256 1932 μεγαλοπρεπεστάτῳ
1273 1882 1364 1920 ἄνθ’-

656 1927 785 1973 υπάτῳ
808 1928 1002 1976 Ἀρμενίας.

327 1987 384 2033 (Π
389 2001 410 2030 ρ
419 1999 438 2019 o
448 1999 467 2020 o
475 1989 490 2020 ι’
495 2000 521 2030 μ
529 2001 540 2020 ι
549 1999 568 2020 ο
576 1985 627 2040 ν’.)
678 1985 749 2028 Τὴν
775 1982 972 2032 Ἀρμενίων
994 1985 1117 2040 χώραν
1144 1986 1287 2021 τελείως
1310 1984 1363 2020 εὖ·
1378 1991 1418 2022 35

283 2031 477 2077 νομεῖσθαι
501 2029 712 2075 βουλομενοι
735 2033 794 2064 καὶ
817 2029 932 2076 μηδὲν
955 2033 1016 2075 τῆς
1049 2030 1154 2075 aune
1185 2029 1287 2076 ἡμῶν
1315 2030 1364 2065 δι-

1575 1751 2008 1802 ROMANORUM
2044 1752 2263 1801 LEGES
2301 1753 2367 1801 R.

1467 1888 1553 1932 Imp.
1579 1885 1800 1922 Iustinianus
1823 1886 1868 1921 A.
1888 1886 2020 1920 Acacio
2045 1884 2253 1930 proconsuli
2275 1885 2476 1935 Armeniae.

1477 1985 1754 2031 (Praefatio.)
1790 1986 2036 2022 Armeniorum
2061 1987 2239 2031 regionem
2262 1987 2353 2022 bene
2376 1987 2409 2021 le
2433 1986 2510 2021 'bus

1433 2031 1624 2075 gubernari
1655 2031 1813 2067 volentes
1845 2036 1881 2066 et
1914 2032 2003 2067 nihil
2035 2032 2080 2066 ab
2113 2032 2185 2067 alia
2215 2036 2340 2067 nostra
2369 2031 2404 2066 di
2433 2041 2511 2066 erre

341 2101 426 2135 Nou.
450 2099 533 2133 XXI
555 2099 679 2132 Graece
704 2107 790 2132 exeat
816 2101 848 2132 in
871 2101 958 2140 ML,
982 2113 1055 2143 cap.
1080 2100 1094 2131 1
1115 2101 1146 2133 in
1170 2100 1206 2132 B
1227 2103 1281 2141 45,
1296 2108 1362 2141 0,1.
1388 2101 1510 2133 Latine
1533 2101 1647 2143 Ieyitur
1668 2101 1750 2133 inter
1771 2107 2019 2144 extravayantes
2043 2102 2141 2133 Auth.
2163 2100 2210 2141 (R
2227 2103 2260 2142 s.
2283 2103 2337 2138 74,
2367 2091 2426 2134 Vs.
2450 2101 2506 2133 184

280 2154 357 2190 post
373 2159 445 2179 nov.
464 2144 567 2185 XIII,
592 2145 763 2186 eademque
787 2146 820 2178 in
844 2145 878 2177 R
902 2147 942 2177 ab
965 2146 1034 2178 alia
1052 2157 1147 2177 manu
1169 2146 1291 2187 scripta
1309 2148 1365 2185 (=
1378 2149 1407 2184 r)
1425 2147 1456 2187 f.
1471 2146 1511 2178 91
1536 2152 1608 2187 post
1630 2157 1701 2178 nov.
1722 2144 1846 2185 LXV).
1864 2163 1909 2169 -
1936 2145 2026 2187 Epit.
2051 2146 2171 2178 Theod.
2193 2147 2232 2178 21
2257 2146 2347 2186 (inde
2361 2142 2421 2177 ΒΣ
2436 2145 2456 2178 l.
2471 2149 2510 2181 c.)

285 2224 397 2267 (vm)
450 2222 618 2258 similiter
643 2222 729 2265 [sive
752 2233 803 2257 ex
825 2221 1064 2267 deleqatione]
1093 2222 1168 2257 sive
1199 2233 1249 2257 ex
1279 2221 1404 2258 iudicii
1431 2227 1565 2257 natura
1597 2221 1798 2268 appellatio
1824 2222 2005 2269 prodeat,
2036 2228 2077 2258 ut
2101 2222 2266 2274 os‘cium
2297 2227 2382 2257 tuae
2403 2221 2510 2257 subli-

284 2270 422 2305 mitatis
456 2266 764 2320 appellationibus
803 2266 980 2302 ministret
1013 2266 1212 2308 sancimus,
1256 2267 1333 2302 sive
1370 2278 1420 2303 ex
1462 2267 1688 2313 deleqatione
1723 2271 1868 2308 nostra,
1911 2267 2077 2303 similiter
2111 2278 2123 2302 ι
2186 2266 2304 2313 officii
2345 2266 2398 2302 tui
2431 2267 2509 2301 etit.

285 2315 362 2356 (IX)
418 2312 465 2349 Et
497 2324 535 2347 in
562 2311 693 2357 quibus
722 2322 906 2346 commune
941 2311 1102 2346 diximus
1136 2321 1213 2346 esse
1241 2316 1277 2346 et
1308 2311 1518 2356 officiorum
1542 2317 1578 2347 et
1606 2322 1795 2346 sacrorum
1817 2312 2037 2347 scriniorum
2064 2311 2319 2349 ministerium.
2349 2310 2512 2346 similiter

285 2358 568 2395 communionem
592 2367 795 2398 servamus,
823 2356 897 2392 sive
920 2367 970 2391 ex
988 2355 1216 2402 deleqatione
1238 2355 1313 2391 sive
1331 2359 1527 2392 secundum
1550 2355 1590 2390 id
1612 2355 1713 2402 quod
1732 2356 1969 2391 constitutum
1991 2362 2046 2392 est
2067 2357 2106 2391 in
2129 2356 2263 2391 iudicio
2285 2355 2355 2401 fiat
2375 2357 2512 2392 eaeami-

285 2405 397 2440 natio.
446 2402 492 2438 In
526 2402 600 2438 illis
629 2406 747 2437 tamen
778 2400 917 2444 litibus,
953 2411 1046 2446 quas
1073 2412 1148 2436 non
1174 2400 1388 2447 spectabiles
1410 2401 1565 2443 iudices,
1595 2400 1661 2436 sed
1691 2399 1861 2436 advocati
1896 2406 2035 2437 tantum
2066 2400 2285 2443 diiudicant,
2315 2401 2354 2435 in
2385 2399 2514 2446 quibus

285 2460 417 2485 causae
442 2453 514 2484 tam
534 2446 584 2482 ad
605 2446 723 2482 sedem
749 2450 845 2481 tuam
870 2457 978 2493 quam
1002 2445 1053 2481 ad
1073 2446 1375 2492 qloriosissimum
1399 2452 1628 2492 quaestorem
1662 2452 1828 2481 nostrum
1853 2445 2112 2492 deferebantur
2134 2447 2207 2488 ita,
2235 2450 2277 2481 ut
2298 2445 2514 2481 devotissimi

286 2494 485 2530 libellenses
519 2492 565 2527 iis
595 2491 859 2534 ministrarent,
895 2490 1066 2537 quoniam
1101 2490 1194 2526 nihil
1229 2491 1374 2526 omnino
1405 2492 1444 2526 in
1476 2491 1532 2526 liis
1563 2491 1773 2526 innovatum
1804 2496 1875 2533 est,
1911 2491 2098 2542 avitiquam
2129 2492 2289 2536 formam
2319 2500 2512 2526 servamus.

286 2536 592 2583 Quemadmodum
623 2537 731 2572 etiam
761 2536 800 2571 in
825 2536 976 2588 reliquis
1009 2536 1189 2579 omnibus,
1226 2547 1320 2581 quae
1352 2537 1526 2572 innovata
1558 2547 1631 2571 non
1654 2540 1757 2578 sunt,
1793 2540 1834 2571 ut
1857 2536 1998 2582 antiqui
2031 2535 2220 2571 ministerii
2249 2535 2348 2570 ratio
2371 2540 2516 2570 maneat

285 2596 372 2621 neve
396 2583 485 2631 quid
514 2581 600 2618 novi
620 2582 708 2627 liat,
741 2582 998 2617 constituimus.
1048 2581 1143 2616 Nam
1175 2592 1270 2627 quae
1300 2581 1509 2627 supervenit
1535 2580 1723 2616 innovatio
1755 2580 1932 2616 diversam
1954 2581 2078 2626 aliquo
2101 2580 2208 2616 modo
2232 2579 2514 2616 ministrantium

287 2629 611 2709 quoqueEsormam
632 2626 717 2671 fieri
741 2630 910 2673 oportere
933 2626 1157 2662 monstravit.

498 2672 563 2708 ilo
573 2682 668 2718 qux.
716 2670 818 2713 Quae
839 2671 954 2717 iqitur
977 2670 1083 2706 nobis
1098 2670 1321 2718 placuerunt
1343 2676 1379 2708 et
1395 2683 1469 2719 per
1492 2671 1586 2706 lianc
1606 2681 1749 2705 sacram
1770 2669 1882 2716 leqem
1902 2670 2088 2706 declarata
2108 2674 2203 2712 sunt,
2234 2674 2295 2704 lua
2313 2667 2515 2704 sublimitas

237 2748 242 2753 .
288 2719 391 2767 operi
414 2685 630 2765 effssctuique
655 2716 799 2751 tradere
817 2716 978 2761 festinet.

360 2862 458 2914 DE
493 2861 882 2926 ARMENJIS,
934 2861 1020 2912 UT
1047 2861 1204 2912 IPSI
1237 2805 1510 2922 &6ng
1547 2862 1686 2914 PER.
1726 2863 1957 2914 OMNIA
1994 2863 2447 2915 ROMANORUM

1065 2928 1291 2979 LEGES
1322 2928 1739 2989 SEQUANTIJR.
1967 2949 1970 2950 ⁷

748 2997 847 3033 Idem
871 2998 1059 3043 Aaqustus
1077 2996 1218 3032 Acacio
1243 2997 1595 3042 maqnificentissimo
1614 2997 1835 3045 proconsuli
1856 2999 2057 3035 Armeniae⁴

426 3054 680 3101 Praefatio.
730 3054 980 3089 Armeniorum
1000 3052 1182 3099 reqionem
1206 3063 1286 3088 cum
1309 3052 1413 3088 bonis
1430 3053 1545 3100 plane
1568 3053 1707 3100 leqibus
1724 3054 1859 3090 instrui
1882 3065 1947 3090 nec
1966 3056 2160 3101 quicquam
2183 3067 2207 3090 α
2226 3054 2369 3103 reliqua
2386 3059 2513 3091 nostra

335 3127 356 3159 2
380 3123 451 3157 εἴτε
472 3124 510 3156 ἐκ
529 3134 582 3157 πα
607 3122 775 3165 απυμπῆε
793 3122 988 3155 secludenda
1010 3123 1166 3155 iudicavit
1178 3121 1367 3154 Heimbach.

291 3172 359 3204 Aut
382 3171 462 3203 haec
485 3135 624 3202 delenda
649 3175 704 3200 aut
726 3181 754 3201 v.
770 3171 789 3202 5
810 3180 859 3200 vv.
873 3165 945 3200 εἴτε
966 3185 1008 3191 —-
1027 3166 1090 3209 τῆς
1110 3166 1172 3210 σῆς
1240 3168 1259 3199 5
1286 3165 1368 3206 εἴτε]

291 3216 360 3248 sive
376 3216 473 3248 etium
491 3226 511 3251 ς·
528 3213 575 3255 17
601 3213 679 3246 σῶν
704 3213 833 3246 addidit
858 3211 1054 3245 Haloander
1077 3224 1145 3244 cum
1166 3223 1185 3247 ς
1203 3213 1208 3255 Ι
1232 3212 1251 3243 8
1276 3222 1370 3255 σκιρ-

292 3263 385 3293 νίων
411 3261 441 3293 L
465 3259 478 3303 ΙΙ
507 3260 543 3292 11
570 3251 611 3291 οὗ
633 3255 858 3300 πεκταβίλιοι
877 3257 923 3290 M
938 3254 973 3289 οἱ
992 3253 1068 3300 (οὐχ
1084 3255 1120 3289 οἱ
1136 3255 1196 3297 L2)
1217 3266 1369 3289 σπεκτα-

292 3302 402 3348 etlam
421 3305 451 3337 L
474 3300 516 3337 οὗ
540 3299 773 3348 περίβλεπτοι
789 3303 822 3334 Β
839 3302 850 3344 ΙΙ
879 3304 918 3335 13
942 3303 1088 3346 φέρεται
1102 3301 1152 3334 Bc
1167 3302 1179 3343 ΙΙ
1209 3302 1248 3335 14
1266 3295 1371 3343 ἡμῶν

295 3364 353 3383 οιιι.
367 3362 387 3386 ς·
405 3349 418 3393 fl
436 3352 475 3384 15
501 3344 730 3392 λιβελλισίων
751 3347 826 3379 ΜΒ
850 3343 1052 3391 λιβελισίων
1067 3347 1098 3380 L
1115 3345 1127 3390 Ιί
1159 3347 1196 3379 18
1219 3344 1297 3379 τῶν
1317 3341 1370 3386 οὐ]

293 3393 371 3427 τῶν
395 3408 452 3427 om.
475 3393 522 3427 Μ
540 3392 557 3448 st
587 3394 627 3426 19
652 3389 902 3434 διατάττομεν]
927 3391 1147 3434 disposuimus
1164 3403 1183 3427 ς
1206 3389 1221 3468 ΙΙ
1249 3392 1290 3424 20
1311 3385 1370 3422 ἀλ-

297 3435 392 3471 λοῖον
417 3439 504 3480 ΜΒ]
537 3435 639 3471 amo?
662 3438 692 3470 L
721 3433 835 3470 ἄλλως
863 3437 1055 3470 Haloander
1077 3434 1154 3478 (ΒΓ)
1186 3435 1284 3469 aiter
1307 3446 1326 3471 ς
1358 3433 1371 3478 ΙΙ

298 3484 335 3515 21
364 3480 428 3526 χρὴ
451 3484 481 3516 L
497 3482 510 3527 u
539 3481 595 3523 τὸ]
619 3481 674 3516 τῶ
698 3481 730 3515 L
748 3480 760 3525 ΙΙ
782 3482 824 3515 22
848 3475 1034 3520 ὑπέδειξας
1058 3481 1089 3514 L
1104 3479 1117 3524 ΙΙ
1147 3482 1189 3514 25
1213 3481 1306 3526 ἔργῳ
1327 3498 1371 3503 -

298 3525 502 3568 σπευσιὶτω]
523 3528 697 3561 Diversum
720 3527 897 3560 clausulam
919 3527 1014 3559 habet
1031 3538 1051 3562 ς’
1065 3526 1081 3569 ΙΙ
1098 3527 1139 3560 26
1163 3527 1284 3559 subscr.
1305 3524 1371 3556 dat.

298 3579 361 3604 xv.
387 3572 419 3602 k.
443 3572 547 3613 April.
566 3566 905 3605 Constantinunoiss'
932 3575 1006 3612 post
1026 3570 1183 3603 Bilisario
1206 3580 1258 3603 uc.
1283 3579 1370 3602 cons.

301 3615 357 3655 Μ,
389 3613 522 3660 ἐγράφη
555 3615 625 3662 πρὸ
657 3615 697 3650 ιε’
723 3612 916 3649 καλανδῶν
946 3612 1161 3658 Ἀπριλλίων
1191 3611 1282 3659 μετὰ
1305 3610 1372 3656 τὴν

300 3655 477 3693 ὑπατείαν
503 3659 713 3706 Βελισαρίου
733 3662 820 3699 Am..
851 3659 1064 3705 ἐξεφωνὴθη
1085 3657 1175 3703 μετὰ
1198 3657 1265 3702 τὴν
1281 3655 1372 3694 bna-

301 3706 403 3737 ’τείαν
429 3702 635 3748 Βελισαρίου
665 3708 750 3748 μηνὶ
779 3703 949 3771 Ἀπριλίῳ
982 3706 1121 3743 ΤΙιευιΙ.,
1155 3705 1221 3738 dat.
1245 3713 1290 3738 111
1313 3707 1371 3737 iffi.

302 3748 475 3784 Ianuarias
501 3759 588 3782 cons.
614 3749 756 3783 uilisarii
780 3751 843 3785 Iul.
883 3752 939 3794 (cfi
962 3763 1031 3784 nov.
1052 3749 1184 3793 XXIII)
1210 3749 1277 3783 dat.
1299 3752 1373 3793 post

1439 3132 1526 3154 cons.
1552 3121 1695 3155 uilisarii
1718 3123 1783 3156 Iul.
1802 3123 1895 3156 codd.
1919 3124 1960 3156 al.
1992 3123 2005 3168 11
2032 3125 2074 3158 29
2098 3126 2185 3157 rubr.
2205 3125 2294 3169 Περὶ
2321 3119 2514 3171 Ἀρμενίων

1444 3167 1563 3200 ΤΙιεοά.
1583 3167 1595 3210 ΙΙ
1619 3168 1661 3201 33
1685 3167 1752 3210 τῷ]
1777 3167 1856 3200 τῶν
1879 3167 1910 3200 L

1489 3248 1502 3280 1
1528 3249 1624 3278 tuum
1646 3246 1680 3279 V
1693 3245 1706 3290 ΙΙ
1731 3245 1930 3278 sancivimus
1943 3266 1984 3271 —
1999 3250 2019 3281 3
2039 3247 2245 3280 celsitudinis
2268 3260 2327 3281 om.
2343 3247 2373 3280 R
2396 3247 2430 3286 (4
2451 3246 2511 3277 mi-

1439 3291 1580 3323 nistrare
1592 3290 1873 3333 appellationibus
1893 3292 1953 3324 del.
1974 3292 2034 3333 R2)
2052 3291 2065 3336 ΙΙ
2082 3294 2101 3326 3
2122 3295 2198 3325 tuae
2218 3305 2277 3325 om.
2299 3288 2357 3334 V}
2372 3292 2391 3323 7
2410 3290 2511 3323 saeris

1439 3336 1571 3368 scriniis
1585 3336 1618 3369 T
1624 3348 1631 3373 ς
1650 3336 1710 3377 leq.
1725 3346 1764 3368 ex
1776 3335 1877 3369 saeris
1888 3337 2022 3369 scriniis
2033 3337 2049 3368 Τ
2065 3336 2078 3380 fl
2096 3337 2358 3369 communionem
2373 3335 2512 3378 Teuta]

1439 3390 1642 3413 communem
1665 3381 1700 3414 V
1716 3391 1888 3414 commune
1907 3381 1940 3414 R
1965 3380 1977 3423 ΙΙ
2004 3384 2024 3415 9
2049 3382 2137 3423 quod
2162 3394 2220 3423 ⁰²⁴!-
2242 3380 2296 3423 V.
2317 3381 2357 3413 10
2382 3382 2510 3411 tantun·

1439 3424 1539 3468 RVss
1559 3427 1593 3458 11
1623 3425 1736 3458 dicant
1769 3425 1826 3470 Vn
1846 3427 1884 3460 16
1906 3427 2052 3459 misteria
2074 3425 2135 3470 Ru
2156 3428 2196 3459 18
2219 3434 2294 3457 nam
2321 3434 2360 3456 ue
2382 3436 2440 3456 om.
2475 3423 2512 3460 1’.

1439 3470 1577 3502 neuntio
1594 3469 1693 3503 aliter
1706 3470 1858 3512 quodam!
1871 3473 1978 3514 suppl.
2000 3470 2051 3504 1⁷2
2069 3472 2102 3504 in
2117 3475 2203 3513 spat.
2217 3481 2286 3501 vuc-
2339 3469 2377 3501 19
2401 3468 2513 3508 etiam]

1439 3515 1538 3546 etiam
1554 3518 1587 3547 et
1599 3515 1667 3548 RT
1682 3518 1715 3548 et
1732 3515 1766 3548 V
1778 3514 1790 3558 ΙΙ
1807 3517 1849 3549 20
1861 3515 1969 3557 figura
1986 3515 2042 3560 Vn
2058 3516 2100 3548 26
2111 3515 2291 3555 agnoscant
2307 3513 2337 3544 R
2354 3511 2368 3556 fl
2384 3514 2424 3546 27
2440 3516 2512 3546 sub·

1438 3572 1501 3592 scr.
1522 3561 1665 3593 dedimus
1689 3573 1728 3593 ex
1760 3560 1820 3594 VO
1835 3559 1848 3604 ΙΙ
1866 3569 1891 3594 x
1924 3561 1961 3602 V,
1986 3572 2044 3604 om.
2072 3557 2225 3602 010111).
2249 3557 2279 3590 V
2280 3556 2337 3601 011
2357 3557 2515 3590 Bisilario

1439 3625 1491 3647 uc.
1513 3610 1600 3648 con?
1624 3617 1653 3650 Ο
1690 3615 1865 3649 Basiliario
1888 3617 1972 3649 uicit
1995 3612 2118 3648 oonnul.
2140 3611 2193 3657 V!
2223 3614 2265 3646 29
2290 3613 2455 3645 Armeniis
2482 3615 2512 3647 n

1438 3661 1537 3703 vulo]
1551 3661 1703 3693 Armenis
1723 3661 1768 3694 Vr
1785 3660 1798 3704 ΙΙ
1815 3665 1853 3693 ut
1864 3680 1908 3686 --
1921 3663 1960 3695 31
1977 3660 2063 3702 lege·
2073 3657 2136 3698 Rr]
2150 3670 2208 3691 om.
2231 3657 2353 3699 Vvuly.
2370 3658 2382 3700 ΙΙ
2402 3660 2442 3691 33
2463 3660 2511 3691 in-

1439 3718 1499 3738 εον.
1515 3718 1573 3738 om.
1593 3719 1611 3740 r
1628 3705 1831 3751 flArmeniue
1855 3719 1913 3740 om.
1931 3705 1966 3739 R
1981 3702 1997 3750 Ι
2011 3704 2052 3739 ³5
2076 3701 2212 3745 regione
2227 3715 2245 3736 r
2259 3702 2272 3746 fl
2291 3704 2333 3736 36
2353 3705 2463 3736 nostre
2481 3703 2514 3737 R
