2618 4010
324 120 361 162 N
365 132 429 161 ov.
447 118 612 160 LXXII
633 129 694 173 pr.

1385 114 1470 164 358

2013 135 2073 166 UT
2100 134 2152 165 111
2173 133 2259 172 om
2288 125 2532 165 (intimans

324 226 432 263 πάλιν
461 225 517 261 οἷα
541 226 805 282 δικαζομένους·
838 226 1066 283 ἑκατέρωθεν
1089 228 1156 282 γᾴρ
1178 227 1220 264 τὸ
1245 228 1393 286 πρᾶγμαἱ
1460 232 1523 266 aut
1558 231 1654 266 stare
1693 241 1815 266 rursus
1849 235 2029 277 tamquam
2063 233 2259 278 litigantes:
2306 241 2350 267 ex
2382 234 2532 276 utroque

324 275 423 306 ἐστιν
453 271 658 317 ἐπισφαλές,
693 286 715 316 η
745 273 823 307 τῶν
854 273 1071 319 αξιωμοιτων
1103 276 1349 319 υβριζομενων
1372 289 1393 318 η

323 318 386 351 τοῦ
417 316 620 352 δικαστικοῦ
657 315 832 361 σχήματος
864 316 1019 360 ἀναξίως
1048 317 1245 367 προϊόντος.
1299 322 1391 356 ἐπεί-

323 362 526 442 τοιγίἐιετά
540 362 620 397 τοὺς
635 362 1034 411 μεγαλοπρεπεστάτους
1050 363 1287 410 ἰλλουστρίους
1302 362 1393 400 ἅπα-

324 419 383 442 σιν
401 422 423 441 α

323 455 382 487 καὶ
405 451 460 488 δι’
487 453 628 488 ἑαυτῶν
650 452 908 501 ἀγωνίζεσθαι,
933 453 1095 497 οὐδεμιᾶς
1116 456 1289 490 ἐντεῦθεν
1313 454 1394 490 οὔτε

323 496 508 533 κωλύσεως
539 497 620 534 οὔτε
652 500 776 544 ζημίας
806 498 888 534 οὔτε
920 501 1043 544 ποινῆς
1074 499 1173 547 παρὰ
1202 501 1308 535 τοῦτο
1333 503 1394 536 ἐπ·

325 547 496 591 αγομένης
520 542 648 580 αὐτοῖς.
1304 585 1306 587 ,

333 633 343 646 ε
375 587 467 636 (En
477 593 493 623 ί
499 588 653 636 λογος.)
681 588 856 625 Ἡτοίνυν
871 589 916 634 σὴ
927 587 1082 640 ὑπεροχὴ
1098 589 1142 625 τὰ
1158 588 1396 644 παρασῖάντα

1464 276 1555 311 enim
1578 284 1688 311 causa
1704 275 1843 311 videtur
1861 276 2017 320 incauta,
2037 281 2100 314 aut
2116 277 2348 322 dignitatibus
2367 276 2532 312 iniuriam

1462 320 1719 356 sustinentibus
1751 323 1814 355 aut
1842 321 1999 358 iudiciali
2026 324 2205 360 schemate
2233 322 2376 366 indigne
2403 331 2529 367 proce·

1463 366 1580 401 dente.
1618 365 1705 400 Post
1727 365 2088 410 magnificentissimos
2111 368 2218 414 igitur
2241 368 2396 404 illustres
2421 367 2532 404 omni-

448 419 505 442 εια
523 410 618 443 ἔστω
635 407 859 454 βουλομένοις
878 413 936 444 καὶ
953 407 1104 444 ἐντολεῖς
1120 405 1395 456 προβάλλεσθαι
1431 414 1449 445 5
1463 411 1529 446 bus
1553 410 1696 445 licentia
1729 410 1776 445 sit
1799 410 1996 447 volentibus
2027 417 2277 459 procuratores
2302 412 2466 448 ordinare
2497 413 2534 447 et

1462 466 1526 500 per
1550 465 1587 491 se
1610 456 1690 491 lites
1714 460 1896 498 exercere,
1926 457 2024 493 nulla
2055 468 2097 494 ex
2128 460 2197 495 hoc
2229 467 2343 503 neque
2374 456 2532 503 prohibi·

1464 501 1560 537 tione
1583 510 1697 546 neque
1720 500 1848 536 damno
1873 510 1986 546 neque
2008 500 2124 548 poena
2146 504 2331 540 inferenda
2354 505 2416 539 eis.

1527 591 1769 636 Epilogus.)
1815 591 1893 627 Tua
1915 592 2019 637 igitur
2042 594 2228 629 eminentia
2251 603 2342 640 quae
2356 593 2431 629 visa
2450 596 2534 628 sunt

323 638 408 680 ημῖν
431 638 490 689 κάὶ
515 633 574 669 διὰ
597 634 702 670 τοῦδε
720 637 783 670 τοῦ
806 636 909 670 θείου
929 634 1128 681 δηλούμενα
1150 635 1262 692 νρμου
1283 648 1395 671 απασι
1411 641 1452 673 10
1465 591 1567 672 nohis
1584 639 1620 672 et
1640 647 1704 681 per
1721 637 1814 672 hanc
1833 647 1971 673 sacram
1995 637 2172 674 declarata
2192 643 2275 675 sunt
2290 639 2401 683 legem
2421 638 2532 673 omni-

323 692 509 724 ποιησατω
534 681 671 728 φανερὰ
694 682 739 715 τὰ
762 682 1020 726 συιέιθίσμένα
1045 684 1105 716 ἐπὶ
1123 693 1261 717 τουτοις
1285 681 1395 728 πράτ-

323 738 443 761 τουσα.
513 726 596 762 Dat.
617 727 651 762 k.
674 727 750 761 Iun.
765 726 832 762 ΟΡ.
850 727 933 772 imp.
952 727 1008 763 dn.
1023 727 1210 764 Iustiniani
1230 738 1289 773 pp.
1305 729 1394 772 Aug.

324 781 405 808 ann.
422 771 502 808 XII.
528 771 688 808 Iohanne
711 783 742 808 v.
760 782 790 807 c.
817 773 972 808 consule.

833 932 888 965 OB

394 1000 506 1035 ΠΕΡΙ
530 1000 882 1039 ΚΟῩΡΑΤΟΡΩΝ,
907 999 999 1035 ΚΑΙ
1023 998 1338 1036 ΚΗΔΕΜΟΝΩΝ

444 1048 535 1081 ΚΑΙ
560 1044 664 1081 ΤΗΣ
689 1045 794 1083 ΤΩΝ
818 1044 950 1081 ΝΕΩΝ
974 1046 1278 1081 ΦΡΟΝΤΙΔΟΣ.

1413 1229 1454 1261 20
1470 1227 1558 1262 EOS

1414 1002 1507 1046 151}

1466 682 1532 718 bus
1567 682 1678 717 faciat
1712 682 1917 727 manifesta,
1957 693 2046 728 quae
2081 684 2187 720 moris
2218 689 2301 720 sunt
2335 694 2443 729 super
2478 684 2533 717 his

1466 738 1584 772 agens.
1655 727 1739 762 Dat.
1754 727 1845 773 prid.
1860 738 1943 763 non.
1957 728 2076 764 Iunias
2097 729 2164 764 GP.
2179 729 2262 775 imp.
2277 731 2334 765 dn.
2348 729 2534 765 Iustiniani

1359 777 1404 816 [a.
1420 776 1496 816 538]
1554 784 1613 819 pp.
1630 773 1721 818 Aug.
1743 783 1837 810 anno
1850 773 1931 810 XII.
1955 774 2115 810 Iohanne
2132 784 2163 810 v.
2178 785 2208 810 c.
2231 776 2387 811 consule.

1810 931 1956 966 LXXII.
2004 931 2266 967 Auth.LXXV.
2286 932 2433 968 Gon.vl
2451 934 2535 967 tit.2

1538 999 1601 1035 UT
1626 999 1678 1035 HI
1706 999 1787 1045 QUI
1811 999 2081 1036 OBLIGATAS
2113 997 2170 1034 SE
2202 997 2400 1034 HABERE
2424 999 2535 1035 PER·

1468 1045 1650 1081 HIBENT
1675 1045 1766 1081 RES
1790 1044 2021 1081 MINORUM
2044 1043 2141 1080 AUT
2162 1043 2390 1080 OBLIGATI
2414 1045 2535 1080 SUNT

1468 1090 1544 1126 EIS
1580 1090 1646 1125 AD
1679 1091 1851 1127 EORUM
1883 1088 2304 1126 GUBERNATIONEM
2333 1089 2536 1125 PENITUS

1468 1136 1566 1172 NON
1590 1135 1863 1178 ACCEDANT,
1890 1135 1955 1170 ET
1980 1135 2043 1171 UT
2070 1134 2352 1170 CURATORES
2376 1134 2537 1170 NULLO

1470 1181 1611 1221 MODO,
1653 1180 1931 1217 SUSCIPIANT
1985 1178 2240 1216 CESSIONES
2287 1178 2537 1215 ADVERSUS

1605 1226 1806 1271 QUORUM
1854 1224 2171 1262 CURATIONEM
2219 1224 2386 1261 AGUNT
2439 1224 2536 1260 AUT

1468 1270 1713 1308 EGERUNT.
1748 1272 1878 1308 HAEC
1896 1271 2069 1307 AUTEM
2091 1264 2439 1307 GENERALITER
2454 1270 2536 1306 VA-

1468 1315 1661 1357 LEBUNT
1702 1317 1752 1353 IN
1793 1313 1917 1353 OMNI
1959 1315 2236 1352 CURATIONE
2276 1315 2326 1351 IN
2368 1315 2536 1360 QUIBUS

1467 1361 1700 1398 PERSONIS
1741 1360 1899 1398 LEGES
1939 1358 2224 1397 CURATORES
2262 1360 2534 1396 PRAEBENT.

1469 1407 1530 1442 ET
1560 1404 1627 1442 DE
1660 1403 2041 1443 GUBERNATIONE
2073 1404 2391 1442 PECUNIARUM
2421 1406 2536 1442 COM-

1410 1454 1451 1486 25
1468 1453 1755 1489 PETENTIUM
1778 1453 1854 1488 EIS
1879 1450 2080 1497 QUORUM
2103 1449 2321 1487 NEGOTIA
2342 1450 2535 1486 ADMINI-

326 1641 361 1676 Ὁ
377 1640 481 1677 αὐτὸς
495 1642 661 1687 βασιλεὺς
673 1641 822 1690 Ἰωάννῃ
841 1644 893 1686 τῷ
912 1640 1136 1698 ἐνδοξοτάτῳ
1148 1641 1297 1698 ’ἐπάρχω
1318 1644 1395 1677 τῶν

325 1685 551 1723 ἀνατολικῶν
575 1692 811 1736 πραιτωρίων
834 1688 876 1723 τὸ
899 1686 955 1733 β’,
986 1689 1057 1724 απὸ
1087 1701 1238 1723 νπατων
1266 1688 1394 1732 υπάτῳ
1409 1691 1450 1723 30

614 1732 812 1780 ὖρὸιναρίῳ
836 1737 895 1768 καὶ
919 1738 1108 1779 πατρικίῳ.

365 1801 423 1848 <11
426 1801 654 1847 ροοίμιον.)
696 1799 820 1836 Πάντα
837 1804 904 1847 μὲν
920 1802 973 1845 τῷ
991 1801 1175 1848 νομοθέτῃ
1193 1799 1238 1835 τὰ
1256 1801 1316 1845 τῆς
1332 1813 1395 1836 πο-

326 1846 454 1882 λιτείας
493 1849 532 1881 ἐν
567 1844 701 1901 μεγάλῃ
741 1845 907 1902 φρρντίὸι
942 1847 1176 1888 καθέστηκεν,
1216 1844 1313 1881 ὅπως
1352 1841 1397 1881 ἂν

1466 1498 1740 1542 STRANTUR,
1772 1498 1837 1533 ET
1863 1497 2060 1542 QUANDO
2085 1497 2176 1532 EAS
2200 1496 2416 1532 RECONDI
2439 1496 2535 1531 AUT

1464 1543 1687 1580 MUTUARI
1719 1542 2111 1624 OPOBb'Ibfissl'IPfiAssffiI
2122 1541 2189 1633 ER}
2220 1541 2295 1577 EIS
2327 1541 2537 1577 REDITUS

1694 1645 1746 1681 Id.
1773 1647 1863 1690 Aug.
1889 1645 2039 1682 Iohanni
2062 1655 2122 1690 pp.
2137 1644 2314 1680 secundo.

1510 1800 1797 1848 (Praefatio.)
1843 1801 1968 1837 Omnia
1989 1802 2128 1847 quidem
2150 1802 2347 1848 legislatori
2369 1802 2536 1846 reipubli-

1467 1856 1530 1882 cae
1560 1847 1597 1882 in
1621 1857 1750 1892 magna
1782 1857 1868 1882 cura
1891 1850 1992 1891 sunt,
2025 1847 2320 1892 quemadmodum
2346 1847 2475 1892 optime
2500 1857 2538 1883 se

324 1891 454 1936 ἄριστα
477 1895 551 1935 ἔχοι
573 1896 632 1926 καὶ
656 1905 895 1938 αμαρτανοιτο
923 1887 1051 1936 μηδέν·
1091 1886 1334 1937 διαφερόντως
1358 1889 1398 1925 δὲ
1466 1891 1620 1927 habeant
1650 1897 1687 1928 et
1718 1892 1915 1939 [peccandi]
1949 1891 2036 1928 nihil
2068 1892 2310 1939 delinquatur;
2346 1892 2538 1938 praecipue

325 1937 372 1972 τοὶ
395 1936 598 1982 συμβόλαια
621 1939 698 1972 τῶν
727 1940 821 1971 νέων
853 1941 912 1971 καὶ
936 1935 957 1981 ἡ
983 1940 1064 1990 περὶ
1096 1935 1221 1971 αὐτοὺς
1249 1940 1397 1992 φροντὶς
1410 1939 1451 1972 35
1466 1940 1583 1972 autem
1613 1936 1849 1973 instrumenta
1880 1938 2054 1973 minorum
2086 1942 2121 1973 et
2150 1949 2241 1984 quae
2270 1938 2366 1974 circa
2398 1948 2458 1973 eos
2485 1942 2538 1973 est

325 1982 467 2038 πρᾶῖμά
487 1985 562 2018 ἐστι
579 1980 892 2029 περισπούδαστον
909 1986 982 2018 τοῖς
993 1995 1055 2017 του
1070 1983 1286 2026 νομοθετειν
1300 1982 1397 2028 παρὰ

327 2029 414 2064 θεοῦ
434 2028 500 2072 τὴν
517 2028 681 2069 ἐξουσίαν
699 2026 861 2072 λαβοῦσι,
886 2030 1004 2074 φαμὲν
1024 2025 1067 2070 δὴ
1087 2028 1142 2072 τῷ
1157 2025 1394 2072 βασιλεύοντι.

1467 1982 1604 2018 curatio
1636 1993 1693 2018 res
1726 1985 1782 2019 est
1805 1983 1965 2018 studiosa
1993 1983 2043 2019 eis
2076 1984 2135 2027 qui
2164 1983 2368 2030 proferendi
2397 1984 2492 2028 leges
2517 1993 2538 2017 a

1466 2027 1531 2064 deo
1555 2026 1735 2064 licentiam
1758 2028 2003 2074 perceperunt,
2027 2028 2176 2065 dicimus
2201 2034 2320 2066 autem
2343 2028 2386 2064 de
2410 2038 2451 2064 eo
2477 2029 2537 2073 qui

369 2121 451 2154 Νου.
467 2120 622 2153 LXXII
639 2120 801 2160 (Anthene.
814 2120 922 2152 LXX
930 2119 1020 2151 V=
1047 2119 1125 2152 Call.
1149 2119 1201 2151 VI
1221 2120 1316 2152 tim:
1342 2120 1451 2161 qloss.)
1476 2102 1600 2153 Graece
1625 2126 1713 2152 extat
1736 2115 1775 2152 in>
1790 2119 1882 2161 ML,
1905 2121 1975 2162 fuit
1997 2121 2030 2153 in
2055 2120 2090 2152 B
2114 2121 2168 2160 37,
2192 2127 2231 2161 11,
2251 2127 2344 2160 1—4‚
2373 2121 2456 2153 unde
2478 2123 2535 2154 c.1
2559 2102 2565 2106 Ι

325 2166 384 2208 (Εἰ
407 2162 449 2198 δέ
468 2176 522 2198 τις
544 2161 754 2199 ὑπεύθυνον
777 2184 819 2188 -
843 2162 994 2207 ὄλεθρος
1013 2164 1089 2205 359,
1103 2164 1150 2205 25)
1176 2171 1205 2197 et
1229 2176 1254 2197 c.
1269 2165 1355 2197 6—8
1377 2164 1433 2205 (—
1445 2161 1588 2206 μνήμην
1623 2161 1788 2206 ινόμενον
1801 2165 1878 2206 362,
1890 2165 1935 2206 34)
1962 2166 2101 2198 servavit
2121 2165 2168 2197 B⁸
2189 2177 2224 2208 p.
2239 2165 2303 2198 342
2317 2165 2432 2207 Zack„
2465 2167 2538 2199 reli-

325 2224 456 2255 quorum
473 2218 660 2255 arqumenta
675 2211 841 2253 Tipucitus
853 2210 914 2250 (ed.
928 2209 1118 2242 Heimback.
1132 2209 1198 2242 III
1205 2221 1239 2251 p.
1255 2210 1321 2243 675
1330 2210 1454 2251 sq.).—
1467 2206 1555 2251 Epic.
1602 2210 1691 2242 lzeod.
1708 2211 1761 2251 72,
1786 2210 1904 2243 Athan.
1920 2210 1970 2250 13,
1985 2218 2008 2243 1.
2041 2210 2163 2243 Iulian.
2177 2217 2274 2243 const.
2290 2210 2360 2242 LX
2369 2210 2404 2243 V.

324 2303 388 2336 aut
408 2310 536 2335 rursus
559 2299 706 2335 adstare
730 2303 910 2344 tamquam
934 2297 1117 2351 litiqantes
1142 2308 1183 2332 co
1211 2301 1341 2333 antur.-
1377 2298 1421 2333 ab
1445 2302 1600 2344 utraque
1622 2298 1715 2333 em'm
1739 2303 1852 2345 parte
1879 2309 1937 2334 res
1964 2303 2017 2334 est
2041 2298 2197 2341 lubrica,
2232 2309 2312 2333 cum
2336 2304 2400 2334 aut
2423 2299 2539 2345 ἀέρια-

325 2348 415 2381 tates
438 2343 574 2380 iniuria
597 2344 812 2390 afficiantur
835 2347 900 2380 aut
921 2342 1104 2379 §advocatis
1128 2354 1171 2378 or
1197 2354 1218 2378 ο
1236 2353 1373 2390 parum
1393 2342 1431 2378 d·

1417 2354 1429 2378 ι

325 2391 486 2427 omnibus
510 2389 652 2426 licentia
675 2390 734 2432 sit,
759 2390 794 2425 si
814 2389 932 2432 velint,
957 2393 992 2425 et
1007 2393 1274 2435 procuratores
1296 2354 1455 2434 eliqend‘f

1457 2354 1502 2379 ne
1523 2343 1708 2390 procedat.
1752 2343 1864 2390 Atque·
1879 2348 1971 2390 post
1991 2343 2361 2390 maqnificentissimos
2383 2344 2539 2380 illustres

1484 2393 1613 2441 etuper
1636 2398 1673 2424 se
1697 2399 1843 2424 causam
1867 2389 2009 2435 aqendi,
2042 2399 2128 2424 neve
2151 2389 2261 2424 ullum
2285 2388 2367 2425 inde
2390 2394 2455 2425 aut
2475 2390 2537 2424 im-

322 2436 564 2483 pedimentum
589 2439 654 2471 aut
676 2434 845 2470 damnum
869 2438 934 2471 aut
949 2446 1074 2481 poena
1096 2434 1173 2469 ulla
1195 2433 1390 2470 secundum
1414 2433 1553 2470 hocas
1575 2435 1770 2480 mseratur.

460 2479 549 2527 Epi
555 2481 569 2516 ί
576 2490 597 2516 o
601 2491 698 2533 qus.
748 2476 825 2532 Tua
850 2476 963 2526 iqitur
992 2475 1193 2532 cublimitas
1214 2489 1317 2531 'quae
1348 2479 1452 2515 nobis
1472 2479 1695 2527 placuerunt
1726 2483 1760 2516 et
1784 2491 1856 2525 per
1877 2479 1971 2515 hanc
2000 2490 2142 2516 sacram
2173 2479 2284 2526 leqem
2308 2476 2538 2525 declarantur

326 2527 487 2564 omnibus
509 2527 706 2572 mamfesta
727 2525 859 2571 factat,
882 2537 976 2572 quae
999 2536 1038 2560 m
1061 2524 1118 2560 lus
1139 2525 1219 2570 fiere
1243 2524 1360 2561 solent
1382 2528 1520 2560 actura.

1353 2636 1511 2673 LXXII.

762 2707 832 2744 ΒΕ
854 2704 1204 2743 CURATORIBUS
1228 2705 1297 2741 ET
1318 2704 1600 2742 TUTORIBUS
1624 2704 1694 2740 ΕΤ
1714 2703 1839 2741 ΟΠΒΑ
1862 2704 2113 2742 MINORUM.

418 2766 518 2803 Idem
538 2766 723 2813 Auqustus
743 2763 905 2801 Iohanni
925 2763 1186 2810 qloriosissimo
1209 2763 1399 2843 prfffssct?
1420 2763 1621 2844 ριὲαοῖἷοΐνιζο.
1628 2773 1697 2810 per
1725 2761 1902 2798 Orientem
1925 2762 2072 2804 iterum,
2096 2754 2450 2797 exconsuli'eonsuli

1219 2819 1262 2843 or
1287 2817 1406 2843 mario
1431 2819 1450 2845 e
1486 2817 1512 2855 p
1553 2818 1652 2843 mezo.

463 2867 721 2913 Praefatio.
769 2865 994 2912 Quamquam
1019 2876 1141 2902 omnes
1163 2865 1382 2912 reipublicae
1399 2868 1529 2917 partes
1553 2864 1753 2918 leqislatori
1775 2875 1927 2912 maquae
1951 2875 2060 2900 curae
2081 2867 2177 2906 sunt,
2199 2866 2239 2898 ut
2261 2863 2392 2910 optime
2415 2874 2453 2899 se
2477 2864 2538 2899 Ιια-

329 2916 436 2952 beant
463 2925 549 2950 neve
581 2913 773 2959 quiequam
797 2915 987 2959 peccetur,
1025 2915 1142 2947 tamen
1166 2921 1263 2958 prae
1291 2910 1418 2946 ceteris
1448 2910 1687 2956 oblzqatzones
1715 2910 1892 2946 minorum
1924 2914 1958 2946 et
1981 2921 2103 2946 eorum
2128 2920 2217 2944 eura
2246 2919 2305 2944 res
2327 2914 2381 2944 est
2403 2919 2538 2950 summo

328 2959 449 2997 studio
473 2959 585 3006 diqna
607 2958 653 2993 iis
677 2957 739 3004 qui
756 2960 977 3003 potestatem
1002 2956 1098 3003 leqes
1119 2955 1267 3002 ferendi
1288 2967 1311 2990 a
1334 2955 1401 2991 deo
1426 2960 1655 3002 acceperunt,
1688 2956 1941 3002 imperatorem
1966 2953 2124 2990 dicimus.
2171 2956 2287 3000 Atque
2310 2953 2440 2989 multas
2462 2954 2538 2999 qui-

375 3053 396 3087 2
419 3051 520 3084 έστιν
543 3063 601 3084 om.
617 3050 687 3084 E'cl.
718 3049 730 3092 ΙΙ
760 3051 779 3084 3
805 3046 974 3082 δικαστοῦ
998 3048 1047 3082 Β*
1075 3047 1088 3092 11
1114 3046 1271 3091 βήματος
1295 3048 1365 3080 Εεί.
1391 3045 1403 3092 11

332 3099 352 3132 4
376 3094 566 3140 ἰλλουρίους
587 3095 634 3129 L¹
666 3091 915 3140 συγκλητικούς
940 3095 989 3127 Bc
999 3094 1070 3127 Ecl.
1099 3092 1111 3138 11
1143 3096 1161 3128 5
1186 3095 1245 3126 καὶ
1269 3105 1326 3126 om.
1353 3104 1372 3128 ς
1392 3094 1403 3137 11
1435 3103 1437 3119 r

331 3139 504 3183 ἐντολὴνῖ
529 3142 579 3175 L⁸
608 3138 772 3175 ἐντολέας
790 3140 900 3183 Epan.
923 3138 935 3184 11
962 3141 1010 3173 ὃς
1034 3164 1042 3172 .
1066 3134 1178 3172 *οὐδὲ
1194 3157 1235 3162 -
1256 3134 1339 3171 οὐδὲ
1358 3156 1403 3163 —

331 3182 415 3222 οὐδὲ
438 3188 516 3222 libri
529 3187 543 3230 11
559 3188 578 3220 7
603 3183 702 3232 παρὰ
723 3184 829 3218 τοῦτο
854 3183 992 3218 MLBer
1031 3185 1081 3224 eL]
1107 3180 1195 3228 παρ’
1219 3180 1326 3216 αὐτοῦ
1352 3183 1403 3216 13⁰

332 3234 415 3276 περὶ
438 3231 546 3265 ’τοῦτο
567 3232 780 3272 Haloander;
804 3243 861 3263 om.
877 3241 895 3266 ς
920 3230 934 3273 11
960 3230 1193 3276 ἐπαγομένοις
1215 3228 1258 3262 Μ
1279 3227 1292 3272 11
1320 3227 1340 3262 9
1363 3224 1409 3261 ‘H

333 3292 391 3314 om.
406 3278 437 3312 L
454 3276 468 3321 11
487 3279 524 3311 11
549 3276 796 3319 συνηθισμένα
809 3275 857 3309 Μ
871 3274 1136 3318 συνηιθισμένα
1149 3275 1180 3307 L
1197 3273 1210 3317 11
1229 3273 1270 3308 12
1282 3276 1401 3307 subscr.

335 3337 393 3359 om.
402 3323 465 3357 Iul.
483 3322 496 3366 11
513 3323 545 3355 k.
558 3323 629 3355 iun.
640 3322 696 3362 M]
708 3321 793 3365 prid.
808 3331 886 3354 non.
899 3321 974 3352 Iun.
989 3321 1031 3362 (v.
1043 3322 1062 3354 l.
1072 3319 1150 3362 lul.)
1164 3331 1183 3356 ς
1200 3316 1270 3366 πρὸ
1283 3317 1403 3351 νόνων

332 3366 489 3403 Ἰουλίων
497 3369 585 3409 ΑτΙι.,
599 3380 656 3400 om.
672 3367 789 3400 Theoti.
803 3365 814 3410 11
828 3366 894 3398 GP.
908 3366 987 3408 imp.
1001 3365 1055 3398 dn.
1065 3365 1253 3398 Iustiniano
1264 3373 1319 3408 pp.
1329 3374 1403 3405 aug.

335 3425 412 3448 ann.
422 3413 503 3447 XII.
516 3413 668 3446 Iohanno
679 3422 732 3444 nc.
747 3411 880 3444 consule
893 3411 940 3445 M
946 3412 1000 3453 (cjl
1011 3409 1113 3453 ς),τῷ
1125 3407 1174 3453 ιβ’
1184 3411 1257 3443 ἔτει
1267 3408 1327 3451 τῆς
1339 3411 1438 3451 βα-Η

336 3458 468 3493 σιλείας
478 3456 633 3500 ὑπατείᾳ
641 3454 807 3491 Ἰωάννου
823 3457 942 3490 ΤΙιεοά.
962 3453 1144 3499 βασιλείας
1154 3451 1404 3488 Ἰουστινιανοῦ

336 3503 378 3539 τὸ
392 3502 439 3548 ιβ’
450 3501 541 3548 μετὰ
551 3501 618 3547 τὴν
628 3499 805 3537 ὑπατείαν
817 3499 983 3535 Ἰωάννου
995 3501 1068 3535 ΑτῘι.
1082 3499 1148 3555 1115
1157 3513 1206 3543 sq.
1216 3503 1303 3534 rubr.
1317 3500 1404 3544 Περὶ
1437 3517 1438 3532 2

1436 3305 1438 3319 ,
1469 3227 1625 3315 (Kllilgatis
1645 3271 1694 3306 V*
1712 3273 1724 3316 11
1744 3273 1784 3307 18
1801 3274 1840 3304 ut
1861 3272 1995 3316 Vvulq.]
2021 3283 2078 3305 om.
2092 3270 2183 3315 RTu
2202 3273 2244 3305 20
2261 3271 2364 3313 agunt
2382 3281 2440 3302 om.
2454 3267 2538 3321 Rq!

338 3544 566 3595 κουρατόρων
578 3544 831 3595 (κουρατώρων
841 3547 888 3588 Β)
901 3566 945 3570 -
957 3547 1146 3592 φροντίσας
1155 3545 1236 3588 ML,
1252 3543 1404 3579 Emun-

340 3597 412 3627 dum
426 3596 559 3629 indicem
573 3593 624 3628 13⁶
633 3601 662 3627 et
671 3592 862 3637 Rpucitum]
874 3588 984 3625 ”Ωστε
995 3589 1075 3625 τοὺς
1085 3587 1276 3625 ὖπεύθννα
1348 3600 1404 3622 ον-

340 3649 402 3671 τας
424 3641 517 3681 ἔχειν
539 3638 585 3673 τὰ
605 3634 799 3717 πράὲματα
820 3637 898 3671 τῶν
916 3638 1012 3671 νέων
1033 3639 1092 3670 καὶ
1111 3634 1157 3670 τὰ
1179 3634 1342 3688 ἐξῆςίρἰ.
1360 3635 1403 3676 (ς)

343 3685 428 3727 Περὶ
449 3682 655 3728 ἐπιτρόπων
700 3685 789 3717 Ιιεοά.
804 3682 880 3725 (Βῑ)
899 3682 912 3725 11
936 3683 978 3716 29
991 3678 1135 3728 ἐπάρχῳ
1146 3681 1238 3722 Am}
1255 3686 1404 3723 υπαρχω

344 3727 413 3759 ML
437 3728 451 3770 11
481 3729 521 3762 30
542 3727 668 3770 ὑπάτῳ
693 3728 795 3762 orn-L
824 3727 838 3772 11
870 3727 914 3762 32
937 3728 1016 3771 μὲν]
1038 3727 1107 3771 μὲν
1123 3722 1191 3773 ᾔθη
1216 3725 1266 3759 cit.
1283 3722 1402 3758 Theod.

1516 3049 1531 3080 1
1548 3049 1688 3101 utraque
1709 3047 1763 3091 Vl}
1782 3049 1801 3081 2
1816 3046 1903 3078 enim
1922 3059 1979 3080 om.
1997 3046 2029 3078 R
2046 3045 2059 3090 11
2076 3046 2095 3078 3
2109 3044 2272 3077 iuditialis
2290 3044 2344 3090 Vn
2370 3046 2390 3079 6
2402 3044 2539 3088 proibiti

1468 3092 1516 3127 Βι
1534 3091 1547 3136 11
1565 3094 1584 3127 9
1609 3092 1680 3125 ursa
1702 3092 1746 3133 R]
1770 3092 1860 3125 iussa
1879 3090 1936 3134 Vn
1951 3092 2029 3123 sunt
2053 3104 2109 3124 om.
2124 3090 2157 3122 R
2172 3089 2184 3134 11
2214 3090 2255 3123 12
2278 3091 2538 3133 subscriptionem

1469 3139 1612 3171 dedimus
1632 3150 1670 3171 ex
1691 3138 1807 3171 Bamb.
1820 3136 1845 3171 I
1849 3150 1857 3175 ;
1893 3149 1951 3170 om.
1974 3136 2058 3169 Val.
2082 3135 2094 3179 11
2118 3134 2184 3168 Iul.
2209 3136 2279 3169 edd.
2298 3136 2460 3179 ylo-esaiae
2483 3135 2512 3175 (c
2529 3160 2537 3168 .

1468 3183 1560 3225 Am.)
1576 3183 1589 3226 11
1607 3182 1676 3215 dns.
1692 3182 1809 3216 Bamb.
1820 3181 1867 3226 ΙΙΙ
1889 3182 1928 3215 13
1942 3180 2087 3214 consulis
2101 3179 2275 3224 Bamess
2296 3181 2338 3215 14
2354 3179 2394 3226 [ξι
2408 3178 2505 3212 Lxx

1569 3229 1610 3262 15
1636 3228 1684 3260 hii
1710 3227 1800 3261 RV¹
1823 3226 1838 3270 11
1865 3227 2018 3268 proibe'nt
2043 3226 2091 3259 Β*
2114 3225 2127 3270 11
2158 3226 2199 3260 16
2222 3225 2367 3268 obligate
2389 3226 2466 3256 sunt
2489 3223 2538 3257 1⁷²

1472 3320 1512 3353 21
1527 3319 1589 3352 hoc
1611 3319 1643 3352 V
1653 3318 1666 3360 11
1685 3319 1726 3352 25
1739 3315 2013 3350 administrantur
2025 3317 2124 3360 υιιίρι]
2143 3316 2374 3349 ministrantur
2385 3309 2420 3346 R
2438 3314 2536 3346 mini-

1471 3365 1618 3397 strentur
1638 3361 1673 3396 V
1689 3363 1879 3406 ministrant
1895 3361 1948 3406 Τ11
1968 3363 2009 3395 26
2023 3362 2167 3404 quando]
2185 3368 2281 3403 quam
2301 3357 2376 3400 V¹ss
2394 3357 2535 3392 recondi(

1472 3409 1524 3441 12⁶
1541 3408 1554 3453 11
1569 3409 1611 3443 27
1629 3419 1667 3442 ex
1684 3409 1730 3442 eis
1745 3407 1893 3441 redditus
1908 3408 2071 3448 (redditur
2085 3405 2145 3449 Εἰ)
2166 3405 2234 3440 RT
2251 3402 2396 3454 redditus
2413 3404 2459 3435 eis
2481 3405 2509 3435 V
2526 3402 2538 3448 11

1473 3455 1516 3488 34
1525 3455 1685 3497 peccandi
1699 3454 1818 3487 seclusi
1828 3453 1964 3496 (peccati
1980 3453 2077 3496 vulq.)
2089 3450 2101 3496 11
2113 3446 2210 3492 nihil]
2223 3449 2308 3482 nien
2320 3447 2368 3480 R¹
2387 3446 2399 3491 11
2415 3447 2536 3480 *relin-

1472 3501 1594 3541 quatur
1609 3498 1685 3533 libri
1703 3498 1715 3544 11
1742 3499 1783 3533 35
1800 3500 1923 3539 autem]
1947 3496 2050 3530 autR
2066 3496 2079 3539 11
2096 3497 2146 3528 ost
2163 3494 2237 3535 (det.
2259 3492 2319 3533 1⁷³)
2340 3493 2468 3525 curatio
2493 3493 2535 3535 V]

1472 3546 1599 3578 curatio
1612 3545 1704 3622 estRl}
1719 3542 1733 3589 11
1752 3544 1793 3578 36
1806 3543 2006 3586 proferendi]
2024 3537 2219 3586 proterenda
2231 3537 2277 3570 eis
2287 3536 2338 3570 R⁰
2353 3537 2366 3581 11
2386 3540 2425 3571 37
2443 3548 2535 3580 prae-

1471 3592 1628 3632 ceperunt
2015 3607 2018 3610 -
