2592 4010
152 253 190 285 13⁶

153 349 188 375 Bt

103 1773 204 1801 hook.

304 237 362 281 ad
391 238 418 280 l.
444 240 607 280 11-—14
637 237 785 281 codice
811 236 984 280 Coislin.
1011 238 1090 278 152
1119 236 1292 279 membr.

220 307 331 338 saec.
351 293 458 336 XIII
486 294 557 338 vel
585 294 689 336 XIV

303 350 359 394 ad
390 351 417 392 l.
439 351 506 393 28.
538 352 591 392 29
630 349 778 394 codice
808 350 932 392 Lanr.
955 351 1023 404 80,
1046 357 1080 389 11
1118 348 1294 391 membr.

220 419 330 450 saec.
353 406 451 449 XII.

306 463 535 506 Praeterea
570 462 628 506 ad
658 463 685 505 l.
717 463 883 504 46-48
915 462 1153 505 Parisinum
1188 463 1298 506 1357.

221 519 361 562 denuo
401 519 577 562 contulit
613 519 755 574 frater,
793 519 863 562 ad.
893 519 921 560 l.
944 520 997 560 60
1028 518 1162 560 Paris.
1194 519 1296 558 1350

222 574 517 630 Tischendorf,
549 576 604 618 ad
630 576 656 617 l.
682 574 1079 618 49-521111011111111
1102 573 1299 616 adhibuit

222 631 358 674 Vatic.
390 633 512 674 2075.
573 632 922 687 Supplementum
962 630 1099 673 edidit
1135 629 1296 672 Zacha-

222 688 312 732 riae
331 688 448 742 Lips.
469 689 635 731 184611.
657 689 819 730 15-18
841 687 1054 742 pleniores
1075 686 1298 739 publicans

223 757 248 788 e
269 743 362 789 cod.
385 744 605 797 cpolitano
620 747 747 795 (nunc
760 743 931 793 Berol.).
960 743 1010 785 In
1032 743 1151 785 libris
1172 742 1299 796 igitur

226 803 290 843 10.
331 802 511 843 20-27,
549 803 616 844 30.
658 801 837 844 38-42.
876 802 943 841 45.
985 800 1152 840 49--52
1196 798 1299 841 soliS
1332 808 1335 813 ’

222 857 312 900 fere
351 858 525 900 nitimur
552 857 725 900 Fabroti
764 860 807 899 et
835 855 988 898 Reitzii
1029 854 1299 906 editionibus,

223 913 268 957 in
297 915 449 958 ceteris
478 918 702 969 praeterea
723 911 973 956 collationes
995 911 1202 955 habemus
1223 911 1298 953 mi-

222 971 336 1013 nime
365 969 526 1014 fideles.

311 1026 347 1069 E
376 1025 571 1069 Basilicis
602 1024 780 1079 integris
808 1023 933 1068 fluxit
961 1024 1218 1079 synopsis
1238 1024 1298 1066 al·

223 1082 453 1138 phabetica
488 1080 664 1124 scholiis
703 1082 907 1124 instructa
943 1081 1106 1124 saeculi
1143 1080 1300 1123 decimi

221 1139 312 1182 fore
342 1136 472 1180 medii
502 1134 669 1192 (ἐκλογὴ
710 1137 784 1179 καὶ
827 1135 1017 1192 σύνοψις
1050 1137 1140 1178 ufir
1168 1139 1300 1190 βασι-

223 1193 354 1236 λικῶν
394 1190 601 1249 ἑξήκοντα
637 1194 825 1247 βιβλίων
857 1191 935 1236 σὺν
966 1199 1302 1248 παραπομπαῖς

222 1247 334 1292 κατὰ
364 1252 611 1303 στοιχεῖον),
647 1263 775 1305 quam
806 1250 943 1294 edidit
970 1256 1068 1306 post
1096 1251 1301 1294 Leuncla·

224 1307 339 1406 {ism
370 1305 732 1407 (Bagillleaessl‘ffldm
756 1306 989 1407 Zachariae
1010 1307 1089 1407 Jus:
1119 1307 1302 1406 Grffoeco·

291 1376 461 1406 manum
517 1396 527 1406 .
614 1377 679 1408 ius
712 1376 778 1407 em
818 1376 883 1407 em
917 1378 1002 1407 oris
1024 1377 1069 1407 es
1107 1377 1166 1407 ec
1202 1375 1303 1418 oge

224 1420 485 1464 librorum
519 1422 669 1474 1—10,
708 1433 819 1476 quae
848 1377 949 1464 011111
981 1419 1199 1464 Theodori
1229 1433 1302 1463 no-

226 1476 339 1520 mine
374 1476 531 1520 iniuria
563 1477 797 1532 fei-ebatum
837 1478 956 1521 cuius
987 1477 1137 1521 codice
1168 1477 1302 1520 Meet·

225 1532 589 1640 {nianiliianskfusus
627 1533 830 1577 nonnulla
859 1534 1036 1589 protulit
1065 1532 1302 1578 Heimbach

242 1602 265 1633 0
284 1621 294 1632 .
373 1602 415 1644 p.
502 1608 528 1640 J.

309 1645 406 1689 Non
427 1645 618 1690 eiusdem
637 1647 837 1693 momenti
854 1647 974 1691 cuius
990 1647 1179 1691 Basilica.
1193 1646 1304 1691 duae

226 1700 385 1746 similes
400 1706 498 1746 sunt
518 1703 791 1747 collectiones
810 1708 939 1747 autea
957 1703 1111 1758 factae,
1133 1698 1156 1745 o‘
1173 1701 1303 1758 πρό-

223 1772 412 1813 χειρος
461 1757 628 1813 νόμος
671 1759 938 1810 (Prochiron)
988 1761 1229 1816 publicatus
1277 1774 1304 1803 a

227 1814 390 1859 Basilio
406 1815 683 1859 Constantino
694 1815 838 1861 Leone
855 1817 1180 1872 imperatoribus
1196 1817 1305 1860 inter

225 1884 359 1916 annos
390 1872 472 1915 870
503 1876 546 1916 et
575 1873 656 1915 878
679 1872 763 1923 (οἀ.
785 1872 1020 1917 Zachariae
1040 1873 1305 1928 Heidelberg

114 1942 205 1975 epau.
232 1929 354 1980 1837)
377 1932 419 1972 et
447 1925 776 1985 ἐπαναγωγὴ
807 1930 900 1971 τοῦ
932 1927 1098 1984 νόμου
1119 1930 1303 1986 (Epam-

227 1987 353 2040 goge)
394 1998 423 2028 a
457 1985 619 2030 Basilio
659 1985 802 2029 Leone
838 1986 1085 2031 Alexandro
1124 1988 1303 2042 impera-

227 2040 389 2085 toribus
424 2041 534 2085 inter
570 2055 704 2086 annos
744 2043 826 2085 879
865 2048 908 2087 et
946 2044 1028 2086 886
1066 2043 1183 2087 edita
1220 2042 1303 2094 (ed.

227 2095 464 2141 Zachariae
503 2099 699 2143 collectio
736 2099 939 2143 librorum
979 2100 1082 2144 iuris
1121 2099 1304 2144 Graeco-

227 2152 421 2197 Romani.
479 2154 596 2210 Lips.
632 2156 768 2207 1852).
827 2155 1017 2211 Uterque
1055 2156 1165 2200 liber
1196 2157 1304 2200 elus·

227 2208 326 2253 dem
364 2210 453 2254 fere
491 2215 558 2255 est
593 2213 831 2267 argumenti
869 2213 942 2266 ita,
981 2218 1027 2256 ut
1055 2212 1160 2256 ordo
1190 2214 1306 2257 solus

227 2264 418 2322 differat3
455 2271 631 2322 uterque
668 2281 807 2323 paene
845 2273 956 2312 totus
995 2283 1050 2312 ex
1083 2269 1304 2313 InstInIani

226 2321 348 2366 libris
396 2322 600 2368 conflatus
644 2329 709 2368 est
750 2325 1022 2378 paucissimis
1065 2325 1306 2369 recentibus

227 2377 395 2431 legibus
433 2380 616 2432 receptis
625 2393 637 2431 ;
682 2382 860 2433 uterque
899 2385 943 2422 et
980 2380 1086 2432 ipsis
1123 2380 1305 2423 novellis

229 2433 359 2475 utitur
388 2434 649 2483 (recensione
679 2437 835 2488 tamen,
871 2438 919 2477 ut
947 2434 1128 2488 videtur,
1158 2447 1186 2477 a
1215 2447 1302 2478 cor·

229 2500 332 2541 pore
376 2489 453 2531 168
492 2489 757 2532 novellarum
797 2489 984 2540 diversa)
1016 2496 1059 2534 01
1087 2489 1305 2534 Theodori

228 2543 524 2598 interdumque
563 2543 788 2589 Athanasii
828 2546 1026 2601 epitome.
1094 2545 1240 2590 Sicubi
1278 2559 1306 2589 a

227 2600 491 2643 novellarum
529 2600 672 2645 verbis
710 2600 892 2649 hisslibri
927 2615 1004 2646 suo
1034 2602 1210 2646 arbitrio
1240 2615 1303 2646 re-

228 2655 395 2710 cedunt,
418 2657 646 2701 varietates
665 2670 749 2701 non
764 2670 935 2713 semper
949 2662 1305 2703 commemoratae

230 2716 338 2766 sunt,
375 2712 452 2756 sed
492 2725 570 2756 eae
598 2713 689 2757 fere
718 2715 852 2768 solae,
883 2728 993 2770 quae
1023 2728 1047 2758 e
1078 2715 1305 2758 traditione

228 2767 494 2812 novellarum
514 2768 687 2814 diversa
702 2769 966 2814 derivandae
982 2784 1076 2816 esse
1093 2772 1301 2815 videntur.

228 2823 366 2868 Locos
408 2826 674 2869 novellarum
717 2827 761 2870 in
801 2828 1084 2883 Epanagoges
1129 2827 1303 2872 scholiis

229 2880 381 2924 citatos
411 2894 495 2924 non
524 2883 714 2936 respexit
744 2882 929 2927 Schoell.

313 2936 368 2980 Et
387 2936 620 2981 Prochiron
651 2943 694 2982 et
713 2939 975 2995 Epanagoge
1006 2942 1156 2996 postea
1179 2942 1304 2982 aucta

230 2995 338 3036 sunt.
397 2992 696 3037 Prochiron
738 3000 952 3039 auctum
996 2997 1110 3039 circa
1146 3008 1302 3038 annum

234 3050 341 3090 1300
386 3050 666 3103 compositum
710 3051 795 3102 (ed.
834 3051 1070 3095 Zachariae
1107 3051 1215 3096 JGR
1233 3051 1303 3099 VI)

231 3105 429 3158 epitomis
459 3106 600 3159 potius
630 3110 673 3149 et
699 3107 897 3151 Basilicis
928 3112 971 3151 et
1000 3108 1151 3151 ceteris
1181 3108 1304 3150 fonti-

230 3160 311 3226 bus
347 3173 467 3226 usum
507 3166 572 3204 est
609 3175 735 3217 quam
775 3164 878 3218 ipsis
908 3164 1092 3208 novellis
1121 3163 1305 3218 ideoque

231 3229 443 3259 rarissime
472 3223 834 3262 commemoratur.

315 3271 642 3327 Epanagoge
661 3279 820 3319 aucta
837 3275 921 3326 (ed.
944 3275 1180 3319 Zachariae
1200 3274 1306 3319 JGR

228 3327 288 3370 IV
302 3330 376 3370 171
391 3332 462 3377 ss.)
478 3331 636 3373 saeculi
653 3331 706 3373 X.
723 3332 916 3375 exeuntis
932 3332 1125 3376 novellas
1140 3331 1307 3375 addidit

231 3396 287 3426 ex
310 3383 545 3428 Athanasio
575 3391 618 3429 et
645 3400 672 3429 a
704 3387 884 3442 pendice
914 3388 1088 3442 eclogae
1118 3390 1174 3443 (p.
1198 3387 1305 3435 VII).

317 3440 473 3483 PartIm
503 3454 527 3484 0
558 3442 666 3486 Ρ1-00
698 3444 761 3486 iro
791 3442 1026 3488 Athanasio
1063 3443 1305 3498 Theodoro,

231 3496 383 3550 partlm
406 3509 430 3539 0
449 3497 635 3542 fontibus
657 3499 778 3542 nobis
799 3500 1023 3555 incognitis
1044 3501 1306 3544 novellarum

236 3629 379 3665 chariac
406 3629 511 3664 Beitr.
539 3640 603 3664 zur
620 3630 739 3665 Kritik
764 3641 796 3665 u.
815 3630 1035 3667 Restitution
1061 3633 1092 3667 d.
1113 3633 1306 3668 Basiliken.

235 3674 341 3709 Edem.
360 3676 404 3708 110
421 3675 547 3710 l'acad.
565 3675 608 3709 de
626 3677 675 3709 51.
694 3673 934 3720 Ρόῖενεὺοιιτς
951 3676 1018 3711 VII
1036 3680 1077 3711 23
1095 3680 1305 3719 (1577)11.6.

2189 131 2444 164 PRAEFATIO

1365 234 1594 277 summaria
1607 234 1859 278 brevissima
1874 234 2016 278 hausit
2031 231 2182 288 ἐκλογὴ
2199 231 2345 286 νόμιον
2355 233 2444 273 τῶν

1366 288 1411 332 ἐν
1441 288 1642 345 ἑπιτόμῳ
1673 288 1990 344 ἐκτεθειμένων
2019 290 2092 332 καὶ
2124 288 2187 339 εἷς
2211 287 2244 330 ν’
2269 288 2445 337 τίτλους

1366 346 1697 403 ὀιηρμοσμένων
1713 347 1764 398 (Ε
1774 361 1802 401 p
1814 348 1888 390 ito
1901 361 1941 389 m
1951 348 1990 396 0)
2006 360 2033 389 a
2049 346 2324 390 Constantino
2342 345 2442 388 Por-

1365 403 1686 459 phyrogenneto
1706 417 1817 446 anno
1839 405 1922 446 920
1944 403 2072 446 edita.
2117 403 2284 446 Titulos
2308 403 2443 443 1-23

1366 460 1502 503 edidit
1521 459 1754 503 Zachariae
1775 460 1881 503 JGR
1900 460 1942 502 II
1963 461 2044 501 265
2055 472 2124 512 ss„
2151 461 2318 501 24-50
2339 457 2445 501 JGR

1367 517 1447 559 VII
1465 516 1563 564 (loci
1581 517 1845 560 novellarum
1866 516 2106 559 indicantur
2120 529 2162 570 p.
2179 517 2291 566 211).
2330 515 2444 557 Raro

1364 573 1506 616 attulit
1534 571 1720 617 Schoell.

1452 629 1658 673 Collectio
1699 630 1778 671 168
1817 628 2081 671 novellarum
2119 627 2315 671 adhibita
2350 641 2445 671 esse

1368 685 1539 729 videtur
1567 686 1611 728 in
1641 685 1750 729 libro
1781 686 1854 739 qui
1886 684 2129 728 inscribitur
2154 684 2259 738 περὶ
2276 682 2444 738 χρόνων

1367 742 1440 784 καὶ
1486 742 1781 796 προθεσμιῶν
1827 736 1918 783 ἀπὸ
1970 739 2112 797 ῥοπῆς
2161 739 2244 790 ἕως
2292 738 2446 783 ἑκατὸν

1370 796 1579 840 ἐνιαυτῶν
1623 799 1769 852 (vulgo
1814 796 1861 839 αἱ
1898 796 2059 853 ῥοπαὶ,
2106 797 2173 840 ed.
2212 797 2446 841 Zachariae

1370 855 1632 909 Heidelberg
1656 854 1796 909 1836),
1826 853 1903 898 sed
1934 867 2030 897 cum
2051 853 2262 897 interdum
2282 855 2447 896 numeri

1370 912 1549 954 citentur
1593 912 1648 954 ab
1693 911 1774 955 hac
1817 911 1984 965 sylloge
2031 911 2182 965 alieni,
2232 911 2447 954 diversam

1370 968 1667 1010 collectionem
1706 972 1952 1023 excerptam
1991 980 2086 1011 esse
2116 968 2354 1022 suspicatus
2385 971 2450 1010 est

1371 1022 1607 1066 Zachariae
1647 1026 1716 1074 (72
1733 1038 1787 1068 ss.
1819 1025 1872 1068 cf.
1905 1025 1988 1066 265
2004 1024 2070 1077 s.),
2107 1023 2186 1067 sed
2221 1023 2345 1067 huius
2374 1037 2448 1066 nu-

1369 1092 1509 1123 meros
1539 1084 1689 1133 postea
1717 1081 1969 1124 auctoritate
1989 1080 2179 1135 corporis
2205 1081 2283 1123 168
2303 1079 2448 1123 novel-

1370 1137 1507 1179 larum
1556 1137 1601 1178 in
1629 1136 1739 1186 ,dies
1788 1142 2003 1180 crescente
2048 1138 2291 1180 immutatos
2340 1149 2448 1180 esse.

1372 1192 1528 1236 Verum
1573 1206 1670 1236 cnm
1714 1205 1821 1236 unus
1864 1192 2006 1236 adhuc
2050 1198 2173 1237 notus
2218 1194 2274 1237 sit
2311 1193 2450 1237 codex

1372 1249 1534 1293 saeculi
1564 1248 1679 1303 XIV,
1710 1249 1976 1292 retinendum
2009 1253 2073 1293 est
2102 1250 2317 1293 iudicium.

1457 1306 1645 1350 Alterius
1669 1306 1935 1349 novellarum
1957 1306 2222 1349 collectionis
2243 1307 2449 1360 integram

1374 1361 1580 1406 habemns
1600 1363 1842 1406 versionem
1862 1363 2050 1415 latinam,
2081 1362 2196 1416 quod
2212 1362 2447 1405 Authen·
2471 1364 2496 1405 ς

1373 1420 1538 1463 11011111
1578 1419 1709 1473 vulgo
1748 1418 1915 1462 dicitur.
1975 1418 2173 1462 Continet
2215 1421 2293 1462 134
2328 1419 2449 1462 Iusti-

1373 1476 1491 1519 niani
1530 1476 1872 1529 constitutiones,
1913 1487 2024 1530 quae
2062 1488 2210 1519 omnes
2250 1475 2378 1519 etiam
2408 1475 2451 1518 in

1375 1545 1551 1588 corpore
1587 1534 1664 1575 168
1694 1531 1962 1576 novellarum
1991 1530 2161 1575 fuerunt
2179 1536 2348 1587 praeter
2372 1533 2448 1574 121

1375 1589 1576 1638 (edictum
1599 1588 1737 1642 VIH);
1768 1601 1823 1632 ex
1853 1587 1919 1632 his
1951 1602 1974 1632 e
2005 1601 2159 1643 graeco
2185 1601 2335 1632 versae
2357 1592 2454 1632 sunt

1375 1646 1618 1701 pleraeque,
1657 1646 1773 1700 ipsas
1812 1645 1965 1689 latInas
1994 1645 2216 1689 Iustiniani
2252 1645 2452 1689 constitu·

1375 1703 1511 1746 tiones
1556 1702 1663 1745 haec
1706 1702 1874 1757 sylloge
1918 1702 2108 1745 continet
2152 1702 2199 1744 18
2245 1701 2336 1752 (IX.
2375 1700 2452 1743 XI.

1374 1759 1511 1802 XVII.
1557 1758 1718 1802 XXIII.
1764 1758 2237 1802 XXXIII—XXXVII.
2277 1758 2453 1800 LXII—

1374 1815 1503 1858 LXV.
1564 1815 1735 1859 LXXV.
1793 1815 1904 1859 CXI.
1964 1814 2113 1858 CXIV.
2173 1814 2452 1859 CXXXVIII.

1374 1871 1579 1922 CXLIII).
1631 1872 1836 1926 Loquitur
1866 1871 1921 1915 de
1952 1870 2034 1916 1180
2062 1885 2108 1915 re
2138 1870 2332 1916 scholion
2356 1870 2451 1915 sub·

1374 1929 1600 1973 obscurum
1626 1928 1740 1983 quod
1762 1932 1881 1971 extat
1900 1929 1943 1971 111
1965 1928 2114 1972 codice
2134 1927 2453 1971 vindobonensi

1373 1991 1472 2029 ante
1502 1984 1803 2029 Authenticum
1841 1985 1870 2028 f.
1902 1987 1973 2027 51r
2010 1990 2052 2028 et
2082 1985 2125 2028 in
2155 1983 2453 2039 Neoburgensi

1375 2041 1429 2096 (V
1439 2042 1617 2086 contulit
1632 2040 1819 2096 Schoell,
1843 2041 1978 2085 Neob.
2000 2040 2252 2085 Heimbach.
2269 2041 2454 2084 Leviora

1376 2099 1560 2149 omitto):
1595 2096 1762 2140 Centum
1794 2100 1891 2148 (om.
1909 2098 1946 2141 V
1967 2099 2009 2141 in
2039 2098 2180 2153 spatio
2211 2098 2362 2148 vacuo)
2393 2097 2454 2137 vi-

1372 2155 1481 2208 qinti
1515 2160 1557 2195 et
1596 2154 1703 2195 duae
1741 2155 2052 2196 constitutiones
2079 2160 2196 2203 sunt3
2223 2152 2301 2195 sed
2327 2165 2454 2195 error

1364 2210 1516 2266 sactus
1544 2217 1604 2252 est
1633 2212 1826 2265 superius
1856 2211 1970 2252 intra
2000 2212 2125 2262 (inter
2154 2210 2340 2262 Neob.?)
2360 2222 2454 2252 cen-

1375 2267 1560 2308 tesimam
1589 2274 1755 2308 sextam
1785 2273 1827 2308 et
1855 2268 2116 2308 centesimam
2147 2273 2346 2320 octavam,
2386 2264 2458 2307 ubi

1376 2324 1595 2364 centesima
1635 2324 1811 2378 septima
1847 2336 1936 2364 esse
1968 2322 2120 2364 debuit.
2180 2321 2255 2364 Set
2284 2323 2381 2378 quia
2411 2323 2453 2363 in

1376 2377 1517 2418 codice
1554 2381 1612 2420 (in
1650 2377 1792 2419 codice
1829 2391 1911 2422 0111.
1942 2378 1995 2430 V)
2034 2381 2308 2420 antecessoris
2345 2378 2452 2420 idem

1375 2445 1501 2474 error
1531 2439 1592 2474 est
1623 2439 1665 2474 et
1692 2433 1763 2474 ille
1790 2433 2010 2475 secundum
2036 2447 2153 2475 suum
2174 2434 2354 2475 codicem
2373 2447 2452 2475 no-

1375 2487 1436 2530 bis
1457 2490 1807 2530 transmissionem
1828 2491 1963 2541 (mnes
1978 2490 2031 2541 V)
2040 2489 2167 2543 feeit,
2197 2489 2343 2531 melius
2363 2504 2452 2532 esse

1376 2544 1485 2586 dua-i
1515 2544 1631 2596 (dclvi
1657 2546 1768 2599 libri,
1810 2559 1915 2589 corr.
1947 2545 2091 2596 Zach.)
2120 2559 2202 2587 non
2232 2546 2452 2588 emendare

1373 2614 1598 2644 numerum.
1645 2599 1742 2643 Hae
1770 2601 1862 2653 (hec
1877 2602 1926 2656 V,
1956 2601 2032 2643 keo
2051 2602 2203 2653 Neob.)
2232 2609 2326 2644 sunt
2347 2617 2451 2658 quae

1375 2658 1675 2712 interpretatae
1692 2664 1798 2708 sunt,
1827 2671 1930 2713 quas
1949 2664 2107 2700 tantum
2129 2661 2279 2710 (tumen
2299 2659 2449 2714 Neob.,

1373 2727 1429 2757 an
1449 2714 1572 2755 etiam
1582 2712 1615 2763 2)
1636 2714 1677 2755 in
1698 2713 1837 2756 codice
1850 2727 2004 2768 yraeco
2020 2713 2226 2758 habemus.
2259 2714 2364 2757 Sunt
2379 2728 2448 2757 au-

1374 2776 1454 2810 tem
1470 2775 1512 2810 et
1526 2769 1726 2824 quaedam
1742 2770 1895 2811 latinae
1910 2771 2113 2812 inmixtae
2124 2773 2304 2825 graecis,
2326 2785 2447 2828 quae-

1374 2824 1469 2866 dam
1490 2826 1599 2867 inter
1624 2839 1802 2880 qraecas
1824 2826 2108 2869 tantummodo
2121 2834 2227 2869 sunt.
2258 2826 2359 2869 Non
2374 2841 2448 2868 ex·-

1374 2888 1463 2923 tant
1472 2882 1611 2932 (etiam
1621 2882 1732 2936 libri,
1749 2895 1855 2926 corr.
1868 2883 2013 2934 Zach.)
2025 2885 2067 2925 in
2079 2884 2296 2938 praesenti
2308 2883 2450 2925 codice

1374 2938 1592 2978 centesima
1616 2938 1811 2992 vigesima
1833 2942 1929 2989 (om.
1943 2939 1996 2990 V)
2015 2939 2207 2989 secunda,
2229 2941 2450 2981 centesima

1374 2994 1569 3048 vigesima
1585 3001 1736 3049 quarta
1751 2996 1802 3047 (c.
1813 3009 1850 3036 υ.
1868 3008 1936 3050 qu.
1953 3009 2034 3040 om.
2046 2996 2211 3047 Neob.),
2229 2997 2450 3037 centesima

1374 3050 1568 3104 vigesima
1584 3051 1738 3106 quinta,
1749 3051 1968 3092 centesima
1983 3053 2178 3106 viqesz'ma
2190 3058 2345 3099 octava,
2358 3065 2447 3093 cen-

1375 3107 1518 3147 tesima
1539 3106 1759 3154 tricesima,
1789 3108 2009 3149 centesima
2029 3108 2240 3149 tricesima
2257 3107 2447 3149 secunda.

1377 3164 1441 3205 De
1482 3161 1563 3206 hoc
1599 3161 1763 3207 scholio
1801 3163 2090 3207 disseruerunt
2128 3165 2282 3207 BIener
2321 3167 2446 3209 575s.

1376 3217 1614 3262 Heimbach
1644 3219 1768 3274 proll.
1800 3220 1927 3263 Auth.
1948 3220 2104 3262 LXIII.
2131 3219 2339 3263 CCCXVI
2368 3220 2446 3265 Za-

1377 3275 1547 3319 chariae
1577 3273 1818 3330 Sitzungsb.
1850 3275 1891 3319 d.
1913 3276 2025 3320 Berl.
2047 3276 2129 3318 Ak.
2156 3276 2276 3330 1882,
2302 3284 2376 3317 1000
2391 3291 2446 3322 ss.

1377 3330 1611 3375 Zachariae
1641 3332 1813 3375 omnino
1841 3345 1926 3375 non
1950 3332 2005 3375 ad
2025 3331 2339 3384 Authenticum,
2370 3335 2447 3377 sed

1376 3387 1433 3431 ad
1471 3386 1680 3430 Iulianum
1724 3391 1918 3442 spectare
1962 3392 2004 3431 et
2040 3401 2151 3432 anno
2189 3390 2313 3440 555l6
2350 3402 2446 3433 con·

1377 3444 1578 3497 scriptum
1628 3456 1723 3487 esse
1771 3443 1880 3487 dixit
1927 3444 2184 3488 assentIente
2226 3446 2447 3500 Kruegero

1378 3498 1530 3542 Gesch.
1553 3499 1594 3542 d.
1616 3498 1796 3550 Quellen
1819 3501 1914 3553 357,
1936 3507 1985 3542 29.
2020 3501 2077 3543 At
2098 3500 2448 3545 verisimiIIImum

1379 3560 1443 3599 est
1480 3554 1588 3598 haec
1624 3556 1782 3610 scripta
1811 3569 1904 3599 esse
1934 3569 1961 3599 a
1989 3556 2121 3599 medii
2150 3558 2248 3600 aevi
2279 3557 2449 3602 homine

1379 3606 1562 3666 aliquo,‘
1577 3611 1650 3666 qui
1679 3611 1924 3655 Authentici
1961 3612 2152 3656 codicem
2188 3615 2450 3668 comparavit

1381 3682 1475 3710 cum
1506 3667 1654 3711 codice
1688 3668 1951 3712 collectionis
1985 3669 2063 3711 168
2093 3669 2357 3713 novellarum
2389 3671 2446 3714 la-
