2580 4022
138 141 194 171 ΕΤ
225 140 510 172 CLERICORUM
1881 127 1989 170 Nov.
2022 126 2260 170 CXXXVII
2290 130 2327 170 5.
2352 130 2377 169 6

1203 123 1286 171 699

136 241 374 284 γορουμένων.
422 239 565 272 τούτων
587 238 656 284 γὰρ
682 236 778 272 οὕτω
804 237 1087 283 φυλαττομένων
1112 241 1171 272 καὶ
1196 238 1232 272 οἱ
1254 238 1370 272 λαϊκοὶ
1395 238 1526 282 πολλῆς
1551 239 1728 273 ἐντεῦθεν
1756 242 1841 282 περί
1864 251 1901 272 τε
1925 237 1993 280 τὴν
2019 234 2141 282 ὀρθὴν
2166 241 2293 272 πίστιν
2318 241 2379 272 καὶ

137 283 205 317 τὸν
229 282 362 327 σεμνὸν
386 287 470 327 βίον
494 287 677 329 προκοπῆς
700 297 739 317 τε
764 288 823 317 καὶ
849 284 1141 329 ἐπανορθώσεως
1165 281 1453 327 ἀξιωθήσονται.

271 417 366 461 Πρὸς
390 415 530 451 τούτοις
555 416 745 463 κελεύομεν
770 417 911 453 πάντας
935 418 1153 453 ἐπισκόπους
1176 432 1216 453 τε
1239 422 1298 452 καὶ
1323 421 1584 464 πρεσβυτέρους
1606 418 1655 462 μὴ
1681 419 1773 452 κατὰ
1798 418 1840 452 τὸ
1863 421 2149 462 σεσιωπημένον,
2175 414 2265 451 ἀλλὰ
2282 419 2374 463 μετὰ

137 464 258 508 φωνῆς
284 465 338 504 τῷ
366 464 575 506 πιστοτάτῳ
605 463 681 506 λαῷ
712 464 965 507 ἐξακουομένης
989 463 1056 506 τὴν
1083 464 1190 498 θείαν
1215 461 1456 509 προςκομιὸην
1480 467 1539 497 καὶ
1563 463 1631 507 τὴν
1656 465 1715 498 ἐπὶ
1739 464 1791 506 τῷ
1814 460 1905 509 ἁγίῳ
1930 467 2159 507 βαπτίσματι
2184 464 2377 508 προςευχὴν

135 507 341 548 ποιεῖσθαι,
375 508 463 552 πρὸς
490 508 532 542 τὸ
559 506 763 543 κάντεῦθεν
784 509 848 543 τὰς
870 510 948 542 τῶν
972 505 1183 543 ἀκουόντων
1209 509 1323 552 ψυχὰς
1346 510 1393 543 εἰς
1418 507 1568 543 πλείονα
1592 509 1788 549 κατάνυξιν
1811 511 1870 541 καὶ
1894 507 1962 551 τὴν
1987 509 2076 553 πρὸς
2100 509 2168 543 τὸν
2192 507 2375 552 δεσπότην

138 553 229 587 θεὸν
248 551 512 586 ὃιανίστασθαι
537 545 757 599 δοξολογίοῖν.
806 549 921 587 οὕτως
943 554 1013 599 γαρ
1037 557 1095 588 καὶ
1121 551 1140 587 ὁ
1167 555 1266 587 θεῖος
1291 551 1558 588 ἀπόστολος
1583 551 1756 596 διδάσκει,
1781 553 1897 599 λέγων
1922 556 1962 587 ἐν
1985 555 2028 600 τῇ
2048 553 2138 599 πρὸς
2155 558 2208 588 Ko
2234 555 2375 588 ινθιόὐς

135 595 261 645 πρώτῃ
295 597 484 645 ἐπιστολῇ·
526 601 624 633 ἐπεὶ
658 599 739 633 ἐὰν
770 597 1018 644 εὖλογήσῃς
1047 601 1111 642 τῷ
1139 599 1386 643 πνεύματι,
1417 597 1435 631 ὁ
1471 597 1755 643 ἀναπληρῶν
1787 599 1868 632 τὸν
1899 598 2046 633 τόπον
2077 601 2159 632 τοῦ
2189 600 2200 632 i
2242 598 2374 633 ιιότου

135 644 228 677 πῶς
257 644 347 686 ἐρεῖ
377 644 426 676 τὸ
462 641 578 687 ἀμὴν
611 646 670 686 τῷ
705 645 797 686 θεῷ
834 645 908 678 ἐπὶ
941 647 992 690 τῇ
1024 646 1076 690 σῇ
1109 641 1399 691 εὖχαριστία,·
1425 642 1584 686 ἐπειδὴ
1609 648 1656 677 τί
1678 644 1830 690 λέγεις
1853 641 1932 677 οὒκ
1957 643 2060 677 οἶδε.
2111 644 2162 677 σὺ
2187 646 2268 688 μὲν
2292 644 2374 689 γὰρ

134 687 278 721 καλῶς
300 686 603 731 «εἶ-χαριστεῖς,
628 687 726 723 ἀλλ’
755 688 773 722 ὁ
801 691 952 733 ἕτερος
977 686 1054 722 οὐκ
1085 688 1407 732 οἰκοδομεῖται.
1456 692 1514 723 καὶ
1534 688 1646 722 πάλιν
1671 690 1710 722 ἐν
1733 690 1776 735 τῇ
1802 688 1889 733 πρὸς
1912 687 2105 732 Ῥωμαίους
2126 686 2240 723 οὕτως
2265 688 2373 735 λέγει·

134 731 299 777 καρδία
332 736 415 777 μὲν
446 734 531 779 γὰρ
563 732 840 769 πιστεύεται
872 735 932 767 εἰς
965 732 1288 777 δικαιοσύνην,
1318 735 1515 777 στόματι
1537 732 1583 767 δὲ
1606 731 1908 780 ὁμολογεῖται
1933 735 1992 768 εἰς
2017 739 2266 779 σωτηρίαν.
2315 733 2373 768 διὰ

134 779 250 812 ταῐτα
275 783 397 812 τοίνυν
423 779 586 823 προςήκει
610 779 678 822 τὴν
703 781 763 814 ἐπὶ
787 781 830 825 τῇ
856 776 940 825 ἁγίᾳ
967 777 1184 826 προςκομιδῇ
1210 783 1269 813 καὶ
1290 780 1353 813 τὰς
1378 778 1487 813 ἄλλας
1509 778 1699 824 προςευχὰς
1718 779 1809 823 μετὰ
1845 781 1968 824 φωνῆς
1992 779 2091 824 παρὰ
2116 781 2193 813 τῶν
2218 776 2373 813 ὁσιωτά-

133 837 210 857 των
243 822 457 858 ἐπισκόπων
487 838 525 858 τε
556 828 615 858 καὶ
646 828 902 869 πρεσβυτέρων
934 825 1203 870 προςφέρεσθαι
1236 826 1287 867 τῷ
1322 829 1432 870 κυρίῳ
1462 823 1566 868 ἡμῶν
1594 821 1708 866 Ἰησοῦ
1734 825 1882 869 Χριστῷ
1917 825 1969 866 τῷ
1996 824 2075 867 θεῷ
2102 823 2206 868 ἡμῶν
2231 824 2297 858 σὺν
2320 826 2373 867 τῷ

134 872 244 913 πα-ιρὶ
277 872 335 902 καὶ
365 870 417 912 τῷ
447 867 539 915 ἁγίῳ
572 869 770 913 πνεύματι,
800 871 1060 915 γινωσκόντων
1085 871 1161 904 τῶν
1186 868 1401 904 ὁσιωτάτων
1423 869 1557 915 ἱερέων,
1590 866 1638 903 οἷς
1670 869 1769 916 εἴπερ
1794 883 1830 903 τι
1856 868 1999 903 τούτων
2023 869 2222 913 παρίδοιεν,
2245 873 2303 902 καὶ
2328 871 2372 916 τῇ

134 915 271 958 φοβερᾷ
302 919 413 958 κρίσει
445 916 508 948 τοῦ
539 913 695 960 μεγάλου
726 915 816 948 θεοῦ
848 918 907 947 καὶ
937 916 1096 960 σωτῆρος
1128 913 1234 959 ἡμῶν
1262 913 1375 958 Ἰησοῦ
1406 916 1568 959 Χριστοῦ
1601 912 1892 958 ἀπολογήσονται
1925 918 1983 948 καὶ
2016 912 2100 949 οὐδὲ
2129 912 2227 958 ἡμεῖς
2257 916 2374 948 ταῦτα

134 962 155 995 1
202 958 440 1004 γινώσκοντες
472 957 740 1005 ἐφησυχάσομεν
772 958 794 1003 ἢ
826 957 1040 1003 ἀνεκδίκητα
1071 959 1343 1004 καταλείπομεν.
1394 959 1596 1004 Κελεύομεν
1628 958 1667 993 δὲ
1691 963 1749 993 καὶ
1774 959 1856 994 τοὺς
1879 961 1956 994 τῶν
1981 962 2166 1005 ἐπαρχιῶν
2187 958 2372 1003 ἄρχοντας,

133 1005 232 1048 εἴπερ
266 1002 511 1048 ἀμελοιῗμενόν
541 1019 577 1039 τι
610 1006 688 1039 τῶν
720 1001 803 1050 παρ’
830 1003 935 1049 ἡμῶν
966 1006 1302 1050 νομοθετηθέντων
1333 1003 1455 1048 ἴδοιεν,
1484 1007 1633 1051 πρῶτον
1662 1007 1728 1049 μὲν
1758 1009 1982 1049 κατεπείγειν
2005 1006 2088 1039 τους
2109 1004 2375 1051 μητροπολίτας

134 1053 192 1082 καὶ
217 1049 297 1083 τοὺς
321 1049 447 1084 ἄλλους
472 1048 688 1084 ἐπισκόπους
712 1051 775 1084 τὰς
799 1051 983 1095 εἰρημένας
1008 1050 1179 1084 συνόδους
1203 1051 1392 1085 ποιεῖσθαι
1413 1054 1472 1084 καὶ
1497 1048 1621 1085 πάντα
1646 1050 1806 1096 πληροῦν
1830 1047 1900 1084 ὅσα
1924 1054 2006 1095 περὶ
2027 1052 2104 1084 τῶν
2126 1048 2295 1085 συνόδων
2312 1048 2372 1083 διὰ

133 1096 196 1128 τοῦ
227 1093 407 1140 παρόντος
438 1094 781 1139 παρεκελευσάμεθα
813 1095 944 1140 νόμους
971 1097 1001 1129 εἰ
1026 1094 1065 1129 δὲ
1086 1093 1396 1140 ἀναβαλλομένους
1421 1093 1549 1130 αὐτοὺς
1568 1094 1692 1140 ἴδοιεν,
1715 1096 1915 1139 τηνικαῦτα
1938 1095 2090 1140 μηνύειν
2110 1094 2195 1139 ἡμῖν
2220 1097 2309 1141 πρὸς
2329 1095 2371 1129 τὸ

134 1140 172 1179 ἐξ
203 1138 306 1182 ἡμῶν
337 1140 404 1182 τὴν
429 1140 672 1183 προςὴκουσαν
693 1139 901 1185 διόρθωσιν
925 1144 1090 1187 προϊέναι
1114 1141 1206 1175 κατὰ
1231 1143 1308 1176 τῶν
1333 1139 1635 1187 ὑπερτιθεμένων
1660 1141 1723 1175 τὰς
1748 1138 1919 1175 συνόδους
1942 1145 2068 1175 ποιεῖν.
2118 1143 2372 1185 ἐπισταμένων

134 1182 258 1219 αὐτῶν
286 1198 325 1218 τε
358 1186 435 1219 τῶν
460 1185 649 1230 ἀρχόντων
673 1189 732 1219 καὶ
756 1187 834 1220 τῶν
858 1187 1095 1231 πειθομένων
1121 1186 1238 1221 αὐτοῖς
1263 1186 1416 1230 τάξεων,
1442 1184 1489 1220 ὠς
1513 1187 1612 1232 εἴπερ
1636 1186 1685 1230 μὴ
1708 1188 1825 1220 ταῦτα
1850 1185 2182 1232 παραφυλάξουσιν,
2209 1187 2374 1227 ἐσχάταις

133 1231 156 1264 2
203 1227 530 1274 ὑποβληθήσονται
562 1235 758 1275 τιμωρίαις.
807 1234 1035 1276 Βεβαιοῦμεν
1067 1230 1106 1265 δὲ
1136 1235 1196 1266 καὶ
1228 1230 1289 1266 διὰ
1313 1233 1377 1266 τοῦ
1411 1230 1591 1276 παρόντος
1614 1232 1727 1276 νόμου
1753 1228 1900 1265 ἅπαντα
1922 1233 1968 1265 τὰ
1992 1229 2075 1275 παρ’
2102 1230 2206 1275 ἡμῶν
2231 1233 2270 1264 ἐν
2296 1229 2372 1264 δια-

133 1274 257 1320 φόροις
289 1274 474 1316 ὃιατάξεσι
506 1276 826 1321 νενομοθετημένα
855 1281 939 1321 περί
967 1291 1006 1311 τε
1038 1274 1252 1311 ἐπισκόπων
1283 1281 1343 1310 καὶ
1374 1280 1631 1322 πρεσβυτέρων
1663 1280 1723 1310 καὶ
1754 1275 1896 1311 λοιπῶν
1925 1276 2104 1322 κληρικῶν
2137 1279 2195 1310 καὶ
2221 1276 2311 1322 πρός
2333 1288 2373 1322 γε

134 1319 338 1363 ξενοδόχων
363 1324 422 1354 καὶ
446 1320 722 1368 πτωχοτρόφων
746 1325 805 1354 καὶ
830 1319 1122 1368 ὀρφανοτρόφων
1144 1327 1204 1356 καὶ
1229 1324 1305 1357 τῶν
1327 1321 1467 1357 λοιπῶν
1487 1320 1567 1356 ὅσοι
1590 1319 1733 1368 εὗαγιῦν
1758 1322 1868 1356 οἴκων
1892 1323 2145 1365 προΐστανται.

269 1364 554 1412 <Ἐπι’λογος.>
606 1368 654 1399 Τά
681 1371 806 1401 τοίνυν
832 1367 1074 1412 παραστάντα
1098 1364 1184 1412 ἡμῖν
1206 1371 1264 1401 καὶ
1289 1366 1348 1401 διὰ
1372 1365 1480 1402 τοῦδε
1504 1368 1567 1401 τοῦ
1593 1368 1697 1401 θείου
1722 1365 1923 1412 δηλούμενα
1947 1369 2057 1411 νόμου
2082 1364 2102 1410 ἡ
2122 1367 2166 1410 σὴ
2184 1364 2374 1409 ἐνδοξότης

133 1409 193 1444 διὰ
219 1412 469 1456 προθεμάτων
491 1411 584 1446 κατὰ
608 1411 690 1447 τοὺς
713 1413 884 1455 συνήθεις
907 1412 1040 1447 τόπους
1063 1414 1124 1456 τῆς
1148 1411 1332 1457 βασιλίδος
1357 1412 1496 1447 πόλεως
1520 1413 1801 1458 προτιθεμένων
1826 1414 1872 1446 εἰς
1894 1414 2033 1459 γνιῦσιν
2057 1413 2211 1447 πάντων
2227 1409 2373 1458 ἀγαγεῖν

133 1455 378 1491 σπουδασάτω
408 1460 468 1490 καὶ
499 1458 691 1501 καταφανῆ
723 1459 874 1501 ποιῆσαι
904 1461 977 1492 τοῖς
1003 1459 1081 1492 τῶν
1113 1459 1298 1504 ἐπαρχιῶν
1322 1455 1539 1505 ἡγουμένοις.
1588 1459 1671 1494 Dat.
1692 1458 1770 1493 VII.
1797 1459 1834 1493 k.
1859 1459 1947 1503 Apr.
1974 1458 2043 1493 GP.
2068 1458 2152 1504 imp.
2178 1457 2238 1493 dn.
2263 1457 2370 1493 Iusti-

132 1502 229 1537 niani
253 1513 312 1547 pp.
338 1503 429 1546 Aug.
455 1512 549 1537 anno
575 1503 777 1538 XXXVIII.
804 1505 886 1548 post
911 1513 1008 1538 cons.
1035 1503 1161 1539 Basilii
1184 1514 1237 1539 vc.
1265 1514 1357 1540 anno
1382 1504 1535 1540 XXIIII.
2215 1506 2256 1544 [a.
2280 1506 2369 1544 565.]

223 1584 249 1603 c.
274 1571 326 1604 VI
343 1583 394 1613 pr.
421 1583 459 1603 ea·
483 1570 519 1603 Β
544 1573 659 1613 repetit
683 1571 863 1604 Nonzoc.d1²2
880 1573 979 1604 XIV
992 1574 1035 1605 tit.
1056 1574 1134 1613 3,1;
1161 1580 1378 1616 aryumentum
1405 1580 1494 1605 notat
1517 1573 1650 1606 Nomoc.
1669 1572 1825 1605 XIVtit.
1851 1573 1893 1605 ib.

271 1620 286 1654 ἓ
307 1618 321 1648 1
349 1618 553 1649 summarium
578 1618 674 1649 habet
697 1617 830 1650 Nomoc.
849 1617 1001 1650 Xthit.
1020 1619 1050 1658 8,
1071 1625 1098 1651 8.

133 1709 359 1740 accusantur.
410 1704 478 1739 His
501 1706 594 1740 enim
617 1706 669 1740 ita
693 1705 890 1741 observatis
915 1705 999 1740 laici
1023 1716 1167 1750 quoque
1197 1715 1329 1749 mayno
1355 1703 1438 1738 inde
1461 1707 1496 1738 et
1518 1704 1556 1737 in
1580 1707 1680 1739 reeta
1702 1703 1776 1748 fide
1799 1708 1833 1739 et
1858 1704 1896 1738 in
1921 1703 2071 1739 honesta
2088 1704 2161 1739 vita
2175 1714 2374 1750 proqressu

132 1756 242 1795 atque
265 1749 510 1784 emendatione
527 1750 728 1795 potientur.

264 1794 327 1830 VI.
374 1793 571 1830 Praeterea
604 1795 765 1830 iubemus
797 1805 917 1829 omnes
950 1799 984 1830 et
1019 1794 1210 1840 episcopos
1242 1796 1276 1829 et
1303 1793 1539 1839 presbyteros
1569 1803 1644 1828 non
1678 1793 1802 1835 tacite,
1835 1793 1900 1828 sed
1929 1804 1973 1829 ea
2004 1804 2089 1829 voce
2112 1804 2206 1839 quae
2229 1805 2252 1829 a
2272 1794 2374 1839 fideli

129 1839 268 1887 populo
301 1839 525 1874 exaudiatur
556 1850 699 1874 sacram
732 1839 947 1875 oblationem
975 1850 1177 1886 precesque
1210 1839 1249 1873 in
1271 1841 1396 1873 sancto
1422 1838 1637 1883 baptismate
1661 1837 1843 1873 adhibitas
1864 1839 2029 1883 faciant,
2061 1843 2101 1873 ut
2124 1839 2207 1874 inde
2231 1850 2374 1885 quoque

132 1885 352 1920 audientium
376 1885 488 1919 animi
512 1885 561 1920 ad
584 1886 753 1920 maiorem
779 1885 1030 1920 contritionem
1054 1888 1089 1920 et
1112 1884 1156 1919 de
1180 1883 1324 1919 domino
1349 1883 1415 1918 deo
1434 1883 1747 1929 praedicacionem
1772 1884 1986 1919 excitentur.
2027 1883 2088 1919 Ita
2111 1884 2204 1920 enim
2225 1892 2373 1919 sanctus

132 1941 276 1976 quoque
314 1929 506 1975 apostolus
545 1930 668 1972 docet,
718 1941 796 1964 cum
836 1930 935 1965 dicat
984 1931 1021 1965 in
1056 1931 1184 1976 priore
1222 1928 1378 1975 epistola
1418 1928 1467 1963 ad
1504 1928 1726 1964 Corinthios:
1765 1939 1959 1974 namque
1993 1929 2034 1963 si
2069 1929 2372 1964 benedixeris

132 1975 325 2020 spiritu,
362 1975 588 2020 quomodo
621 1976 660 2009 is
690 1975 767 2019 qui
791 1975 976 2020 privati
1009 1975 1154 2009 locum
1189 1974 1366 2009 obtinet
1392 1977 1502 2018 post
1534 1978 1653 2008 tuam
1686 1975 1950 2018 qratiarum
1983 1975 2210 2009 actionem
2243 1985 2369 2009 amen

133 2021 214 2054 deo
240 2019 385 2054 dicet?
410 2021 625 2063 quoniam
651 2020 763 2064 quid
785 2020 916 2054 dicas
937 2020 1091 2054 nescit.
1140 2019 1249 2053 Nam
1274 2023 1320 2053 tu
1346 2018 1526 2063 quidem
1551 2019 1658 2053 bene
1682 2019 1868 2062 qratias
1893 2019 2013 2063 aqis,
2038 2019 2116 2053 sed
2139 2019 2259 2054 alter
2282 2030 2371 2053 non

134 2064 436 2108 aedificatur.
463 2063 512 2098 Et
535 2074 664 2098 rursus
687 2064 723 2097 in
749 2064 904 2109 epistola
929 2063 979 2097 ad
993 2063 1178 2098 Romanos
1201 2064 1254 2097 ita
1278 2062 1383 2096 dicit:
1406 2062 1545 2097 corde
1569 2063 1682 2096 enim
1707 2062 1918 2108 creditur
1942 2063 1999 2097 acl
2021 2063 2268 2105 iustitiam,
2294 2073 2371 2099 ore

134 2113 282 2144 autem
315 2118 397 2142 con
407 2108 557 2152 fessio
589 2108 656 2153 fit
678 2107 734 2142 ad
757 2108 965 2143 salutem.
1014 2108 1216 2153 Propterea
1240 2107 1355 2152 iqitur
1379 2117 1472 2151 quae
1495 2107 1532 2140 in
1555 2116 1663 2140 sacra
1690 2105 1873 2141 oblatione
1894 2107 1989 2151 fiunt
2003 2117 2136 2151 preces
2160 2111 2369 2151 ceterasque

134 2154 235 2188 clara
267 2163 351 2188 voce
380 2164 449 2198 per
479 2153 725 2187 sanctissimos
756 2157 790 2187 et
819 2153 1010 2198 episcopos
1044 2157 1077 2187 et
1097 2152 1332 2198 presbyteros
1354 2151 1482 2195 offerri
1498 2161 1575 2195 par
1598 2155 1652 2198 est
1675 2149 1819 2185 domino
1844 2156 1971 2186 nostro
1996 2153 2080 2186 Iesu
2108 2151 2268 2193 Christo,
2301 2152 2368 2187 deo

134 2203 260 2234 nostro
285 2208 364 2233 cum
381 2201 494 2243 patre
516 2202 551 2232 et
575 2197 707 2243 spiritu
731 2202 869 2239 sancto,
893 2198 1083 2242 sciantque
1106 2196 1323 2231 sanctissimi
1346 2195 1572 2236 sacerdotes,
1604 2196 1636 2229 si
1661 2195 1749 2239 quid
1774 2195 1904 2230 ltorum
1927 2196 2172 2241 neqleoeerint,
2207 2201 2241 2231 et
2265 2197 2368 2232 terri-

134 2244 196 2279 bili
221 2243 354 2278 iudicio
378 2243 502 2288 ‘maqni
526 2242 584 2276 dei
616 2246 651 2277 et
679 2243 878 2277 servatoris
911 2244 1030 2277 nostri
1054 2241 1138 2277 Iesu
1165 2241 1298 2278 Christi
1325 2251 1364 2276 se
1395 2240 1573 2275 rationem
1606 2241 1833 2281 reddituros,
1866 2244 1900 2275 et
1929 2252 1974 2275 ne
2005 2252 2073 2276 nos
2105 2241 2245 2286 quidem
2284 2241 2371 2277 llaec

133 2291 153 2324 1
201 2299 280 2322 cum
305 2288 567 2332 comperiamus
594 2287 711 2332 quiete
739 2297 917 2332 passuros
949 2291 1014 2322 aut
1041 2286 1220 2332 impunita
1250 2286 1443 2321 relicturos
1475 2295 1562 2320 esse.
1609 2284 1779 2320 Jubemus
1809 2289 1928 2320 autem
1959 2288 2066 2321 etiam
2098 2286 2368 2332 provinciarum

132 2333 332 2380 praesides,
355 2334 387 2367 si
413 2332 502 2377 quid
517 2343 641 2367 eorum
658 2343 752 2376 quae
769 2343 791 2366 a
808 2332 910 2367 nobis
925 2332 1066 2367 sancita
1081 2336 1166 2366 sunt
1190 2331 1335 2377 neqleyi
1347 2330 1513 2371 viderint,
1532 2330 1688 2376 primum
1707 2329 1849 2374 quidem
1866 2330 2166 2376 metropolitanos
2181 2336 2215 2366 et
2231 2335 2370 2367 ceteros

134 2379 326 2425 episcopos
343 2377 568 2423 compellere,
592 2381 633 2411 ut
650 2376 860 2422 praedictas
874 2376 1034 2422 synodos
1049 2377 1228 2412 celebrent
1244 2381 1352 2421 atque
1370 2375 1491 2410 omnia
1506 2374 1679 2420 impleant
1697 2384 1941 2420 quaecumque
1957 2376 2001 2410 de
2016 2375 2166 2421 synodis
2175 2386 2247 2421 per
2261 2387 2368 2422 prae-

134 2427 267 2459 sentem
293 2422 404 2468 leqem
422 2422 698 2468 praecepimus;
727 2421 858 2467 quodsi
880 2432 942 2456 eos
962 2432 1100 2456 moram
1121 2422 1249 2467 facere
1271 2420 1438 2462 viderint,
1463 2425 1547 2454 tunc
1569 2419 1618 2454 ad
1641 2430 1707 2454 nos
1730 2419 1904 2463 referent,
1929 2424 2006 2456 uta
2030 2420 2133 2455 nobis
2157 2421 2370 2456 conveniens

135 2468 334 2504 emendatio
354 2466 536 2513 procedat
559 2471 689 2502 contra
713 2477 773 2501 eos
798 2468 863 2512 qui
883 2466 1043 2512 synodos
1063 2466 1242 2502 celebrare
1266 2465 1449 2511 differant.
1496 2464 1693 2510 Sciantque
1715 2467 1752 2499 et
1770 2464 1842 2515 ipSi
1863 2464 2051 2509 praesides
2074 2469 2109 2499 et
2133 2465 2259 2510 officia
2277 2476 2369 2510 quae

135 2514 159 2549 2
208 2514 254 2547 iis
277 2513 536 2558 obtemperant,
557 2512 589 2546 si
610 2512 698 2546 llaec
722 2522 794 2546 non
820 2512 1096 2553 observaverint,
1120 2511 1257 2547 ultimis
1280 2522 1318 2546 se
1341 2509 1531 2556 suppliciis
1551 2509 1747 2544 subiectum
1771 2509 1827 2543 iri.
1879 2508 2138 2555 Confirmamus
2161 2514 2279 2544 autem
2301 2520 2369 2555 per

132 2562 360 2604 praesentem
385 2568 529 2602 quoque
554 2556 664 2602 leqem
690 2557 811 2591 omnia
836 2567 929 2602 quae
952 2557 990 2591 in
1015 2556 1164 2592 diversis
1187 2555 1504 2591 constitutionibus
1527 2558 1560 2590 et
1584 2553 1628 2590 de
1651 2554 1833 2605 episcopis
1864 2557 1900 2589 et
1924 2554 2150 2600 presbyteris
2179 2558 2216 2590 et
2242 2555 2369 2590 ceteris

135 2603 275 2638 clericis
306 2613 349 2637 ac
379 2607 571 2648 praeterea
601 2601 828 2637 asenodoclzis
861 2606 897 2636 et
913 2600 1194 2648 ptochotrophis
1217 2604 1253 2637 et
1277 2599 1590 2646 orphanotrophis
1613 2602 1649 2635 et
1672 2603 1802 2634 ceteris
1825 2599 2041 2645 quicumque
2063 2599 2179 2634 sacris
2206 2599 2369 2634 domibus

132 2652 310 2695 praesunt
335 2659 357 2682 a
381 2647 485 2682 nobis
507 2648 649 2682 sancita
672 2650 767 2682 sunt.
2248 2687 2254 2693 .

273 2691 361 2738 Epi
370 2692 383 2727 l
392 2703 412 2728 o
420 2704 443 2738 9
455 2703 512 2727 us,
560 2691 660 2735 Quae
694 2692 808 2737 iyitur
840 2691 944 2727 nobis
967 2692 1190 2737 placuerunt
1220 2693 1255 2726 et
1277 2701 1348 2735 per
1380 2688 1474 2724 banc
1501 2698 1644 2724 sacram
1676 2689 1788 2734 leyem
1812 2688 2046 2724 declarantur
2072 2691 2134 2723 tua
2157 2687 2277 2737 yloria
2301 2698 2370 2767 per

135 2738 252 2774 edicta
274 2738 362 2773 locis
386 2737 566 2773 consuetis
589 2737 710 2782 reqiae
739 2737 894 2772 civitatis
912 2737 1110 2782 proposita
1134 2736 1182 2770 ad
1205 2737 1362 2770 omnium
1386 2734 1552 2768 notitiam
1575 2733 1773 2779 perducere
1796 2737 1832 2769 et
1844 2733 2115 2779 provinciarum
2134 2732 2301 2778 praesidi
2327 2743 2368 2767 us

135 2783 332 2827 manifesta
354 2783 482 2828 facere
506 2783 657 2818 studeat.

1287 2876 1340 2909 pp.
1359 2876 1436 2907 aug.
1455 2875 1544 2899 anno
1560 2866 1752 2900 xxxvm
1778 2867 2002 2908 (xxxvnn
2027 2869 2079 2902 vet
2095 2868 2268 2902 xxxvu
2285 2881 2315 2901 v.
2335 2870 2369 2910 t.)

183 2876 199 2907 1
233 2871 302 2918 γὰρ
328 2885 387 2904 om.
418 2873 445 2904 G
460 2872 471 2913 ll
489 2867 696 2914 όρθόδοξον
725 2869 791 2902 Cv.
807 2870 827 2901 l.
843 2869 855 2912 l}
876 2870 895 2901 2
918 2880 959 2900 τε
983 2880 1041 2900 om.
1062 2867 1189 2909 Cv.t.11
1209 2869 1229 2900 6
1637 2912 1643 2918 ⁴
1664 2912 1685 2918 ..

162 2914 179 2925 ⁰
1285 2913 1359 2953 post
1391 2910 1552 2943 consulat.
1578 2911 1688 2944 basssn
1719 2923 1770 2944 ue.
1794 2923 1882 2945 anno
1906 2913 2030 2945 XXIII
2055 2913 2175 2954 (XXII
2200 2915 2268 2946 eod.
2295 2914 2367 2946 Vat.

136 2920 262 2957 ουτως]
290 2917 328 2949 ἐν
352 2914 472 2957 τούτῳ
499 2915 550 2966 (5¹ss
570 2918 587 2948 7
615 2912 743 2959 πρώτῃ
769 2926 827 2946 om.
846 2914 1009 2947 Νοηιοο.”ι
1027 2925 1064 2944 m.
1086 2914 1100 2945 1
1122 2911 1135 2955 ss
1151 2912 1229 2945 ἐπι-

137 2961 259 3003 στολὴ]
284 2958 455 3004 ἐπιστολῇ
485 2970 599 2992 ουτως
624 2960 659 2992 C.
678 2959 804 2991 Paulus
831 2960 875 2990 acl
900 2959 970 2990 Cor.
997 2957 1019 2989 Ι
1041 2959 1151 2996 14,16.
1169 2965 1199 2990 17
1218 2956 1229 2999 Η

137 2997 288 3048 {amasai}
314 3006 391 3038 add.
418 3004 465 3037 L²
489 3017 515 3036 s.
536 3017 563 3036 υ.
583 3004 595 3045 ΙΙ
621 2999 818 3047 εὖλογήσεις
839 3003 999 3036 Nomoc.⁷⁷1
1031 2999 1176 3047 εὐλογῇς
1205 3002 1234 3035 C'

138 3054 233 3094 (idem
258 3051 403 3083 meliores
423 3050 492 3081 cod.
514 3049 594 3088 NT)
614 3047 625 3090 Η
642 3047 693 3089 τῷ
714 3047 904 3089 πνεύματι]
930 3047 969 3078 ἐν
995 3047 1046 3087 (ἐν
1069 3047 1122 3087 τῷ
1147 3059 1177 3078 υ.
1196 3048 1229 3087 l.)

138 3095 318 3138 πνεύματι
339 3095 375 3134 C,
399 3094 453 3135 τῷ
479 3106 537 3126 om.
555 3093 631 3126 NT.
658 3093 750 3125 codd.
770 3093 913 3125 meliores
933 3091 944 3135 ΙΙ
961 3087 980 3123 ὁ
999 3104 1058 3124 om.
1075 3090 1228 3124 Nomoc.d

137 3142 150 3182 u
162 3137 398 3183 ἀναπληροῦν
429 3139 587 3171 Nomoc.⁷'¹
606 3137 618 3181 Η
638 3139 655 3171 8
683 3137 765 3180 ἐρεῖ]
791 3136 885 3169 εἴποι
911 3137 941 3168 L
959 3137 970 3176 ΙΙ
990 3138 1009 3169 9
1034 3137 1159 3168 Paulus
1185 3137 1229 3168 ad

137 3182 232 3218 Rom.
261 3187 312 3225 10,
330 3191 361 3216 10
379 3185 391 3226 ΙΙ
412 3186 453 3217 10
477 3183 544 3225 μὲν
570 3195 626 3214 om.
649 3182 719 3215 NT
741 3184 817 3215 libri
839 3182 982 3214 meliores
1001 3181 1013 3223 ss
1029 3178 1149 3222 στόμα
1166 3180 1228 3224 Ml}

139 3227 199 3261 διὰ
226 3242 284 3261 om.
315 3229 379 3262 C'v.
396 3228 416 3259 l.
445 3229 456 3269 ll
484 3230 515 3260 11
544 3223 647 3267 εὐχὰς
664 3228 713 3259 13⁶
729 3228 739 3268 ΙΙ
763 3228 802 3260 12
826 3238 866 3259 τε
889 3239 945 3258 οηι.
964 3227 994 3258 L
1012 3225 1023 3268 ΙΙ
1042 3221 1147 3268 ἡμῶν
1169 3238 1227 3258 om.

140 3274 318 3307 Nemeam
347 3273 358 3314 ΙΙ
385 3274 423 3306 13
448 3273 501 3314 τῷ
525 3268 616 3316 ἁγίῳ
647 3272 703 3306 CL
729 3271 920 3311 Nomocflm]
946 3270 999 3312 τῷ
1025 3283 1083 3303 om.
1109 3270 1202 3303 MBf
1219 3269 1230 3314 ΙΙ

139 3319 216 3351 τῶν
233 3314 451 3351 ὁσιωτάτων
472 3316 596 3360 ἱερέων
614 3330 672 3349 om.
691 3316 742 3348 Bs
755 3316 765 3358 ΙΙ
781 3319 821 3350 15
835 3313 1099 3358 καταλείπομεν
1118 3316 1182 3349 Cv.
1195 3316 1227 3355 l.]

139 3361 396 3404 καταλίπωμεν
408 3363 510 3402 MBQ
523 3363 584 3394 Cv.
598 3363 629 3402 l.,
643 3359 886 3404 καταλίπομεν
903 3362 966 3394 C'v.
980 3361 1010 3400 l.‚
1025 3361 1055 3392 L
1067 3360 1227 3393 Νοιηοο.7η

141 3406 424 3450 (καταλιποῖμεν
443 3407 600 3450 Bsvuly.)
618 3407 630 3447 ll
651 3409 688 3440 17
708 3404 816 3438 ἄλλας
835 3408 882 3438 La
900 3407 910 3449 ΙΙ
930 3408 1022 3449 περὶ]
1041 3402 1100 3438 διὰ
1121 3406 1226 3448 Cple-

140 3455 242 3495 rique,
269 3454 298 3484 L
318 3452 328 3494 ΙΙ
351 3455 388 3486 18
414 3450 543 3491 νόμους
567 3452 617 3484 La
641 3451 652 3494 Η
682 3453 720 3484 19
746 3450 850 3492 κατὰ]
875 3453 934 3483 καὶ
959 3449 1051 3482 κατὰ
1076 3450 1120 3482 M
1141 3449 1153 3494 ΙΙ
1185 3452 1228 3484 20

140 3498 239 3541 εἴπερ
271 3498 387 3530 ταῦτα
418 3496 466 3540 μὴ
495 3494 805 3541 παραφυλάξωσιν
835 3498 864 3530 O
887 3497 898 3538 Η
924 3498 962 3529 21
990 3494 1036 3528 τὰ
1057 3492 1155 3539 παρ’]
1180 3495 1226 3527 τὰ

141 3541 250 3575 λοιπὰ
273 3540 355 3586 παρ’
377 3543 406 3574 L
426 3545 437 3584 Η
455 3543 495 3574 22
521 3541 643 3580 τάξεσι
660 3543 702 3583 L,
733 3541 826 3574 Cv.l.
848 3541 859 3583 ΙΙ
877 3542 917 3574 23
943 3542 1002 3572 καὶ
1020 3538 1226 3584 πτωχοτρό-

142 3598 223 3630 φων
253 3588 321 3627 CL]
348 3600 405 3619 om.
430 3588 475 3619 M
491 3588 577 3629 vulq.
596 3586 607 3629 ΙΙ
627 3589 667 3620 25
692 3586 824 3620 τόπους
853 3586 892 3626 C]
919 3599 976 3619 om.
993 3586 1064 3618 ML
1081 3585 1092 3630 ΙΙ
1112 3582 1229 3619 ἁπάν-

141 3643 218 3665 των
231 3633 261 3664 L
281 3635 292 3676 ῃ
310 3634 351 3666 26
376 3634 496 3665 subscr.
515 3631 580 3664 dat.
592 3631 669 3665 VII.
685 3632 715 3663 k.
734 3642 803 3673 apr.
823 3633 970 3666 constan.
989 3630 1068 3674 imp.
1082 3631 1137 3665 dn.
1151 3631 1228 3664 iust.

1286 2955 1369 2988 XVI
1395 2956 1464 2988 cod.
1484 2956 1630 2998 AIonac.)
1660 2958 1704 2997 C]
1731 2954 1761 2989 δ.
1787 2957 1858 3001 πρὸ
1884 2956 1927 2999 ιη’
1953 2955 2145 2991 καλανδῶν
2167 2955 2368 3001 Ἀπριλλίου

1285 2998 1378 3041 (δατ.
1407 2998 1546 3033 καλενδ.
1570 2997 1668 3045 Ἀπρ.
1695 3004 1910 3035 Κωνσταντ.
1945 3004 2103 3035 Fabrotus
2133 3003 2200 3036 dat.
2225 3002 2268 3033 X.
2300 3001 2366 3034 kal.

1285 3045 1391 3087 April.
1418 3045 1713 3088 Constantinopoli
1746 3048 1976 3088 Leunctavius)
2009 3045 2193 3089 βασιλείας
2223 3042 2367 3079 'lovon-

1285 3089 1413 3124 νιανοῦ
1439 3089 1481 3122 τὸ
1507 3089 1562 3123 ιθ’
1583 3090 1674 3133 μετὰ
1699 3089 1770 3132 τὴν
1794 3088 1971 3124 ὑπατείαν
1988 3089 2176 3123 Βασιλείου
2200 3102 2231 3123 τ.
2256 3090 2291 3129 β’
2308 3092 2367 3129 (ita

1286 3136 1355 3168 cod.
1375 3135 1469 3176 Par„
1494 3132 1545 3166 κδ’
1563 3136 1794 3176 Leunclavius)
1812 3137 1887 3168 Ath.
1914 3136 1943 3167 d.
1960 3136 2036 3168 VII.
2063 3136 2094 3167 k.
2122 3145 2204 3169 mar.
2233 3145 2282 3177 cp.
2310 3135 2365 3167 dn.

1285 3180 1399 3211 iustin.
1433 3189 1488 3221 pp.
1513 3190 1589 3221 aug.
1623 3180 1714 3211 basil.
1751 3191 1802 3212 uo.
1828 3191 1933 3213 conss.
1955 3181 1995 3212 M
2027 3178 2243 3224 ἐξεφωνήθη
2273 3177 2365 3222 μετὰ

1285 3223 1353 3266 τὴν
1378 3219 1554 3258 ὑπατείαν
1577 3222 1764 3257 Βασιλείου
1797 3224 1839 3257 τὸ
1866 3222 1908 3261 ις’
1937 3226 2056 3257 Themi.
2089 3225 2279 3258 Consulatus
2304 3237 2363 3257 nu-

1286 3282 1387 3302 merus
1404 3270 1696 3312 XXIIIpostutat
1713 3271 1838 3312 imperii
1854 3283 1970 3303 annum
1986 3272 2098 3302 XXX
2107 3270 2177 3302 VII
2191 3271 2211 3302 ι’.
2222 3282 2245 3302 e.
2258 3282 2289 3301 a.
2301 3271 2366 3302 564

1286 3315 1346 3355 (ita
1364 3315 1474 3357 nula),
1500 3315 1567 3347 dies
1592 3314 1664 3348 VII
1676 3314 1707 3347 lc.
1721 3316 1804 3357 Apr.
1825 3322 1856 3348 et
1879 3316 2006 3357 imperii
2024 3327 2126 3347 annus
2144 3315 2261 3346 XXX
2270 3314 2366 3347 VIII.

1286 3361 1317 3392 in
1348 3360 1375 3392 C
1396 3360 1535 3392 traditus
1560 3371 1676 3393 annum
1696 3367 1772 3403 post
1796 3372 1878 3392 cons.
1911 3360 2033 3392 Basilii
2055 3359 2194 3391 XXIV.
2219 3360 2262 3399 (α.
2287 3359 2367 3400 565)

1285 3416 1374 3446 quem
1407 3405 1552 3447 reposui;
1587 3416 1655 3437 cum
1685 3405 1812 3447 imperii
1842 3417 1925 3437 anno
1957 3405 2139 3437 XXXIX.
2170 3415 2272 3436 aimus
2292 3411 2368 3446 post

1286 3462 1369 3482 cons.
1390 3450 1516 3482 Basilii
1530 3449 1671 3482 XXIV.
1696 3451 1742 3482 ita
1760 3451 1879 3482 demum
1897 3450 2067 3482 conciliari
2077 3455 2192 3491 potest,
2217 3455 2249 3481 ut
2263 3449 2365 3481 corri-

1284 3501 1381 3538 μαῖαν
1405 3494 1470 3526 dat.
1494 3495 1527 3526 k.
1544 3496 1636 3536 Apr.‚
1662 3495 1748 3536 quod
1764 3495 1940 3527 Bz'enerum
1960 3501 2084 3527 secutus
2099 3494 2218 3535 recepit
2235 3493 2366 3526 Zacha-

1285 3541 1370 3577 riam
1393 3540 1475 3572 idem
1500 3540 1607 3572 datam
1630 3552 1697 3572 esse
1722 3541 1804 3572 hanc
1829 3540 2088 3580 constitutionem,
2114 3550 2180 3571 cum
2204 3537 2367 3570 Iohannes

1285 3585 1398 3617 solium
1429 3585 1656 3628 patriarchale
1692 3586 1876 3619 ascenderet
1911 3596 1942 3616 a.
1968 3585 2051 3625 565,
2098 3595 2159 3616 non
2192 3583 2274 3615 male
2297 3583 2360 3625 opi-

1286 3637 1392 3663 natur.

2039 3728 2108 3763 88*

2401 740 2440 771 10

2399 1191 2439 1222 20

2399 1418 2439 1450 25
