2618 4010
246 95 353 139 Nov.
385 95 524 138 XLIII
552 107 613 150 pr.
1324 91 1408 141 270
2090 110 2152 140 ΒΕ
2181 107 2471 142 Enoasmnns

247 209 344 241 τῖνος
367 202 386 239 ὁ
410 206 471 246 τῆς
495 205 598 239 θείας
621 203 760 250 μνήμης
782 202 802 240 ὁ
821 206 883 250 τῆς
901 203 1053 254 μεγάλης
1074 203 1177 250 ἡμῶν
1196 204 1327 250 ταύτης
1394 215 1463 241 nae
1486 207 1632 241 nostrae
1656 204 1809 242 civitatis
1833 207 1996 244 conditor
2023 219 2127 254 quam
2154 208 2366 244 Anastasius
2390 208 2472 253 piae

248 249 386 286 πόλεως
405 247 572 293 οἰκιστής,
596 251 704 285 τοῦτο
728 248 768 285 δὲ
788 248 1019 286 Ἀναστάσιος
1042 248 1061 285 ὁ
1081 252 1143 294 τῆς
1161 248 1326 331 εὗσῗθοῦς
1393 249 1585 286 memoriae
1617 259 1740 285 eorum
1771 252 1831 297 qui
1853 257 2028 289 vocantur
2051 253 2227 289 lecticarii
2257 263 2322 288 seu
2346 252 2470 289 decani

248 294 378 336 λήξεως
409 294 474 329 τὸν
505 295 583 329 τῶν
606 294 840 340 καλουμένων
862 294 1098 342 λεκτικαρίων
1124 294 1203 339 ἦτοι
1249 309 1326 331 εκα-
1395 305 1582 331 numerum
1610 304 1799 331 mensurae
1829 296 2170 341 determinaverunt,
2201 298 2297 334 mille
2328 302 2472 334 centum

247 341 326 374 νῶν
348 338 511 386 ἀριθμὸν
534 343 776 386 περιέστησαν
798 341 847 376 εἰς
870 343 910 375 ἓν
930 344 1073 387 μέτρον,
1096 339 1227 383 χιλίους
1249 341 1327 375 ὅκα·
1396 350 1475 376 esse
1496 340 1652 375 decanos
1671 340 1744 375 sive
1760 342 1952 385 ergasteria
1970 346 2074 379 tanta
2093 344 2362 383 constituentes,
2383 353 2470 388 qua-

246 384 314 419 τὸν
343 384 436 418 εἶναι
468 382 635 420 δεκανοὺς
665 385 746 429 ἦτοι
778 383 994 440 ἐργαστήρια
1025 386 1186 420 τοσαῦτα
1218 383 1326 431 διορί-
1363 390 1382 422 5
1395 385 1494 420 tinus
1529 384 1567 420 in
1599 384 1698 420 nullo
1730 387 1890 431 tempore
1923 387 2013 424 haec
2046 389 2269 434 susciperent
2299 388 2471 424 adiectio—

247 440 392 470 σαντες,
425 426 485 474 ἐφ’
512 421 545 473 ᾧ
575 443 615 464 τε
645 432 685 464 ἐν
715 429 842 475 μηδενὶ
866 444 984 475 χρόνῳ
1014 430 1129 464 ταῦτα
1154 428 1327 473 δέχεσθαι
1396 439 1493 472 nem,
1526 439 1568 465 eo
1593 428 1689 474 quod
1713 429 1820 465 etiam
1843 430 2003 468 subiecta
2025 433 2250 479 dispositioni
2276 433 2377 469 divae
2400 443 2471 469 me·

247 474 468 519 προςθήκην,
493 472 552 508 διὰ
572 474 614 509 τὸ
633 478 694 509 καὶ
717 472 935 511 ὑποκεῖσθαι
955 475 1000 522 τῇ
1021 473 1245 511 διατυπώσει
1262 476 1326 510 τοῦ
1397 474 1530 510 moriae
1553 474 1737 510 Anastasii
1759 484 1926 511 mensura
1948 487 1995 513 ex
2018 489 2233 524 unoquoque
2257 478 2403 523 collegio
2427 478 2474 514 sit

247 521 308 562 τῆς
343 520 449 553 θείας
482 519 620 564 μνήμης
652 518 889 555 Ἀναστασίου
928 519 971 554 τὸ
1005 522 1072 563 μέτ
1175 521 1254 554 τῶν
1289 520 1328 560 ἐξ
1397 519 1674 565 competentium
1698 519 1971 564 lecticariorum,
2003 534 2068 559 nos
2093 523 2235 568 quidem
2257 525 2346 559 haec
2370 523 2473 558 firma

248 563 399 599 ἑκάστου
422 565 646 609 συστήματος
677 565 770 599 εἶναι
801 565 1056 611 προςηκόντων
1140 568 1326 611 τικαρίων,
1394 574 1539 600 manere
1574 565 1745 600 volumus.
1782 565 1966 602 Adeuntes
1998 571 2117 604 autem
2152 569 2213 615 qui
2245 568 2473 613 collegiorum

247 607 345 651 ἡμεῖς
366 611 434 653 μέν
456 611 572 644 ταῦτα
603 611 736 655 βέβαια
766 613 888 654 μένειν
918 608 1026 652 βουλό
1073 610 1137 645 θα.
1186 608 1327 657 προςελ·
1343 613 1383 646 10
1396 613 1481 645 sunt
1503 609 1731 645 felicissimae
1754 613 1899 646 nostrae
1922 610 2028 648 huius
2050 613 2169 657 regiae
2193 614 2356 655 civitatis,
2387 624 2472 659 quo-

248 653 383 689 θόντες
403 653 445 689 δὲ
466 653 503 689 οἱ
523 656 601 689 τῶν
625 653 864 709 συστημάτων
887 655 948 708 ττῆς
969 653 1007 689 εὐ
1034 659 1179 700 αίμονος
1196 654 1328 698 ταύτης
1395 665 1475 690 rum
1504 654 1697 700 praecipue
1729 655 1833 691 nobis
1867 665 1953 691 cura
1982 660 2054 700 est,
2086 663 2244 694 nostram
2274 660 2475 696 docuerunt

247 700 352 743 ημῶν
386 703 446 733 καὶ
477 698 663 744 βασιλίδος
694 699 847 741 πολεως,
884 712 937 733 ων
968 697 1214 746 διαφερόντως
1243 697 1328 744 ἡμῖν
1395 703 1626 745 potestatem,
1662 709 1826 744 magnam
1860 704 1896 735 et
1929 701 2187 746 importabilem
2221 714 2260 739 se
2296 705 2471 740 sustinere

247 743 356 789 μέλει,
380 744 423 778 τὸ
448 741 620 791 ἡμέτερον
644 743 834 779 ἐδίδασκον
858 745 999 787 κράτος,
1022 744 1179 791 μεγάλην
1202 748 1262 779 καὶ
1286 742 1328 779 οὗ
1395 745 1631 781 vexationem.
1679 744 1947 781 Sanctissimam
1973 747 2064 781 enim
2093 749 2263 786 maiorem
2287 749 2474 785 ecclesiam

248 788 410 837 φορητὴν
425 786 655 835 ὑφίστασθαι
675 789 743 832 τὴν
761 790 931 836 ταραχήν.
966 790 1034 833 τὴν
1051 791 1120 844 μὲν
1135 789 1204 839 γὰρ
1220 787 1327 837 ἁγιω-
1394 790 1492 826 mille
1515 794 1657 826 centum
1681 791 1884 834 ergasteriis
1914 790 1987 825 frui
2009 791 2190 829 functione
2220 794 2315 830 omui
2339 794 2472 836 liberis,

247 833 362 877 τάτην
380 848 423 875 με
447 833 538 877 ἄλην
559 834 748 878 ἐκκλησίαν
771 834 816 868 τὰ
839 833 935 877 χίλια
960 835 1090 869 ἕκατον
1111 833 1327 883 ἐργαστήρια
1342 839 1381 871 15
1396 845 1487 880 quae
1511 835 1598 871 satis
1629 840 1755 880 sponte
1787 836 1856 880 ipsi
1888 835 2026 879 darent,
2059 846 2101 872 eo
2133 838 2228 883 quod
2257 839 2353 875 circa
2377 850 2472 874 com·

248 881 412 925 καρποῦσ
446 893 484 913 αι
507 878 627 914 τέλους
658 878 795 915 παντὸς
824 877 1010 926 ἐλεύθερα,
1042 877 1135 927 ἅπερ
1158 884 1217 915 καὶ
1241 880 1328 926 σφό-
1395 890 1502 916 mune
1523 880 1680 916 omnium
1699 881 1881 916 hominum
1902 881 2010 917 funus
2030 892 2139 917 causa
2157 884 2376 928 procederet;
2402 895 2473 920 non

248 923 318 972 δρα
341 922 488 959 ἑκόντας
519 923 663 959 ἑαυτοὺς
686 922 844 966 διδόναι,
875 922 970 959 διότι
999 929 1083 972 περὶ
1112 926 1181 969 τὴν
1203 925 1328 969 κοινὴν
1395 930 1515 961 tamen
1545 926 1652 961 etiam
1681 926 1818 970 reliqua
1841 930 1986 971 portare
2014 937 2124 962 onera
2146 939 2263 973 posse.
2310 929 2473 965 Plurimis

248 968 426 1004 ἁπάντων
448 967 667 1015 ἀνθρώπων
690 967 796 1003 ὁσίαν
823 968 865 1004 τὸ
890 971 1038 1016 πρᾶγμα
1067 970 1250 1017 πρόεισιν·
1286 968 1327 1005 οὗ
1397 971 1490 1006 enim
1514 971 1717 1015 ergasteriis
1741 971 1976 1007 existentibus
2009 972 2047 1007 in
2071 972 2140 1008 hac
2163 972 2366 1009 felicissima
2389 974 2473 1009 civi·

246 1014 318 1059 μην
349 1017 408 1048 καὶ
437 1015 481 1048 τά
515 1013 623 1048 λοιπὰ
653 1017 775 1061 φέρειν
806 1013 906 1058 ἄχθη
937 1013 1134 1050 δύνασθαι.
1181 1014 1328 1052 πολλῶν
1397 1018 1472 1051 tate
1508 1016 1710 1051 commercii
1744 1027 1790 1052 ne
1813 1016 1946 1060 otiique
1981 1017 2121 1058 diversi,
2160 1028 2234 1054 non
2268 1018 2359 1054 haec
2395 1029 2473 1056 esse

247 1058 292 1106 γὰ
347 1061 594 1106 ἐργαστηρίων
617 1057 739 1094 ὄντων
762 1061 854 1094 κατὰ
878 1058 1016 1103 ταύτην
1039 1059 1106 1104 τὴν
1130 1059 1328 1105 εὐδαίμονα
1340 1063 1382 1096 20
1397 1061 1475 1096 sola
1499 1061 1607 1104 (mille
1625 1066 1766 1096 centum
1787 1027 1950 1103 dicimus)
1974 1062 2180 1107 praedictae
2201 1063 2394 1099 functionis
2413 1074 2473 1099 ex-

247 1104 295 1139 πό
320 1118 356 1138 ιν
373 1108 545 1150 ἐμπορίας
561 1118 601 1139 τε
617 1107 677 1138 καὶ
692 1109 940 1152 πραγματείας
957 1103 1140 1153 διαφόρου,
1158 1105 1199 1140 οὗ
1212 1107 1327 1141 ταῦτα
1397 1109 1519 1151 cepta,
1559 1106 1622 1142 sed
1658 1106 1788 1142 multas
1828 1107 1971 1152 quidem
2010 1108 2252 1143 sanctissimas
2293 1108 2473 1152 ecclesias,

247 1149 340 1183 εἶναι
358 1148 453 1193 μόνα
474 1148 533 1189 (τὰ
550 1148 643 1192 χίλιά
662 1163 782 1194 φαμεν
802 1149 932 1185 ἑκατὸν
949 1150 1177 1198 ἐργαστήρια)
1201 1150 1247 1185 τὰ
1264 1152 1327 1193 τῆς
1395 1152 1567 1196 plurimos
1600 1155 1717 1186 autem
1746 1152 1965 1188 venerabiles
1997 1163 2156 1188 xenones
2188 1157 2224 1189 et
2259 1153 2476 1189 monasteria

247 1195 430 1241 εἰρημένης
461 1192 696 1239 ἐξαιρούμενοι
729 1194 957 1242 λειτουργίας,
989 1193 1080 1230 ἀλλὰ
1105 1195 1237 1231 πολλὰς
1259 1198 1326 1241 μὲν
1395 1201 1430 1231 et
1453 1197 1542 1232 alias
1567 1197 1786 1232 venerabiles
1811 1197 1944 1240 domos,
1979 1201 2014 1232 et
2037 1198 2176 1243 aliquos
2225 1197 2363 1233 rimitus
2388 1199 2473 1234 hae·

246 1237 450 1286 ἁγιωτάτας
471 1239 666 1283 ἐκκλησίας,
700 1239 848 1275 πολλοὺς
872 1238 912 1274 δὲ
935 1237 1069 1288 εὐαγεῖς
1087 1241 1246 1282 ξενῶνας
1266 1244 1327 1276 καὶ
1394 1241 1525 1277 reticos
1556 1241 1750 1284 introduci,
1783 1242 1910 1278 deinde
1941 1243 2131 1286 migrantes
2163 1209 2223 1278 ati)
2241 1243 2475 1279 orthodoxam

246 1282 473 1329 μοναστῆρια
493 1288 553 1319 καὶ
573 1285 711 1332 ἑτέρους
731 1283 865 1332 εὐαγεῖς
886 1286 1009 1328 οἴκους,
1034 1291 1097 1320 καί
1114 1298 1218 1321 τινας
1240 1285 1325 1331 πρό·
1339 1289 1381 1322 25
1393 1286 1517 1328 fidem,
1551 1287 1679 1322 multas
1705 1298 1844 1332 quoque
1877 1288 2078 1332 imperiales
2103 1288 2238 1330 domos,
2269 1289 2416 1342 insuper
2440 1293 2476 1323 et

246 1343 351 1375 τερον
372 1329 567 1374 αἰρετικούς
583 1330 691 1364 ὄντας
711 1330 789 1364 εἶτα
807 1332 1055 1374 μεταστάντας
1069 1332 1117 1366 εἰς
1132 1331 1199 1375 τὴν
1216 1329 1324 1376 ὀρθό-
1394 1332 1551 1366 iudicum
1572 1335 1607 1366 et
1623 1338 1827 1367 senatorum
1845 1336 1883 1367 et
1902 1332 2094 1368 illustrium
2117 1335 2153 1368 et
2174 1333 2475 1370 cubiculariorum

246 1373 354 1416 δοξον
374 1379 512 1416 πίστιν,
536 1373 668 1410 πολλὰς
691 1373 732 1409 δὲ
753 1374 939 1419 βασιλικὰς
958 1377 1070 1411 οἰκίας
1092 1380 1151 1410 καὶ
1175 1377 1263 1421 πρός
1285 1389 1326 1422 γε
1395 1376 1512 1422 excipi
1544 1375 1701 1418 tributis,
1738 1380 1774 1412 et
1807 1378 1933 1412 horum
1964 1378 2124 1413 dominos
2156 1378 2225 1413 sibi
2255 1379 2340 1414 hinc
2371 1389 2473 1424 prae-

246 1424 305 1454 καὶ
336 1417 526 1465 ἀρχόντων
557 1424 616 1454 καὶ
641 1419 887 1467 συγκλητικῶν
919 1424 979 1454 καὶ
1003 1420 1239 1467 ἰλλουστρίων
1268 1423 1327 1455 καὶ
1420 1432 1523 1456 arare
1555 1421 1691 1456 reditus
1723 1426 1759 1458 et
1789 1433 2008 1458 communem
2038 1423 2291 1468 rempublicam
2320 1424 2472 1467 laedere,

246 1464 551 1511 κουβικουλιιρίων
572 1466 800 1512 ἐξαιρεῖσθαι
821 1467 898 1500 τῶν
918 1465 1046 1508 τελῶν,
1070 1469 1130 1500 καὶ
1151 1466 1231 1501 τοὺς
1249 1465 1327 1501 τού·
1394 1432 1479 1502 gum
1496 1466 1715 1511 exceptionis
1736 1467 1963 1502 multitudine
1983 1467 2021 1502 in
2040 1469 2239 1511 angustiam
2261 1479 2369 1504 causa
2389 1480 2472 1504 con-

245 1524 324 1545 των
349 1508 527 1546 δεσπότας
556 1511 694 1545 ἑαυτοῖς
725 1511 900 1545 ἐντεῦθεν
923 1511 1201 1554 κατασκευάζειν
1225 1508 1327 1557 πρός-
1341 1514 1383 1546 30
1397 1512 1573 1553 cludatur,
1607 1516 1642 1546 et
1665 1513 1773 1565 pauci
1796 1518 1880 1548 sunt
1910 1513 1971 1557 qui
2000 1512 2217 1548 functionem
2241 1514 2390 1555 solvant,
2423 1515 2474 1549 ita

246 1554 335 1590 οδον
357 1558 417 1590 καὶ
441 1554 484 1589 τὸ
507 1555 629 1590 κοινὸν
653 1553 802 1597 ἀδικεῖν,
833 1557 897 1590 τοῦ
927 1558 989 1599 τῆς
1012 1556 1219 1603 ἐξαιρέσεως
1242 1554 1326 1598 πλή-
1395 1558 1532 1600 gravati
1556 1557 1710 1599 tributis,
1743 1562 1778 1594 et
1801 1559 1955 1603 priorem
1988 1558 2261 1594 sollicitudinem
2293 1559 2386 1594 forte
2409 1560 2472 1594 tri-

247 1602 337 1636 θους
361 1603 409 1635 εἰς
433 1601 563 1635 στενὸν
587 1600 629 1635 τὸ
654 1602 802 1647 πρᾶγμα
826 1600 1080 1655 συγκλείοντος,
1104 1598 1192 1636 ὥςτε
1215 1600 1328 1644 έλαχί-
1395 1602 1524 1646 plicem
1549 1606 1583 1637 et
1607 1603 1898 1648 quadruplicem,
1920 1603 1989 1638 iam
2013 1607 2129 1638 autem
2158 1604 2265 1639 etiam
2288 1604 2474 1649 decuplam

246 1658 351 1681 στους
371 1646 465 1680 εἶναι
483 1645 565 1680 τοὺς
585 1645 877 1700 λειτουργουντας
892 1659 972 1689 ητοι
988 1646 1071 1681 τοὺς
1087 1649 1328 1691 βαρουμένους
1396 1647 1484 1688 fieri,
1519 1658 1600 1682 cum
1622 1648 1839 1684 Anastasius
1870 1648 1971 1684 divae
1993 1649 2181 1684 memoriae
2211 1649 2249 1684 in
2273 1651 2358 1695 typo
2390 1660 2412 1684 a
2435 1659 2474 1685 Se
2539 1688 2546 1695 ⁸

245 1693 290 1734 τῆ
321 1691 530 1738 λειτουργίᾳ,
562 1694 622 1725 καὶ
653 1705 696 1725 το
727 1704 904 1737 προτερον
936 1690 1034 1726 τέλος
1058 1691 1227 1726 πολλάκις
1250 1705 1324 1738 τρι·
1397 1692 1541 1728 definito
1575 1693 1665 1727 nulli
1696 1694 1839 1738 penitus
1871 1693 1940 1729 alio
1973 1694 2108 1729 tributa
2137 1694 2352 1730 relaxaverit
2383 1695 2474 1729 citra

246 1728 401 1771 π’λάσιον
434 1738 493 1770 καὶ
516 1733 792 1783 τετραπλάσιον,
824 1735 892 1780 ἤδη
924 1734 965 1770 δὲ
994 1740 1053 1770 καὶ
1083 1735 1326 1771 δεκαπλάσιον
1340 1739 1381 1772 35
1395 1738 1491 1773 mille
1521 1740 1665 1773 centum
1697 1740 1891 1783 ergasteria
1921 1739 2169 1774 sanctissimae
2202 1739 2329 1775 maiori
2359 1740 2472 1774 eccle-

245 1782 438 1829 γενέσθαι·
472 1785 631 1827 καίτοιγε
652 1778 889 1815 Ἀναστασίου
908 1783 972 1816 τοῦ
989 1784 1051 1825 τῆς
1069 1783 1175 1816 θείας
1196 1780 1327 1825 λήξεως
1396 1783 1471 1818 siae
1495 1783 1684 1819 occasione
1704 1784 1952 1820 defunctorum
1984 1784 2211 1829 exequiarum
2231 1784 2324 1820 data.
2370 1784 2471 1819 Ideo-

247 1829 286 1861 ἐν
309 1829 364 1871 τῷ
396 1824 488 1870 παρ’
515 1824 625 1861 αὐτοῦ
657 1825 885 1872 διορισθέντι
915 1823 1021 1870 τύπῳ
1045 1825 1172 1871 μηδενὶ
1195 1840 1325 1861 παντε-
1396 1838 1465 1872 que
1495 1832 1531 1862 et
1559 1838 1625 1864 nos
1656 1829 1920 1864 aestimavimus
1947 1831 2153 1874 praecipere
2183 1829 2316 1865 nostris
2347 1830 2471 1865 iudici·

247 1872 316 1907 λῶς
350 1872 462 1919 ἑτέρῳ
500 1870 625 1906 δόντος
658 1869 823 1905 ἀτέλειαν
857 1870 957 1906 παοὰ
990 1870 1036 1905 τὰ
1070 1870 1166 1914 χίλια
1197 1871 1327 1906 ἑκατὸν
1396 1873 1464 1908 bus
1489 1876 1526 1909 et
1551 1883 1631 1908 cum
1655 1873 1705 1910 eis
1729 1875 1933 1912 beatissimo
1957 1875 2227 1920 archiepiscopo
2252 1875 2474 1911 felicissimae

247 1915 464 1964 ἐργαστήρια
487 1917 533 1950 τὰ
555 1918 600 1963 τῇ
623 1914 810 1970 ἁγιωτάτῃ
835 1903 958 1963 μεγᾶλι
996 1915 1165 1960 ἐκκλησίᾳ
1188 1913 1326 1962 προφά-

247 1974 304 1996 σει
326 1964 388 2006 τῆς
411 1962 490 1995 τῶν
509 1959 767 1996 τελευτώντων
791 1965 890 1995 oetas
910 1930 1095 2006 δείὃζομένα.
1131 1960 1201 1995 Διὰ
1220 1963 1328 1995 τοῦτο
1340 1964 1383 1997 40

246 2010 306 2042 καὶ
330 2008 425 2051 ἡμεῖς
457 2005 632 2051 ᾠήθημεν
657 2008 850 2052 ἐπιτρέψαι
877 2009 950 2041 τοῖς
971 2004 1152 2054 ἡμετέροις
1182 2005 1328 2052 ἄρχουσι

245 2056 304 2087 καὶ
338 2050 409 2098 πρό
439 2065 480 2099 γε
513 2050 637 2086 αὐτῶν
666 2052 720 2096 τῷ
753 2051 1021 2097 μακαριωτὰτῳ
1055 2051 1326 2099 ἅρχιεπισκόπφ

247 2124 2471 2149 —-—-—-—————-—-————-————-;————-—-

244 2196 375 2222 sacrae
409 2185 600 2221 memoriae
633 2196 788 2231 maqnae
823 2189 971 2221 nostrae
1006 2184 1106 2220 urbis
1121 2225 1123 2227 ,
1141 2185 1248 2221 huius
1282 2185 1450 2222 eonditor
1485 2197 1593 2232 quam
1620 2185 1837 2221 Anastasius
1870 2187 1957 2238 piae
1987 2188 2182 2224 memoriae
2212 2188 2473 2226 lecticariorum

246 2232 310 2278 qui
333 2235 509 2267 vocantur
539 2241 602 2266 seu
631 2230 849 2266 decanorum
880 2241 1066 2266 numerum
1093 2230 1133 2266 in
1164 2235 1299 2267 certam
1330 2242 1536 2266 mensuram
1565 2235 1743 2277 coqerunt
1772 2230 1998 2277 definientes,
2033 2237 2073 2267 ut
2103 2233 2201 2268 mille
2231 2239 2372 2270 centum
2401 2236 2474 2271 sint

245 2277 373 2313 decani
401 2276 458 2312 vel
488 2275 662 2322 officinae
693 2277 856 2318 totidem,
895 2286 990 2322 quae
1020 2275 1162 2328 quidem
1193 2276 1295 2312 nullo
1323 2287 1492 2322 umquam
1525 2280 1685 2323 tempore
1714 2280 1944 2322 augmentum
1976 2278 2182 2324 accipiant,
2229 2279 2292 2324 qui
2311 2291 2364 2326 pe
2393 2289 2474 2316 cum

246 2321 494 2358 constitutioni
516 2320 704 2356 Anastasii
730 2331 859 2356 sacrae
886 2331 1082 2357 memoriae
1111 2321 1219 2357 etiam
1250 2332 1420 2357 numerus
1452 2321 1737 2363 lecticariorum,
1772 2332 1866 2368 quos
1896 2333 1947 2358 ex
1970 2333 2190 2369 unoquoque
2221 2290 2375 2368 collegio
2399 2335 2475 2360 esse

246 2366 448 2409 conveniat,
471 2366 651 2402 subiectus
672 2366 731 2409 sit,
761 2377 830 2402 nos
852 2366 996 2413 quidem
1019 2365 1109 2402 baec
1128 2367 1238 2412 firma
1261 2378 1407 2403 manere
1431 2367 1604 2407 volumus.
1665 2365 1739 2402 Sed
1761 2366 1930 2402 adierunt
1952 2378 2019 2403 nos
2051 2368 2114 2414 qui
2137 2367 2182 2404 de
2204 2368 2369 2416 collegiis
2390 2375 2475 2406 sunt

243 2412 367 2459 felicis
395 2416 431 2448 et
451 2412 575 2458 reqiae
598 2410 705 2446 liuius
728 2411 828 2447 urbis
851 2415 1010 2454 nostrae,
1068 2412 1107 2448 ui
1129 2423 1227 2458 prae
1249 2413 1378 2448 ceteris
1405 2411 1510 2447 nobis
1533 2422 1644 2448 curae
1673 2417 1770 2454 sunt,
1797 2417 1832 2448 et
1854 2416 2018 2448 nostram
2047 2413 2250 2449 docum-unt
2271 2415 2475 2461 potentiam

245 2468 416 2504 maqnam
445 2467 511 2492 nec
542 2456 735 2502 ferendam
765 2456 925 2493 existere
955 2423 1215 2503 confasionem.
1275 2456 1548 2493 Sanctissimam
1572 2457 1665 2493 enim
1688 2457 1862 2493 maiorem
1884 2457 2071 2494 ecclesiam
2100 2459 2263 2503 fructum
2280 2460 2475 2507 percipere

246 2514 296 2539 ex
319 2502 415 2538 mille
439 2505 578 2538 centum
602 2502 765 2547 officinis
795 2502 841 2538 ab
866 2502 964 2537 omni
993 2501 1128 2538 tributo
1153 2502 1287 2545 liberis,
1320 2513 1414 2549 quas
1435 2513 1514 2538 sese
1537 2502 1779 2538 lubentissime
1802 2503 1835 2537 ei
1858 2502 1958 2546 dare,
1990 2504 2162 2550 quoniam
2194 2504 2244 2539 ad
2270 2516 2474 2542 communes

247 2548 405 2584 omnium
428 2546 612 2582 hominum
642 2547 820 2593 exequias
842 2558 902 2583 res
918 2547 1130 2594 pertineat;
1157 2558 1272 2594 neque
1298 2552 1416 2583 tamen
1445 2547 1589 2595 reliqua
1618 2558 1658 2583 se
1678 2558 1789 2583 onera
1818 2548 1922 2594 ferre
1943 2559 2061 2595 posse.
2120 2548 2215 2584 Nam
2238 2560 2318 2585 cum
2341 2551 2475 2586 multae

245 2594 321 2629 sint
341 2593 381 2628 in
404 2591 473 2628 hac
494 2591 599 2637 felici
628 2591 718 2627 urbe
749 2603 771 2628 o
790 2592 924 2638 sicinae
955 2593 1159 2629 commercii
1189 2597 1225 2629 et
1253 2593 1391 2640 neqotii
1414 2592 1559 2635 diversi,
1583 2603 1656 2628 non
1678 2592 1763 2627 illas
1785 2593 1902 2634 solas,
1934 2593 2029 2628 mille
2053 2598 2192 2629 centum
2215 2594 2367 2630 dicimus
2389 2596 2473 2641 offi-

247 2639 360 2681 einas,
390 2641 581 2684 exemptas
603 2648 680 2673 esse
703 2648 727 2672 a
774 2637 858 2673 ictis
877 2637 1095 2680 muneribus,
1127 2637 1192 2674 sed
1213 2639 1321 2674 etiam
1345 2637 1478 2673 multas
1500 2637 1749 2673 sanctissimas
1771 2638 1953 2680 ecclesias,
1985 2638 2099 2673 multa
2121 2649 2230 2674 sacra
2254 2638 2414 2692 hospitia
2437 2644 2474 2677 et

245 2684 467 2719 monasteria
497 2688 533 2718 et
563 2682 657 2718 alias
686 2693 814 2718 sacras
843 2681 985 2725 domos,
1018 2688 1128 2729 atque
1158 2694 1283 2719 earum
1313 2682 1511 2719 nonnullas
1541 2693 1636 2728 quae
1659 2683 1771 2730 prius
1800 2682 2064 2718 baereticorum
2086 2683 2240 2729 suerint,
2275 2684 2403 2721 deinde
2425 2685 2475 2721 ad

247 2727 493 2765 orthodoxam
508 2726 618 2772 fidem
639 2727 840 2764 translatae
857 2728 943 2771 sint,
965 2733 1158 2774 praeterea
1172 2728 1307 2764 multas
1329 2728 1536 2776 imperiales
1559 2727 1686 2763 domos
1705 2731 1742 2763 et
1759 2728 1909 2774 insuper
1927 2732 1964 2763 et
1981 2728 2259 2774 mayistratuum
2281 2734 2318 2765 et
2331 2734 2473 2766 senato-

245 2785 326 2810 rum
349 2778 386 2808 et
406 2773 601 2808 illustrium
624 2777 661 2808 et
682 2772 988 2809 cubiculariorum
1011 2778 1200 2827 exemptas
1222 2785 1299 2810 esse
1321 2784 1344 2809 a
1370 2772 1524 2815 tributis,
1556 2783 1601 2808 ac
1624 2772 1790 2809 dominos
1812 2783 1937 2808 earum
1961 2773 2029 2808 sibi
2052 2773 2136 2809 inde
2152 2785 2296 2821 parare
2318 2775 2473 2812 reditum

245 2823 282 2856 et
299 2817 556 2865 rempublicam
579 2818 712 2853 damno
733 2818 895 2863 afficere,
918 2829 998 2854 cum
1017 2818 1246 2855 multitudine
1263 2819 1531 2865 exemptionum
1550 2828 1610 2854 res
1635 2819 1673 2853 in
1693 2822 1886 2864 anqustum
1905 2818 2164 2854 contrahatur:
2205 2824 2247 2855 ut
2259 2820 2471 2866 paucissimi

245 2865 330 2906 sint,
362 2863 426 2910 qui
456 2873 607 2898 munera
623 2867 826 2943 [praestent
855 2863 911 2899 vel
939 2870 1139 2910 qraventur
1169 2864 1386 2906 muneribus,
1418 2867 1454 2899 et
1480 2862 1617 2910 priora
1650 2862 1785 2899 tributa
1808 2873 1917 2910 saepe
1943 2863 2104 2910 triplicia
2135 2875 2179 2899 ac
2202 2864 2471 2912 quadruplicia,

247 2909 335 2956 quin
365 2909 474 2944 etiam
505 2907 619 2954 decup
636 2919 659 2943 a
685 2908 799 2953 fiant:
871 2919 1063 2955 uamquam
1095 2910 1313 2946 Anastasius
1340 2918 1470 2945 sacrae
1499 2908 1693 2944 memoriae
1722 2909 1761 2943 in
1790 2908 1978 2944 sanctione
2009 2909 2053 2944 ab
2085 2920 2127 2945 eo
2161 2910 2358 2946 constituta
2381 2910 2473 2946 milli

247 2954 391 2991 omnino
414 2953 481 2988 alii
502 2953 759 2990 immunitatem
783 2919 924 2990 deferit
944 2958 1094 3001 praeter
1116 2954 1214 2991 mille
1237 2959 1378 2990 centum
1402 2953 1576 2999 officinas
1598 2953 1848 2989 sanctissimae
1870 2954 2002 2988 maiori
2025 2954 2195 2990 ecclesiae
2219 2955 2362 2991 nomine
2384 2966 2469 2991 exe-

247 3000 415 3047 quiarum
439 2998 695 3044 defunctorum
719 2999 921 3035 attributas.
981 2998 1187 3046 Propterea
1209 3010 1278 3035 nos
1307 3009 1450 3045 quoque
1472 2998 1746 3045 maqistratibus
1777 2999 1912 3034 nostris
1941 3003 2050 3045 atque
2078 3003 2164 3036 ante
2186 3010 2247 3036 eos
2270 2999 2472 3037 beatissimo

299 3135 320 3168 2
340 3130 570 3167 ’Avaow'zmoc
594 3135 670 3174 (vid.
692 3146 761 3166 nov.
777 3133 871 3167 LIX
877 3135 956 3177 pr.)]
981 3135 1024 3178 cf.
1050 3135 1128 3169 Cod.
1145 3137 1174 3176 l,
1194 3141 1223 3176 2,
1236 3141 1269 3168 18
1294 3141 1324 3168 et
1439 3135 1455 3168 1
1482 3134 1629 3167 ciuitatis
1651 3134 1727 3175 VT]
1752 3133 1852 3166 huius
1872 3133 2021 3166 ciuitatis
2039 3134 2143 3167 Neob.
2159 3134 2171 3177 fl
2190 3135 2211 3167 2
2234 3133 2389 3167 letitim-ii
2409 3133 2444 3168 V

247 3191 331 3223 quae
355 3180 397 3213 ib.
423 3186 454 3212 et
479 3178 672 3220 Cod.11‚1s
698 3179 868 3212 adnotavit
891 3180 1042 3223 Krueyer
1069 3179 1082 3223 ΙΙ
1110 3181 1130 3214 3
1154 3176 1233 3220 τὸν]
1256 3175 1323 3221 τὴν
1391 3179 1411 3213 3
1436 3189 1590 3212 mensura
1612 3180 1700 3223 vulq.
1728 3181 1739 3220 ΙΙ
1769 3181 1791 3213 4
1815 3181 1987 3221 ergasteria
2007 3179 2042 3212 V
2064 3178 2076 3223 ΙΙ
2106 3181 2124 3213 5
2148 3179 2347 3222 susciperint
2375 3178 2429 3211 V·

247 3225 296 3258 L¹
314 3224 326 3267 fl
342 3226 362 3258 4
382 3219 545 3268 ἀριθμὸν
564 3225 805 3269 περιέστησαν
823 3226 1068 3266 (περιέστησεν
1082 3225 1125 3266 L)
1145 3223 1193 3259 εἰς
1208 3226 1247 3258 ἓν
1263 3225 1323 3267 με’-
1391 3226 1411 3259 6
1437 3224 1685 3267 dispositionem
1708 3224 1742 3258 V
1753 3223 1764 3266 ΙΙ
1781 3225 1801 3258 8
1822 3223 2057 3257 letitiariorum
2079 3226 2112 3257 et
2131 3235 2191 3257 nos
2212 3224 2266 3268 Vfl
2284 3222 2467 3264 ili-maluere

246 3281 335 3313 τρον
348 3269 432 3310 ML]
456 3279 630 3302 numerum
648 3279 820 3301 mensurae
834 3269 1139 3302 determinaverunt
1156 3281 1176 3306 ς
1193 3269 1206 3314 ΙΙ
1230 3271 1248 3303 7
1263 3266 1323 3302 διὰ
1399 3269 1456 3310 Vll
1477 3271 1498 3304 9
1522 3268 1734 3311 colligiorum
1749 3268 1806 3313 Vfl
1834 3272 1873 3303 15
1897 3269 1991 3302 daret
2014 3269 2102 3302 enim
2125 3280 2164 3302 eo
2185 3268 2241 3313 Vfl
2263 3275 2466 3300 communem

246 3314 289 3347 τὸ
310 3315 369 3347 καὶ
384 3315 455 3355 Me]
479 3309 539 3347 διὰ
562 3312 624 3347 τὸ·
648 3312 764 3355 (τὸνῖ)
780 3314 839 3356 L¹)
864 3310 924 3347 διὰ
943 3311 983 3347 δὲ
1002 3312 1045 3348 τὸ
1061 3313 1136 3358 L'fl
1158 3317 1197 3349 10
1209 3311 1323 3355 ταύτῃ
1400 3313 1463 3347 VT
1477 3314 1489 3356 ΙΙ
1520 3316 1559 3349 16
1584 3316 1693 3356 causa]
1718 3324 1789 3347 eam
1811 3314 1843 3348 V
1859 3315 1871 3355 ΙΙ
1904 3316 1942 3348 17
1965 3324 2058 3358 posse
2078 3315 2177 3358 vala]
2199 3312 2325 3364 posint
2348 3312 2425 3344 libri

247 3361 380 3401 βεβαία
399 3359 431 3392 L
447 3361 459 3401 ss
482 3360 521 3393 14
543 3354 704 3403 ταραχήν
728 3359 798 3399 Mc]
823 3355 933 3405 ἀρχὴν
957 3360 989 3393 L
1005 3359 1017 3404 ΙΙ
1040 3362 1077 3394 15
1103 3355 1324 3406 ἀργαστήρια
1394 3360 1434 3393 18
1459 3359 1735 3393 existententibus
1765 3359 1801 3393 V
1827 3358 1840 3403 fl
1878 3361 1920 3393 20
1949 3360 2118 3402 praedicta
2141 3358 2311 3408 functione
2332 3356 2417 3406 vulg.

248 3406 305 3443 (id.
318 3417 346 3437 v.
361 3405 417 3444 22)
432 3403 489 3443 Lu
517 3405 558 3438 22
573 3400 788 3450 ἐργαστήρια
808 3416 896 3441 orn-5
919 3404 931 3449 ΙΙ
955 3405 997 3438 25
1011 3404 1149 3450 ἑτέρους
1167 3405 1290 3439 om.L⁰
1312 3402 1325 3449 ΙΙ
1392 3405 1434 3437 22
1458 3414 1621 3438 xeneones
1652 3404 1796 3438 VNeob.
1832 3406 1845 3448 Ιί
1883 3406 1926 3439 24
1949 3403 2118 3438 introduci
2151 3402 2195 3443 V]
2228 3400 2411 3452 introducti

250 3451 292 3481 26
317 3447 512 3494 αἱρετικούς
535 3448 653 3491 ὄντας]
688 3449 868 3482 haereticos
890 3449 1058 3483 introduci
1083 3462 1103 3487 ς
1129 3450 1141 3494 ΙΙ
1169 3461 1324 3493 perava-
1392 3449 1495 3482 Neob.
1515 3450 1527 3490 ΙΙ
1549 3451 1590 3484 27
1609 3450 1727 3482 harum
1739 3450 1825 3494 vulq.
1842 3449 1854 3494 ΙΙ
1873 3449 2025 3483 dominus
2045 3447 2159 3492 1712ss
2178 3445 2300 3478 reditus
2322 3445 2366 3486 V]
2390 3445 2465 3478 ted-

250 3490 402 3526 στάντας
428 3494 457 3527 L
487 3493 500 3537 ΙΙ
529 3495 572 3529 33
595 3493 674 3536 ἢτοι
698 3491 780 3527 τοὺς
806 3495 863 3535 Μ]
895 3496 955 3527 καὶ
979 3495 1011 3528 L
1032 3494 1080 3528 ita
1104 3506 1124 3531 ς
1149 3494 1164 3549 11
1193 3497 1234 3529 34
1258 3492 1325 3536 τὴν
1392 3493 1481 3526 ditus
1504 3494 1536 3527 T
1554 3493 1567 3540 ΙΙ
1597 3495 1640 3528 29
1665 3494 1883 3528 concludatur
1903 3495 1951 3536 V]
1980 3491 2194 3541 concluditur
2212 3489 2315 3524 Neob.
2351 3489 2465 3522 exclu-

250 3534 471 3582 λειτουργίαν
496 3539 526 3572 L
544 3538 556 3583 ΙΙ
579 3541 620 3574 38
645 3539 776 3586 ἑτέροις
799 3539 830 3572 L
857 3539 869 3582 ΙΙ
890 3541 933 3573 42
958 3537 1029 3586 πρό
1051 3552 1092 3586 γε
1117 3539 1240 3574 αυτῶν
1265 3538 1322 3580 Μ]
1392 3538 1484 3571 ditur
1500 3539 1533 3573 T
1547 3541 1559 3578 ΙΙ
1583 3541 1625 3574 30
1649 3543 1689 3573 ut
1707 3541 1807 3583 pauci
1826 3540 1894 3572 sint
1915 3537 2088 3583 vu19.'81
2107 3536 2244 3577 grahan
2266 3534 2320 3575 Vn
2339 3535 2381 3568 32
2406 3538 2465 3568 aut

250 3579 398 3659 ειν
570 3585 600 3617 ¹2
631 3595 706 3617 ,m
730 3595 822 3621 =
968 3597 1008 3631 ν’
1033 3581 1132 3628 αὐτῷ
1450 3583 1474 3661 i
1489 3583 1590 3662 ss
1607 3585 1759 3674 iii}
1779 3578 2466 3669 mats-sumu

283 3638 304 3658 a
368 3638 386 3658 ο
407 3639 446 3659 vu
459 3641 490 3670 9.
1475 3641 1490 3662 r

1393 3674 1606 3716 exequiarum
1627 3674 1662 3709 V
2402 3684 2407 3693 ·
