2618 4010
273 105 382 148 Nov.
412 105 510 148 VIII
545 108 604 147 14.
636 118 700 159 ep.
730 104 922 148 Edictum
1354 99 1411 147 78
1887 119 1949 150 UT
1976 120 2153 152 mmcns
2181 120 2279 152 snm
2308 119 2488 159 Quoquo

276 214 367 262 παρ’
403 212 507 260 ἡμῶν
545 214 661 260 ῥητῶς
695 212 1040 259 όνομασθησομένας
1073 212 1180 261 ἀρχὰς
1210 215 1249 248 ἐκ
1283 214 1349 249 τοῦ
1417 214 1574 251 tionibus
1596 224 1619 250 a
1636 214 1740 251 nobis
1761 216 1984 254 nominandis
2005 221 2041 254 et
2063 228 2108 255 ex
2130 218 2309 264 praesenti
2331 219 2491 264 tempore

276 259 454 307 παρόντος
483 259 611 305 χρόνον
642 255 820 304 ἀμίσθους
843 258 1166 306 παραληψομένοις.
1212 258 1259 294 τὰ
1281 258 1349 308 γὰρ
1417 260 1495 296 sine
1530 259 1698 304 suffragio
1732 260 1978 306 percipiendis.
2033 263 2125 299 Nam
2160 273 2251 309 quae
2285 273 2490 308 praecesse-

276 304 320 359 δη
344 302 587 383 προεθῇδφότα
617 306 691 339 τοῖς
704 305 926 359 ..ἔμπροσθεν
945 307 1124 383 κεέμένοις.
1137 300 1349 359 «imogalapto
1417 308 1513 384 ἱῑιῐιῦ,
1538 304 1673 349 pridem
1696 304 1823 384 posiltlis
1846 306 2053 344 subiaceant
2074 308 2231 354 legibus,
2255 308 2354 361 nulla.
2376 318 2491 354 poena

275 351 903 447 §ffsszmwr‘iz.⁹:zffazfflt.2{”
915 362 1022 441 ἷὲξξρῗ
1045 362 1224 429 wa?
1246 363 1351 441 ἕὲἴέἑ
1386 398 1404 429 5
1418 353 2492 439 afflenfficssssnuitdffiffffieffigiem.‚⁸:2¹ssss

275 441 412 482 ἔχουσι,
447 437 541 483 πλὴν
574 439 606 473 εἰ
635 453 685 484 μη
715 442 775 474 καὶ
805 437 907 474 αὐτοὶ
939 437 1031 483 μετὰ
1060 437 1127 482 τὴν
1159 437 1351 485 ἐμφάνισιν
1419 443 1538 474 tamen
1561 442 1597 474 et
1619 438 1689 483 ipsi
1719 442 1801 484 post
1822 439 2094 478 insinuationem
2124 443 2228 480 huius
2260 443 2347 489 legis
2378 443 2492 479 furari

275 481 381 518 τοῦδε
403 485 467 518 τοῦ
491 481 602 529 νόμου
626 483 836 520 κλέπτοντες
859 481 987 518 ἁλοῖεν.
1421 483 1618 529 capiantur.

319 526 416 574 <Ἐπ
425 532 440 562 ί
446 527 607 576 loyce.)
657 530 776 564 Ταῦτα
798 533 922 564 τοίνυν
945 526 1028 572 ἡσὴ
1051 525 1207 576 ὑπεροχὴ
1229 527 1351 564 πάντα
1463 527 1740 574 (Epilogus.)
1785 528 1883 564 Haec
1912 530 2020 575 igitur
2045 533 2108 568 tua
2131 532 2304 569 celsitudo
2328 533 2491 569 universa

274 572 518 618 μανθάνουσα
537 576 578 608 ἐν
600 575 690 610 πᾶσι
711 577 784 609 τοῖς
807 574 934 608 ἔθνεσι
957 576 1028 607 τοῖς
1050 574 1354 622 ὑποτεταγμένοις
1421 582 1638 618 cognoscens
1666 573 1703 609 in
1737 573 1899 610 omnibus
1928 576 2089 620 gentibus
2119 578 2185 614 sub
2220 588 2259 614 se
2290 578 2491 614 constitutis

276 617 415 665 φανερὰ
448 619 756 665 παρασκευασάτω
787 619 977 666 γενέσθαι,
1012 617 1104 653 κατὰ
1138 616 1180 653 τὸ
1214 631 1351 663 νενομι-
1369 622 1407 654 10
1422 618 1498 654 fieri
1517 617 1704 654 manifesta
1727 621 1907 663 procuret,
1932 620 2147 658 sollemniter
2169 624 2369 668 praeceptis
2386 627 2491 659 utens

276 666 409 708 σμένον
431 662 675 711 προςτάγμασι
705 667 869 711 χρωμένη
898 662 985 710 πρὸς
1009 661 1149 698 πάντας
1171 662 1252 698 τοὺς
1274 665 1353 698 τῶν
1420 664 1516 709 apud
1539 673 1661 700 omnes
1691 664 1953 708 provinciarum
1976 666 2174 711 praesides,
2205 672 2246 703 ut
2267 669 2337 714 ipsi
2361 679 2490 713 cogno-

276 710 461 755 ἐπαρχιῶν
483 706 710 756 ἡγουμένους·
747 708 836 743 aista
868 705 993 742 αὐτοὺς
1021 707 1265 755 γινώσκοντας
1285 708 1353 752 τὴν
1420 712 1559 744 scentes
1589 713 1750 745 nostrum
1786 709 1883 745 circa
1916 710 2095 747 subiectos
2130 713 2284 748 studium
2319 716 2355 749 et
2386 724 2492 758 quam

276 751 451 800 ἡμετέραν
474 757 555 802 περὶ
578 754 658 789 τοὺς
680 751 856 797 ὑπηκόους
883 751 1045 797 σπουδὴν
1075 756 1135 787 καὶ
1158 751 1203 797 ἢν
1225 754 1350 799 ἔχομεν
1418 754 1589 790 habemus
1633 754 1730 790 circa
1768 754 2027 791 ordinationem
2067 756 2222 792 iudicum
2263 758 2491 800 voluntatem,

276 802 359 847 περὶ
380 798 448 843 τὴν
470 800 549 834 τῶν
571 797 758 846 ἀρχόντων
780 811 833 841 χει
899 802 1003 832 ονίαν
1021 798 1125 845 γνώμ
1150 812 1182 841 ν,
1205 797 1349 842 εἰδέναι,
1419 798 1659 840 considerent,
1692 803 1825 844 quanta
1858 800 1910 835 eis
1940 800 2035 835 bona
2065 802 2343 854 participantur,
2378 813 2492 849 neque

275 842 403 878 πόσων
427 841 545 878 αὐτοῖς
567 841 726 891 ἀγαθῶν
747 856 838 888 μετα
863 842 1059 888 εδώκαμεν,
1090 842 1131 878 οὗ
1154 845 1172 878 ε’
1193 845 1256 888 τῆς
1286 848 1351 889 βα-
1367 847 1406 880 15
1418 844 1555 890 imperii
1578 843 1733 880 medelae
1755 855 1820 889 pro
1841 854 1961 880 eorum
1984 846 2154 882 felicitate
2177 850 2376 893 parcentes.

276 888 408 933 σιλικῆς
432 889 629 935 θεραπείας
652 887 711 923 διὰ
736 887 804 931 τὴν
827 886 950 923 αὐτῶν
974 885 1208 933 εὐδαιμονίαν
1231 886 1351 935 φεισά-

274 947 388 978 μενοι.
439 934 524 970 Dat.
556 945 641 968 xvn.
666 934 701 968 k.
727 932 813 969 Mai.
841 933 910 969 GP.
935 934 1106 970 Belisario
1134 945 1166 970 v.
1193 944 1224 970 c.
1251 945 1350 970 cons.
1394 982 1412 1015 3
1447 934 1546 1022 lDat.
1571 945 1638 969 x11.
1662 934 1698 969 k.
1723 933 1809 969 Mai.
1835 934 1904 970 GP.
1929 934 2103 971 Belisario
2127 947 2158 971 v.
2184 945 2215 972 c.
2241 946 2339 974 cons.

1298 983 1344 1022 [a.
1371 983 1390 1015 5
1417 983 1446 1014 5.

264 1068 450 1112 ’Ίδικτον
478 1069 649 1126 γραφὲν
678 1077 775 1120 τοῖς
804 1067 1059 1124 ἁπανταχοῦ
1084 1071 1165 1129 γῆς
1184 1074 1354 1128 θεοφι-
1420 1071 1601 1112 Edictum
1630 1071 1818 1122 scriptum
1840 1072 1880 1111 in
1910 1072 2013 1112 omni
2035 1074 2143 1111 terra
2165 1072 2239 1112 deo
2261 1074 2493 1115 amabilibus

274 1124 504 1177 λεστάτοις
524 1124 796 1176 ἐπισκόποις
816 1127 889 1170 καὶ
909 1122 1172 1178 ὅσιωτάτοις
1190 1143 1353 1184 πατρι-
1491 1128 1799 1178 archiepiscopis
1829 1131 1870 1168 et
1899 1129 2152 1169 sanctissimis
2182 1130 2428 1179 patriarchis.

727 1181 896 1238 άρχαις.
1365 1196 1407 1229 20

325 1260 389 1302 Τῆς
420 1257 691 1307 παραδοθείσης
731 1256 806 1304 (μῖν
841 1261 880 1294 ἐκ
911 1260 1002 1294 θεοῦ
1034 1259 1214 1295 πολιτείας
1248 1258 1350 1304 κηὸό-
1464 1259 1633 1296 Traditae
1658 1259 1759 1294 nobis
1782 1269 1804 1294 a
1828 1259 1894 1295 deo
1924 1259 2141 1305 reipublicae
2171 1271 2293 1297 curam
2321 1261 2493 1299 habentes

272 1317 374 1349 μενοι
405 1306 465 1338 καὶ
497 1306 537 1338 ἐν
567 1300 689 1352 ἁπάσῃ
721 1272 927 1353 ἔικαιοσύνῃ
962 1306 1026 1349 ζῆν
1054 1305 1135 1341 τοὺς
1166 1303 1352 1352 ἡμετέρους
1418 1307 1454 1341 et
1477 1305 1515 1340 in
1539 1304 1634 1340 omni
1657 1304 1794 1340 iustitia
1807 1304 1923 1340 vivere
1939 1309 2081 1341 nostros
2105 1305 2284 1342 subiectos
2309 1307 2493 1343 studentes

272 1348 446 1392 ὑπηκόους
469 1347 694 1391 σπεύδοντες,
718 1348 783 1384 τὸν
805 1347 1095 1397 ὑποτεταγμένον
1118 1349 1230 1395 νόμον
1250 1350 1349 1398 έγρά-
1418 1350 1615 1385 subiectam
1648 1349 1761 1394 legem
1796 1349 2088 1395 conscripsimus,
2130 1362 2235 1404 quam
2269 1352 2375 1387 etiam
2409 1355 2494 1388 tuae

272 1407 406 1440 ψαμεν,
438 1390 481 1429 ὃν
511 1393 555 1438 δὴ
577 1395 623 1442 τῇ
646 1396 692 1443 σῇ
716 1391 894 1438 ὁσιότητι,
925 1399 985 1429 καὶ
1017 1393 1069 1429 δι’
1098 1394 1205 1439 αὐτῆς
1235 1392 1350 1430 ἅπασι
1419 1395 1618 1438 sanctitati,
1650 1397 1686 1430 et
1714 1404 1778 1439 per
1803 1404 1882 1430 eam
1905 1395 2068 1432 omnibus
2116 1406 2154 1431 ιιι
2176 1399 2262 1432 tuae
2290 1397 2494 1442 provinciae

270 1443 343 1474 τοῖς
376 1440 438 1483 τῆς
468 1441 639 1486 ἐπαρχίας
672 1441 734 1483 τῆς
769 1441 830 1483 σῆς
863 1442 1011 1483 ποιῆσαι
1047 1440 1204 1488 φανερὸν
1234 1440 1350 1475 καλῶς
1363 1442 1404 1475 25
1419 1444 1520 1483 sunt,
1563 1440 1683 1475 facere
1718 1439 1944 1476 manifestam
1987 1440 2077 1476 bene
2137 1441 2244 1477 abere
2280 1442 2491 1487 putavimus.

271 1486 365 1528 ἔχειν
396 1486 623 1529 ἐνομίσαμεν.
669 1486 731 1527 τῆς
761 1477 827 1519 οὗν
862 1486 924 1529 σῆς
959 1484 1148 1531 θεοφιλίας
1181 1489 1242 1520 καὶ
1272 1487 1350 1521 τῶν
1419 1485 1518 1521 Tuae
1541 1485 1647 1529 igitur
1670 1484 1717 1520 sit
1739 1485 1958 1521 reverentiae
1981 1489 2017 1521 et
2040 1488 2238 1522 ceterorum
2260 1486 2349 1523 haec
2373 1491 2492 1523 custo-

272 1528 412 1565 λοιπῶν
443 1528 655 1565 ἐπισκόπων
685 1531 781 1565 ἔστω
816 1530 933 1564 ταῦτα
963 1533 1195 1588 παρατηρεῖν,
1231 1533 1290 1564 καὶ
1319 1531 1355 1565 εἴ
1419 1531 1493 1566 dire
1525 1534 1578 1574 et,
1610 1530 1641 1566 si
1665 1529 1749 1575 quid
1779 1530 2054 1566 transcendatur
2077 1541 2099 1566 a
2121 1531 2318 1575 iudicibus,
2349 1531 2396 1568 ad
2427 1541 2494 1568 nos

270 1589 307 1610 τι
338 1578 604 1622 παραβαίνοιτο
633 1573 732 1622 παρὰ
754 1575 833 1610 τῶν
855 1571 1059 1621 ἀρχόντων,
1091 1587 1139 1611 εις
1169 1573 1258 1621 ἡμᾶς
1285 1590 1348 1621 μη·
1418 1575 1570 1618 referre‚
1605 1578 1647 1612 ut
1682 1575 1771 1611 nihil
1806 1578 2051 1612 contemnatur
2083 1576 2210 1612 horum
2244 1587 2335 1622 quae
2369 1578 2494 1613 sancte

270 1618 381 1662 νύειν,
411 1616 511 1655 ὅπως
541 1616 588 1653 ἂν
610 1617 659 1664 μή
677 1633 715 1654 τι
743 1619 972 1666 παροραθείη
995 1621 1074 1655 τῶν
1097 1617 1205 1656 ὁσίως
1227 1634 1267 1655 τε
1290 1624 1349 1655 καὶ
1417 1622 1580 1667 iusteque
1604 1631 1626 1656 a
1649 1620 1751 1656 nobis
1775 1620 1915 1656 sancita
1938 1623 2031 1656 sunt.
2079 1621 2117 1658 Si
2140 1622 2234 1657 enim
2257 1632 2323 1658 nos
2351 1622 2493 1667 quidem

271 1664 418 1700 δικαίως
449 1662 514 1720 ὑφ’
547 1662 650 1709 ἡμῶν
680 1663 1026 1709 νομοθετηθέντων.
1081 1667 1127 1700 Εἰ
1157 1665 1224 1714 γὰρ
1254 1662 1350 1711 ἡμεῖς
1363 1669 1404 1702 30
1417 1670 1621 1702 nostrorum
1645 1665 1884 1702 subiectorum
1906 1665 2083 1709 miserati,
2107 1667 2275 1712 quoniam
2298 1677 2410 1712 supra
2431 1666 2493 1704 fis-

269 1712 337 1755 μὲν
359 1709 442 1745 τοὺς
463 1713 649 1756 ημετέρους
678 1707 856 1753 ὑπηκόους
880 1709 1073 1754 ἐλεοῦντες,
1104 1707 1162 1746 ὅτι
1189 1710 1277 1760 πρὸς
1303 1712 1348 1759 τῇ
1418 1711 1546 1747 calium
1569 1711 1791 1747 functionum
1815 1711 2037 1747 exactionem
2062 1712 2170 1748 etiam
2192 1712 2363 1748 maximas
2386 1711 2493 1748 susti·

269 1756 348 1790 τῶν
371 1753 555 1800 δημοσίων
584 1755 711 1801 φόρων
739 1757 870 1790 ἐκτίσει
899 1758 959 1790 καὶ
986 1754 1140 1804 μεγάλας
1170 1754 1350 1801 ὑπέμενον
1416 1760 1504 1792 nent
1526 1767 1571 1792 ex
1593 1756 1691 1792 furto
1714 1755 1872 1792 iudicum
1891 1756 2077 1793 violentias
2100 1760 2248 1803 propter
2269 1757 2386 1794 factas
2408 1767 2493 1803 pro-

269 1803 309 1835 έκ
331 1801 392 1845 τῆς
414 1801 493 1836 τῶν
515 1797 705 1847 ἀρχόντων
730 1799 861 1845 κλοπῆς
884 1797 1024 1836 ἀδικίας
1048 1800 1106 1836 διὰ
1125 1800 1187 1836 τὰς
1233 1804 1347 1846 ινομέ-
1416 1801 1612 1837 vinciarum
1642 1800 1879 1845 venditiones,
1914 1801 2005 1837 haec
2035 1802 2177 1838 auferre
2205 1812 2271 1847 per
2297 1802 2494 1839 subiectam

269 1858 334 1881 νας
359 1845 437 1881 τῶν
460 1846 646 1893 ἐπαρχιῶν
673 1844 835 1893 πράσεις,
864 1844 996 1880 ταύτας
1024 1843 1164 1881 ἀνελεῖν
1217 1845 1253 1881 ιὰ
1283 1847 1348 1881 τοῦ
1417 1846 1614 1883 studuimus
1644 1847 1771 1892 legem,
1808 1857 1870 1882 vos
1901 1850 2020 1882 autem
2048 1847 2271 1893 neglegentes
2299 1857 2373 1885 non
2401 1846 2492 1884 refe-

268 1887 556 1939 ὑποτεταγμένον
579 1891 802 1936 ἐσπεύσαμεν
825 1888 947 1935 νόμου,
971 1888 1067 1936 ὑμεῖς
1085 1889 1124 1926 δὲ
1142 1892 1347 1938 ῥᾳθυμοῦν-
1363 1894 1404 1927 35

269 1948 326 1971 τες
350 1935 399 1981 μὴ
423 1934 707 1983 προςαγγείλητε,
736 1933 821 1981 ἡμῖν
843 1938 911 1980 μὲν
933 1934 1171 1983 ἀφοσιούσθω
1195 1935 1237 1972 τὸ
1262 1935 1350 1983 πρὸς

315 2027 467 2061 Edictum
487 2034 574 2060 extat
594 2027 630 2060 Β
654 2028 686 2068 6,
711 2033 739 2068 3,
764 2034 811 2062 48.
836 2034 882 2060 49.

269 2116 506 2167 maqistratus
528 2127 551 2151 a
578 2115 683 2151 nobis
711 2115 877 2152 distincte
905 2116 1146 2152 nominandos
1168 2116 1252 2153 inde
1282 2127 1306 2152 a
1361 2115 1518 2151 raesenti
1549 2118 1709 2162 tempore
1739 2116 1857 2162 pratis
1885 2119 1971 2151 sunt
1999 2117 2213 2162 suscepturi.
2261 2116 2356 2153 Nam
2411 2129 2491 2155 rae-

272 2166 379 2197 tenta
401 2159 544 2212 quidem
569 2160 707 2207 leqibus
729 2164 814 2197 ante
836 2161 921 2197 latis
942 2161 1171 2204 subiaceant,
1200 2165 1243 2197 ut
1269 2172 1319 2196 nu
1348 2172 1372 2196 a
1395 2168 1519 2196 earum
1545 2171 1769 2207 poenarum,
1801 2171 1895 2207 quae
1916 2161 1955 2195 in
1980 2160 2048 2196 hac
2070 2166 2199 2197 nostra
2222 2161 2300 2214 leffe
2323 2162 2368 2198 de
2394 2163 2492 2200 nitac

269 2210 371 2249 sunt,
394 2216 441 2241 us
459 2205 659 2248 incumbat,
716 2206 755 2241 ui
776 2217 891 2253 usque
913 2206 1031 2242 adhuc
1053 2207 1291 2253 magistratus
1311 2205 1458 2248 liabent,
1482 2209 1745 2252 praeterquam
1767 2205 1801 2242 si
1823 2210 1858 2242 et
1880 2205 1953 2253 ipsi
1970 2210 2059 2252 post
2081 2206 2362 2243 insinuationem
2384 2207 2492 2244 huius

272 2251 362 2298 leqis
378 2251 553 2297 furantes
574 2217 900 2297 depreZendantur.
2229 2268 2232 2270 ψ

407 2294 494 2343 Epi
502 2296 517 2331 l
525 2307 645 2342 oqus.
705 2295 808 2332 Haec
834 2296 949 2343 iqitur
980 2296 1102 2332 omnia
1134 2301 1197 2333 tua
1226 2295 1427 2332 sublimitas
1461 2306 1485 2330 a
1516 2298 1549 2331 te
1577 2294 1724 2341 coquito
1753 2298 1795 2330 ut
1822 2295 1861 2330 in
1897 2295 2061 2331 omnibus
2088 2296 2292 2344 provinciis
2322 2296 2490 2333 subiectis

271 2341 469 2387 manifesta
494 2341 606 2386 fiant,
639 2345 741 2377 curet
763 2340 889 2377 edictis
910 2353 961 2378 ex
983 2352 1083 2377 more
1110 2341 1268 2388 leqitimo
1292 2351 1361 2376 usa
1385 2339 1435 2376 ad
1457 2350 1579 2375 omnes
1604 2339 1875 2392 provinciarum
1900 2340 2108 2392 praesides,
2140 2345 2182 2377 ut
2203 2341 2276 2384 illi,
2307 2345 2490 2390 comperto

271 2390 398 2422 nostro
425 2397 514 2433 crya
538 2385 701 2422 subditos
725 2386 845 2422 studio
869 2391 905 2423 et
927 2386 1028 2433 quod
1050 2386 1220 2423 habemus
1243 2386 1288 2422 de
1310 2385 1493 2422 creatione
1516 2388 1792 2432 maqzstratuum
1816 2385 1979 2428 consilio,
2008 2385 2137 2429 sciant,
2167 2390 2386 2433 quantorum
2407 2386 2492 2423 illos

271 2432 447 2468 bonorum
467 2431 668 2479 participes
694 2431 901 2478 fecerimus,
926 2443 971 2468 ne
993 2431 1176 2479 imperiali
1197 2430 1339 2479 quidem
1363 2430 1477 2466 cultui
1500 2429 1543 2466 ob
1559 2434 1696 2466 ‘eorum
1717 2429 1930 2475 felicitatem
1954 2435 2156 2477 parcentes

272 2526 457 2566 Edictum
494 2526 551 2564 ad
587 2526 659 2564 deo
691 2526 920 2565 carissimos
953 2527 1103 2574 ubique
1139 2527 1316 2565 locorum
1350 2525 1561 2575 episcopos
1597 2524 1946 2572 sanctissimosque
1975 2524 2248 2574 patriarchas
2283 2525 2490 2575 scriptum.

410 2599 495 2636 Cum
518 2600 572 2636 rei
628 2600 766 2636 ublicac
788 2612 812 2636 a
835 2600 901 2636 deo
926 2600 1030 2636 nobis
1053 2600 1210 2636 traditae
1233 2610 1357 2636 curam
1379 2610 1549 2646 qeramus
1571 2602 1607 2635 et
1630 2608 1778 2645 operam
1801 2597 1941 2641 demus,
1974 2602 2015 2634 ut
2035 2598 2170 2634 subditi
2195 2599 2313 2635 nostri
2334 2599 2373 2635 in
2395 2601 2491 2635 omni

272 2646 411 2682 iustitia
435 2646 567 2688 vivant,
606 2657 705 2692 eqem
727 2645 922 2682 subiectam
947 2646 1169 2693 scripsimus,
1193 2656 1303 2691 quam
1318 2645 1391 2680 iam
1410 2644 1598 2681 sanctitati
1615 2647 1699 2679 tuae
1720 2647 1758 2678 et
1772 2654 1846 2694 per
1867 2654 1946 2678 eam
1970 2643 2133 2679 omnibus
2155 2644 2219 2690 qui
2240 2644 2279 2679 in
2290 2645 2491 2697 provinc-ia

275 2695 338 2727 tua
360 2694 446 2726 sunt
465 2690 592 2736 facere
611 2691 843 2737 manifestam
867 2690 954 2727 bene
975 2702 1014 2727 se
1029 2690 1161 2727 habere
1175 2690 1468 2727 existimavimus.
1509 2688 1608 2725 Tuae
1629 2688 1743 2735 iqitur
1761 2688 1915 2739 pietatis
1936 2693 1973 2725 et
1992 2688 2060 2740 reli
2085 2700 2214 2724 uorum
2237 2700 2491 2737 episcoporum

275 2741 350 2772 esto
375 2735 465 2771 haec
487 2735 677 2771 observare
702 2740 754 2778 et,
777 2736 810 2771 si
834 2735 922 2782 quid
943 2735 1176 2782 delinquatur
1198 2747 1222 2772 a
1245 2734 1529 2782 maqistratibus,
1553 2733 1603 2770 ad
1624 2744 1693 2769 nos
1711 2737 1892 2773 nuntiare,
1915 2744 1960 2769 ne
1981 2744 2043 2779 qui
2092 2745 2227 2777 eorum,
2251 2745 2346 2781 quae
2367 2739 2490 2771 sancte

274 2785 310 2817 et
331 2781 425 2816 iuste
448 2792 471 2815 a
494 2779 598 2815 nobis
619 2780 762 2816 sancita
784 2785 879 2824 sunt,
903 2781 1127 2827 neqleqatur.
1175 2780 1271 2816 Nam
1290 2780 1324 2816 si
1346 2791 1414 2816 nos
1435 2778 1659 2816 subditorum
1678 2782 1887 2814 nostrorum
1902 2778 2063 2821 miseriti,
2085 2779 2185 2825 quod
2204 2783 2352 2826 praeter
2367 2779 2489 2827 publi-

274 2836 399 2861 corum
423 2825 638 2861 tributorum
660 2825 874 2861 solutionem
896 2826 1004 2862 etiam
1026 2837 1179 2873 maqnas
1201 2826 1357 2861 iniurias
1384 2835 1434 2862 ex
1455 2825 1746 2874 magistratuum.
1758 2823 1873 2869 furtis
1901 2828 2056 2870 propter
2073 2824 2348 2870 provinciarum
2371 2824 2490 2861 vendi-

276 2870 391 2907 tiones
407 2881 501 2916 quae
518 2869 655 2915 fiebant
671 2871 841 2917 perpessi
856 2875 951 2913 sunt,
972 2870 1038 2907 lias
1056 2882 1127 2917 per
1140 2871 1254 2917 leqem
1269 2870 1463 2906 subiectam
1483 2869 1609 2905 tollere
1622 2867 1836 2910 studmmus,
1859 2878 1923 2903 vos
1945 2879 2030 2905 vero
2051 2880 2120 2915 per
2137 2869 2400 2916 ncqleqentiam
2417 2881 2491 2906 non

325 2964 338 2995 1
367 2961 483 3005 ῥητῶς
506 2974 563 2995 om.
584 2973 604 2998 ς
622 2961 670 3005 112
693 2959 991 3007 παραληψόμενος
1014 2963 1045 2995 L
1061 2964 1073 3007 11
1092 2965 1111 2997 3
1138 2959 1348 2996 ὑποκείσθω
1418 2961 1456 2995 V
1466 2960 1478 3005 11
1496 2963 1516 2995 9
1537 2961 1573 2993 in
1594 2973 1652 2994 om.
1667 2960 1705 2994 V
1717 2959 1730 3004 ΙΙ
1748 2963 1787 2994 10
1810 2960 1992 3003 praeceptis
2012 2959 2164 2993 omnibus
2179 2963 2275 2994 utens
2288 2961 2326 2996 V
2334 2961 2347 3005 11
2368 2963 2408 2996 12
2431 2971 2489 2995 ue-

276 3020 335 3041 om.
361 3008 390 3040 L
416 3008 429 3049 11
458 3009 479 3040 9
501 3005 755 3050 μανθάνουσιν
777 3008 825 3040 L¹
849 3007 861 3051 11
890 3009 928 3041 10
949 3004 1244 3052 παρασκευάσατε
1267 3005 1316 3040 L²
1337 3005 1350 3051 11
1417 3008 1521 3039 strum
1534 3005 1583 3038 R¹
1601 3005 1614 3049 11
1629 3005 1777 3038 studium
1793 3015 1891 3047 quam
1903 3005 1975 3046 (om.
1990 3007 2035 3047 et)
2048 3018 2087 3038 ez·
2101 3017 2183 3039 corr.
2198 3005 2236 3040 V
2244 3005 2257 3051 11
2278 3007 2318 3041 13
2331 3005 2420 3039 eirca
2429 3019 2488 3041 om.

276 3049 369 3085 κατὰ
380 3049 488 3085 τὸνί
504 3052 517 3095 11
539 3053 577 3086 13
591 3053 674 3097 περὶ
690 3065 748 3086 om.
762 3053 793 3085 L
809 3051 822 3097 11
841 3049 996 3094 σπουδῆς
1008 3053 1055 3086 L¹
1074 3052 1087 3096 11
1106 3055 1143 3087 17
1158 3055 1278 3086 subscr.
1291 3064 1348 3085 om.
1418 3058 1430 3085 t
1454 3050 1467 3095 11
1490 3050 1717 3084 ordinationes
1736 3050 1769 3083 R
1790 3051 1803 3095 11
1825 3052 1865 3085 14
1890 3050 1949 3091 leq.
1973 3050 2234 3093 participamus?
2301 3052 2340 3085 17
2366 3053 2487 3087 subscr.

277 3098 353 3132 ΑεΙι.
368 3097 499 3138 ΤΙιεοαῐ,
519 3096 584 3129 dat.
606 3096 702 3139 april.
723 3097 823 3130 consl.
838 3097 986 3130 uelisarii
1001 3096 1092 3139 Iul.¹³‚
1114 3098 1180 3130 dat.
1193 3097 1225 3131 k.
1243 3095 1349 3140 April.
1418 3097 1484 3129 dat.
1497 3106 1551 3128 xn
1572 3095 1639 3128 kal.
1652 3095 1731 3128 Mai.
1745 3105 1777 3138 p.
1790 3105 1819 3128 c.
1831 3105 1898 3128 vm
1916 3086 2072 3127 vilisario
2094 3096 2135 3128 ῦδ
2156 3106 2235 3129 cons
2275 3095 2284 3103 ⁹
2314 3096 2487 3140 Escoriat,

277 3143 358 3175 Iul!
382 3141 395 3185 11
419 3141 574 3174 Bilisario
587 3142 634 3175 M
641 3141 654 3184 11
676 3143 714 3175 18
735 3142 886 3176 Edictum
910 3143 1059 3184 (18—80,
1074 3143 1117 3185 11)
1136 3143 1167 3176 h.
1182 3143 1202 3176 l.
1224 3155 1282 3176 om.
1299 3141 1348 3183 M,
1418 3141 1516 3174 datur
1528 3151 1583 3173 x11
1595 3139 1662 3173 kal.
1677 3140 1756 3174 Mai.
1769 3141 1843 3183 post
1854 3150 1940 3174 cons.
1954 3140 2107 3173 Belisarii
2120 3141 2178 3174 ᾗ
2189 3151 2276 3174 cons.
2290 3141 2410 3182 Paris„
2430 3140 2487 3174 da-

278 3189 375 3220 habct
385 3188 418 3230 s.
433 3187 494 3221 391
521 3188 605 3220 inter
621 3187 743 3221 Edicta
762 3189 868 3230 primo
887 3187 965 3229 loco,
989 3188 1073 3222 unde
1089 3200 1137 3221 vv.
1160 3188 1192 3222 ll.
1213 3188 1348 3221 enotavi.
1418 3189 1488 3219 tum
1498 3196 1552 3218 xn
1563 3185 1818 3220 ka1.xu1Madii
1853 3184 1946 3219 .oos1.
1955 3185 2351 3227 BilisiarioBambmltm
2361 3185 2425 3218 dat.
2435 3185 2486 3218 bi-

278 3232 317 3265 In
331 3243 351 3268 ς
363 3233 499 3265 habetur
510 3232 600 3275 infra
613 3239 687 3265 ante
699 3232 928 3266 Iusiurandum
940 3233 1052 3276 (1289,
1067 3233 1116 3273 42)
1134 3231 1146 3276 11
1161 3231 1298 3278 γραφὲν
1308 3251 1350 3256 -
1417 3230 1563 3264 litizario
1570 3232 1667 3274 (corr.
1675 3229 1827 3263 bilizario
1850 3237 1877 3273 ις
1891 3242 1948 3263 om.
1956 3229 2029 3263 RV
2065 3232 2104 3264 18
2114 3231 2264 3265 Edictum
2272 3231 2421 3275 scriptum
2431 3241 2484 3262 ar-

278 3274 512 3323 πατριάρχαις
535 3289 593 3311 om.
618 3275 684 3320 Β11
707 3276 904 3319 πανταχοῦ,
927 3290 986 3311 om.
1008 3277 1069 3323 γῆς
1090 3278 1121 3310 L
1144 3276 1156 3322 11
1178 3279 1217 3311 19
1241 3277 1349 3310 archi·
1419 3276 1630 3320 chiepiscopis
1644 3276 1678 3309 in
1695 3276 1787 3309 codd.
1797 3275 2014 3319 infiademum
2050 3277 2163 3310 abacta·
2176 3274 2484 3310 analmiurandum

278 3320 528 3410 Ξὲἶῗέῗῗῶςυῃ
547 3323 589 3400 {i
609 3321 979 3409 {exaltasti
994 3323 1102 3400 {291ss
1113 3320 1349 3411 ’1315ιὲῗῖιέ
1416 3318 2483 3408 {effigia²'?ff⁸i2‘'‘‡{5;‘.''.?1”'1¹.².⁹.2.''2319152233‘1‘i'2'3u‘3223333

280 3410 311 3441 L
327 3411 338 3449 11
356 3405 442 3449 ὑμᾶς
466 3411 496 3443 L
514 3411 585 3454 1132
612 3406 804 3454 ὑπέμεινον
828 3410 875 3444 M
890 3412 1055 3444 sustinent
1078 3411 1185 3454 ς1134
1206 3379 1350 3459 πράξεῖς
1418 3411 1468 3444 R²
1489 3411 1502 3454 11
1527 3409 1599 3452 lege
1623 3409 1682 3451 13¹,
1705 3409 1811 3452 legem
1833 3409 1883 3444 Β*
1906 3408 1918 3452 11
1941 3411 2052 3452 quam]
2076 3418 2159 3451 quae
2178 3407 2227 3442 Β*
2273 3407 2371 3440 etiam
2396 3406 2481 3448 RV]

280 3454 310 3485 L
326 3453 338 3495 11
357 3454 397 3486 35
422 3452 533 3496 νόμον
556 3457 604 3490 L¹
621 3455 634 3500 11
649 3451 745 3499 ἡμεῖς
767 3456 800 3490 L
825 3455 839 3500 11
861 3458 902 3490 36
926 3454 1013 3502 πρὸς
1036 3453 1247 3504 ἆγγέλληται
1267 3453 1350 3501 ἡμῖν
1417 3458 1450 3489 et
1461 3455 1546 3498 vulq-
1562 3453 1575 3497 fl
1593 3455 1635 3488 25
1651 3455 1766 3488 haberi
1778 3454 1852 3489 RV
1890 3455 1932 3489 26
1947 3453 2095 3487 reuentie
2105 3451 2181 3496 Rq
2199 3452 2260 3484 hoo
2277 3458 2291 3485 t
2333 3452 2375 3486 2⁷
2390 3453 2481 3503 tran-

277 3492 514 3541 ἀφησιούσθω
538 3498 625 3544 πρὸς
648 3502 680 3534 L
1415 3499 1596 3533 condantur
1613 3499 1646 3532 R
1660 3498 1674 3544 11
1692 3501 1735 3534 28
1759 3501 1798 3532 ut
1816 3499 1854 3534 V
1893 3501 1926 3533 in
1946 3511 2013 3534 ras.
2027 3497 2042 3543 Ι
2058 3498 2101 3532 29
2123 3496 2268 3538 iustique
2289 3502 2302 3529 t
2343 3498 2480 3537 mnnita]

281 3561 1340 3572 *Ἢ
1415 3544 1596 3578 constituta
1617 3544 1654 3587 ι11
1671 3543 1712 3585 si]
1736 3544 1783 3578 sio
1804 3543 1885 3578 RVt
1905 3542 1919 3589 11
1945 3545 1984 3578 31
2010 3540 2216 3576 functionum
2240 3540 2445 3573 exactionem
2470 3549 2482 3574 ε

326 3588 341 3620 1
368 3589 401 3619 et
423 3599 481 3619 om.
503 3588 539 3620 V
559 3588 572 3631 11
593 3592 613 3623 2
636 3601 711 3622 nam
730 3593 827 3632 quae]
851 3600 994 3632 namque
1014 3591 1103 3625 R¹V
1120 3601 1197 3624 nam
1220 3601 1284 3634 que
1308 3600 1349 3624 ue
1414 3589 1471 3623 vul
1493 3589 1514 3630 .]
1543 3588 1748 3622 functionem
1772 3588 1966 3622 exhaotione
1987 3587 2023 3621 R
2042 3585 2249 3619 sanationum
2273 3585 2480 3618 exactionum

279 3629 334 3674 1²11
353 3632 372 3664 3
395 3631 545 3673 poteritis
557 3633 603 3665 Β·
623 3633 636 3677 11
651 3637 671 3668 4
696 3635 814 3668 horum
834 3648 892 3670 om.
906 3634 984 3679 R¹fl
1002 3637 1098 3678 quae]
1121 3646 1270 3678 quaeque
1336 3633 1349 3680 11
1416 3632 1455 3668 V
1460 3601 1490 3677 {q
1492 3633 1634 3666 maxima
1647 3633 1808 3666 sustinere
1822 3634 1853 3666 R
1899 3634 1942 3668 32
1961 3630 2122 3665 uiolenta
2133 3628 2211 3675 12¹1
2227 3629 2397 3673 prouintia
2407 3629 2481 3676 R¹u

278 3677 298 3708 5
314 3676 620 3709 amministrationis
635 3675 684 3710 1³⁶
698 3678 711 3722 11
730 3682 750 3713 6
765 3682 886 3721 tamen]
903 3681 1033 3713 tantum
1046 3680 1079 3715 V
1095 3679 1109 3725 11
1124 3679 1348 3714 insinuatione
1415 3679 1458 3714 83
1479 3677 1542 3711 hoo
1566 3685 1579 3712 t
1594 3678 1607 3722 ΙΙ
1621 3679 1692 3721 per]
1711 3686 1773 3721 pro
1793 3677 1843 3711 R·
1888 3675 2050 3710 subiect-s
2071 3676 2103 3707 1⁸
