2618 4010
170 115 226 149 ET
257 113 462 150 NEFARHS
492 114 669 151 NUPTIIS

440 200 457 217 θ

168 216 286 260 δοχῆς·
324 220 355 252 εἰ
384 218 432 263 μὴ
463 218 608 253 δικαίως
641 218 768 254 αὐτοὺς
803 218 955 264 μισήσας
986 217 1004 255 ὁ
1035 219 1153 267 πατὴρ
1186 218 1245 254 διά

167 277 252 296 τινα
271 264 397 308 ἑτέραν
421 263 574 308 νόμιμον
594 262 827 312 πρόςκρουσιν
850 267 911 309 τῆς
935 267 1064 301 οἰκείας
1083 263 1243 300 ἀποκλεί-

167 310 186 343 1
210 311 238 351 ξ
285 320 357 342 σειε
381 307 551 352 διαδοχῆς.
646 311 691 343 Εἰ
714 314 877 357 μέντοιγε
900 315 959 345 καὶ
983 311 1092 358 γάμος
1117 311 1168 354 εἴη
1192 323 1245 345 τις

166 355 282 401 ἕτερος
306 354 563 401 προγενόμενος
591 358 650 389 καὶ
674 353 779 389 οὐδὲν
801 358 854 399 τῷ
880 356 980 401 νόμῳ
1002 356 1243 404 προςκροὺων,

165 403 223 431 καὶ
249 397 372 433 παῖδες
396 401 537 433 ἐκεῖθεν
557 404 731 446 γένοιντο,
755 402 817 434 τὰς
835 404 902 446 μὲν
919 405 1012 447 τρεῖς
1032 406 1157 447 μοίρας
1180 403 1243 435 τοῦ

165 443 291 490 κλήρου
314 447 387 478 τοῖς
407 445 644 487 πανταχόθεν
665 443 861 490 ἀμέμπτως
885 461 924 480 τε
947 451 1006 480 καὶ
1030 446 1243 481 ἀνευθύνως

165 488 506 533 καταλιμπάνεσθαι
530 494 668 531 παισίν,
694 492 724 524 εἰ
740 490 788 535 μή
813 506 848 525 τι
874 490 1152 538 προςκρούσειαν
1171 494 1241 526 ἕτε-

165 547 238 578 ρον,
272 531 361 581 ὅπερ
393 531 518 568 αὐτοὺς
544 533 708 576 ἀναξίους
732 537 792 579 τῆς
822 538 885 571 τοῦ
910 537 1045 583 πατρὸς
1074 536 1164 571 κατὰ
1185 537 1243 570 νό-

162 592 232 622 μον
262 577 420 613 δείκνυσι
453 578 631 623 διαδοχῆς·
664 580 730 624 τὴν
763 581 802 615 δὲ
830 579 1005 633 τετάρτην
1037 587 1109 616 τοῖς
1138 585 1242 617 παισὶ

1256 103 1311 153 97

2121 110 2228 156 Nov.
2259 110 2341 156 ΧΠ
2372 117 2395 155 3

1316 221 1490 256 cessione:
1523 221 1591 256 nisi
1621 221 1713 256 iuste
1746 231 1805 256 eos
1838 222 1919 257 odio
1951 223 2088 259 habens
2119 227 2222 268 pater
2249 230 2395 269 propter

1314 266 1419 300 aliam
1438 266 1615 311 quandam
1634 266 1823 310 legitimam
1844 268 2071 304 offensionem
2093 280 2114 304 a
2139 280 2204 304 sua
2228 270 2395 305 excludat

1314 314 1333 345 1
1380 311 1615 347 successione.
1709 311 1746 346 Si
1776 322 1858 346 vero
1894 313 1999 348 etiam
2032 315 2178 358 nuptiae
2209 315 2279 349 sint
2302 316 2394 350 aliae

1314 356 1412 400 prius
1441 356 1559 392 factae
1589 359 1624 392 et
1655 367 1726 391 non
1758 356 1976 393 offendentes
2007 359 2133 402 legem,
2167 365 2202 394 et
2226 360 2288 394 filii
2312 361 2393 395 inde

1280 407 1298 436 5
1314 402 1484 444 oriantur,
1504 406 1576 436 tres
1593 402 1732 446 quidem
1749 406 1868 445 partes
1885 403 2092 438 hereditatis
2108 405 2263 448 undique
2277 406 2389 440 incul-

1312 447 1490 490 pabilibus
1515 450 1551 481 et
1573 447 1726 481 innoxiis
1751 447 1900 490 relinqui
1924 448 2016 488 filiis,
2044 449 2112 483 nisi
2131 451 2262 493 aliquid
2281 451 2391 485 offen-

1312 491 1397 526 dant
1421 492 1528 533 aliud,
1554 492 1648 536 quod
1666 502 1728 526 eos
1746 492 1909 535 indignos
1934 494 2046 536 patris
2064 497 2256 529 secundum
2280 496 2390 540 legem

1312 538 1538 572 successione
1563 537 1799 580 demonstrat;
1826 542 1990 579 quartam
2014 549 2096 573 vero
2120 540 2200 574 filiis
2225 541 2389 575 iniuriam

1312 582 1452 625 quidem
1482 583 1615 627 passis,
1649 583 1801 616 innoxiis
1827 587 1944 616 tamen
1977 583 2177 627 relinquere
2200 586 2325 628 liceat,
2357 594 2392 621 et

164 627 236 657 τοῖς
255 622 481 669 ὑβρισμένοις
506 629 584 669 μέν,
604 623 828 681 ὶᾶνευθὶυνοις
862 625 901 660 δὲ
929 624 1039 670 ὅμως,
1073 627 1241 671 καταλιμ-
1260 631 1297 662 10
1310 627 1398 671 ipsis
1419 628 1695 672 inculpabilibus
1722 638 1785 671 per
1813 628 1884 662 alia
1912 628 2030 662 omnia
2054 629 2150 663 circa
2180 633 2314 673 patrem
2338 634 2386 665 vi-

165 667 292 703 πάνειν
316 670 459 710 ἐξέστω,
485 675 543 703 καὶ
570 675 687 705 αυτοῖς
708 675 904 715 αμέμπτοις
923 671 968 706 τὰ
991 671 1081 706 ἄλλα
1105 686 1241 706 παντα-

162 712 275 755 χόθεν
312 718 393 759 περὶ
430 716 496 749 τὸν
530 720 670 762 πατέρα
703 719 948 762 φαινομένοις·
986 716 1121 759 δηλαδὴ
1157 730 1241 762 προ-

126 765 131 771 ”
163 759 408 804 εξαιρουμένης
433 763 470 794 ἐκ
493 762 553 804 τῆς
577 761 750 808 πατρῴας
768 766 972 808 περιουσίας
991 764 1052 804 τῆς
1071 760 1241 807 τετάρτης

162 809 301 849 μοίρας,
331 802 376 848 ἣν
399 807 452 849 τῷ
479 805 637 862 δημρσίῳ
663 805 836 840 δίδοσθαι
860 805 1133 860 προςετάξαμεν.
1182 810 1240 840 Δί-

163 848 270 893 δομεν
308 848 347 883 δὲ
377 850 493 885 αὐτοῖς
522 865 585 885 ουκ
615 855 652 885 ἐκ
688 850 863 905 διαᾷήκης
896 864 1043 904 μονὶηςκ
1061 851 1150 886 ἀλλὰ
1181 855 1240 885 καὶ
1258 857 1295 887 15
1310 853 1387 887 fieri
1416 853 1574 889 heredes.

162 895 199 933 ἐξ
233 893 431 929 ἀδιαθέτου
463 898 540 930 τῶν
579 910 849 944 γεγεννηκοτων
883 910 975 930 κατα
1010 911 1073 931 τον
1109 900 1239 943 ὲζιιπρο-

162 941 256 982 σ-ιιζεν
287 938 371 985 ἡμῖν
402 942 588 988 εἰρημένον
618 939 755 989 τρόπον
785 942 957 988 γίνεσθαι
993 942 1239 987 κληρονόμους.

161 987 224 1031 <Ζ>
277 983 412 1020 Ταῦτοῦ
436 986 565 1021 τούτου
593 988 825 1034 κρατοῦντος,
858 988 889 1020 εἰ
912 991 972 1020 καὶ
997 988 1087 1030 μετὰ
1112 986 1153 1021 τὸ
1173 986 1240 1029 τὴν

162 1034 341 1078 προτέρα-ν
356 1028 651 1086 ἀποπεζαψασᾷαι
674 1030 833 1078 γαμετὴν
853 1031 920 1086 τήν
939 1030 1125 1076 ἀθεμίτοις
1139 1030 1238 1075 αὐτῷ

447 1077 456 1087 ἶ
491 1080 498 1087 1
802 1078 808 1084 “

161 1078 413 1131 συναφᾷεῖσαν
437 1090 701 1129 ετερανριγοιτο
724 1091 815 1110 κατα
839 1090 951 1130 νυμον
971 1081 1133 1131 γυναῖκα
1158 1081 1239 1112 παί-
1254 1081 1295 1112 20
1309 1089 1403 1113 mus:
1449 1078 1531 1113 dote
1567 1079 1696 1123 quippe
1733 1080 1959 1123 praecedenti
1994 1081 2133 1116 mulieri
2169 1082 2296 1117 danda.

162 1121 239 1155 δων
264 1135 362 1165 αυτῳ
394 1125 453 1155 καὶ
478 1125 516 1155 ἐκ
546 1133 607 1164 της
639 1125 814 1179 προτέρας
846 1136 968 1157 οντων
998 1126 1057 1156 καὶ
1088 1135 1240 1167 υστερον

162 1169 198 1199 ἐκ
220 1168 280 1209 τῆς
299 1171 449 1211 νομίμου
471 1170 687 1213 γενομένων.
735 1166 830 1201 ου’τω
849 1166 917 1215 γὰρ
940 1167 1007 1202 τὸν
1025 1169 1240 1213 ἔμπροσθεν

161 1211 289 1256 χρόνον
311 1213 356 1254 τῆ
389 1211 656 1257 φιλανθρωπίᾳ
686 1212 893 1257 νικήσομεν·
930 1215 991 1256 τῆς
1015 1212 1158 1258 προικὸς
1183 1211 1239 1255 δη-

161 1255 248 1299 λαδὴ
263 1258 311 1309 τῇ,
327 1247 514 1304 ἆποστάσῃ
531 1261 672 1304 γυναικὶ
688 1256 882 1311 διδομένης.
918 1260 964 1292 Εἰ
981 1257 1020 1292 δὲ
1033 1258 1081 1311 μὴ
1095 1258 1168 1313 ’,τὴνῗ
1178 1272 1239 1305 γα-

1311 673 1375 716 sis3
1397 673 1534 708 scilicet
1554 679 1792 717 praeexcepta
1811 683 1855 707 ex
1875 678 2026 717 paterna
2046 675 2245 710 substantia
2265 684 2392 720 quarta

1311 722 1423 761 parte,
1450 728 1554 762 quam
1577 718 1664 753 fisco
1690 718 1768 752 dari
1798 719 2054 762 praecepimus.
2105 719 2240 755 Damus
2273 726 2390 756 autem

1312 763 1360 797 eis
1385 773 1457 797 non
1481 774 1525 798 ex
1548 765 1761 798 testamento
1787 763 1883 805 solo,
1916 764 1979 799 sed
2004 764 2110 798 etiam
2142 767 2186 801 ab
2219 766 2388 801 intestato

1310 809 1507 848 genitorum
1540 809 1732 844 secundum
1762 809 1859 853 prius
1893 819 1915 843 a
1951 810 2053 844 nobis
2084 810 2217 844 dictum
2248 811 2389 845 modum

1634 854 1713 889 Hoc
1744 854 1866 889 eodem
1900 854 2053 896 valente,
2094 856 2123 890 si
2155 857 2261 890 etiam
2292 862 2390 900 post—

1310 908 1415 941 quam
1444 899 1543 942 prius
1576 899 1746 934 dimiserit
1777 899 1963 943 coniugem
1993 900 2128 935 inceste
2153 901 2219 935 sibi
2245 902 2388 946 copula-

1308 947 1399 984 tam,
1425 943 1572 978 alteram
1597 944 1737 979 duxerit
1760 945 1954 979 secundum
1978 945 2089 988 legem
2114 957 2277 987 uxorem,
2308 947 2388 981 filiis

1310 988 1341 1022 ei
1373 992 1408 1022 et
1438 998 1482 1022 ex
1514 989 1632 1032 priore
1664 989 1897 1025 existentibus
1930 993 1966 1025 et
2000 995 2125 1034 postea
2157 1002 2201 1025 ex
2237 992 2391 1035 legitima

1308 1033 1516 1076 procreatis.
1565 1034 1624 1068 Sic
1649 1035 1741 1068 enim
1772 1035 1871 1079 prius
1903 1038 2042 1080 tempus
2068 1037 2254 1071 clementia
2280 1037 2388 1071 vinci-

2353 1083 2391 1116 Si

1309 1128 1427 1157 autem
1459 1134 1606 1158 uxorem
1640 1135 1711 1158 non
1736 1124 1908 1160 dimiserit
1930 1125 2026 1160 intra
2058 1126 2148 1162 duos
2180 1138 2312 1169 annos,
2346 1139 2390 1162 ex

1309 1178 1378 1211 quo
1403 1168 1461 1202 lex
1492 1169 1636 1213 publice
1658 1170 1766 1203 fuerit
1789 1170 1989 1213 insinuata,
2023 1176 2058 1205 et
2087 1172 2163 1216 ipse
2196 1173 2300 1207 cadat
2325 1184 2390 1207 sua

1309 1214 1510 1248 substantia
1550 1217 1586 1248 et
1627 1215 1753 1249 mulier
1789 1215 1887 1255 dote,
1930 1221 1965 1250 et
2001 1218 2067 1251 sub
2109 1218 2293 1261 praedicta
2327 1219 2390 1252 fiat

1309 1269 1443 1303 poena3
1489 1260 1649 1303 talesque
1686 1259 1749 1293 filii
1793 1260 1881 1294 nihil
1918 1271 1962 1294 ex
2003 1265 2151 1304 paterna
2188 1264 2391 1298 substantia

158 1301 269 1355 μετην
291 1305 550 1347 αποπέμψαιτο
572 1305 750 1337 ἐνιαυτῶν
767 1305 852 1337 εἰσω
875 1304 1025 1356 duprum
1042 1318 1091 1350 αφ
1129 1318 1240 1349 ουπερ
1254 1307 1294 1338 25
1309 1304 1494 1339 habebunt
1523 1314 1638 1348 neque
1669 1310 1830 1340 materna
1862 1305 1954 1340 dote.
2004 1307 2072 1340 Sed
2104 1307 2134 1341 si
2165 1308 2304 1351 quidem
2333 1310 2388 1342 fu-

159 1346 177 1378 o
201 1358 308 1390 νομος
324 1345 476 1391 δημοσίᾳ
496 1351 636 1394 γένοιτο
661 1347 823 1396 φανερός,
846 1347 950 1383 αὐτος
973 1363 1012 1383 τε
1033 1351 1238 1384 ἐκπιπτέτω

157 1392 217 1433 τῆς
252 1389 360 1426 αὑτοῦ
390 1390 594 1438 περιουσίας
624 1397 682 1427 καὶ
714 1391 734 1437 ἡ
766 1393 855 1440 γυνὴ
893 1395 952 1438 τῆς
983 1394 1145 1440 προικός,
1179 1397 1239 1428 καὶ

160 1434 226 1470 ὑπὸ
250 1435 316 1480 τὴν
346 1438 534 1483 εἰρημένην
564 1440 729 1484 γινέσθω
759 1437 899 1482 ποινήν.
947 1441 985 1473 οἵ
1011 1454 1051 1474 τε
1081 1441 1237 1474 τοιοῦτοι

159 1480 281 1523 παῖδες
321 1480 426 1517 οὐδὲν
462 1485 500 1516 ἐκ
535 1488 597 1529 τῆς
634 1482 806 1529 πατρῴας
845 1489 1048 1531 περιουσίας
1087 1485 1237 1526 ἕξουσιν,

161 1531 183 1561 Η
244 1525 326 1561 οὐδὲ
358 1527 429 1572 μὴν
464 1529 525 1571 τῆς
563 1528 919 1576 μητριρας,προικός.
972 1527 1067 1564 Ἀλλ’
1107 1531 1138 1564 εἰ

158 1572 228 1606 εἷεν
262 1575 300 1606 ἐκ
339 1576 527 1620 προτέρων
561 1574 689 1621 γάμων
723 1571 942 1610 ἀνευθύνων
978 1574 1102 1611 παῖδες
1137 1576 1236 1618 αυτῷ

156 1617 351 1662 γενόμενοι,
380 1620 508 1653 ἐκεῖνοι
537 1619 581 1653 τιὶ
607 1619 799 1666 πράγματα
825 1620 1020 1665 λήψονται,
1049 1619 1148 1667 παρὰ
1172 1620 1238 1663 τὴν

158 1666 317 1707 quartam
348 1662 483 1707 δηλαδὴ
504 1668 635 1711 μοῖραν
655 1665 722 1708 τὴν
747 1667 793 1699 εἰς
817 1665 858 1700 τὸ
888 1665 1061 1710 δημόσιον
1093 1668 1237 1712 φερομέ-

157 1721 241 1752 νην·
276 1706 500 1749 αὐτεξούσιοί
531 1724 570 1743 τε
603 1710 785 1765 γινόμενοι
818 1715 878 1745 καὶ
909 1711 975 1746 τὸν
1000 1715 1139 1766 πατέρα
1162 1714 1237 1757 τρέ-

1310 1349 1400 1383 erint
1426 1360 1468 1384 ex
1497 1350 1678 1394 prioribus
1712 1351 1846 1394 nuptiis
1871 1350 2025 1386 innoxiis
2049 1351 2113 1386 filii
2142 1353 2173 1387 ei
2197 1355 2389 1396 procreati,

1308 1395 1358 1429 illi
1379 1405 1436 1429 res
1462 1395 1645 1439 accipiunt
1669 1400 1765 1438 (post
1787 1400 1949 1438 quartam
1971 1397 2103 1440 quippe
2127 1402 2274 1441 partem,
2300 1410 2390 1443 quae

1308 1440 1353 1474 ad
1385 1440 1511 1475 fiscum
1544 1440 1734 1482 defertur),
1776 1451 1863 1475 suae
1900 1443 2089 1486 potestatis
2118 1443 2232 1477 effecti
2262 1449 2297 1477 et
2326 1455 2390 1487 pa-

1307 1488 1398 1520 trem
1436 1486 1573 1520 alentes
1613 1489 1648 1520 et
1690 1486 1795 1520 aliam
1831 1487 1862 1520 ei
1905 1487 2116 1530 praebentes
2155 1488 2390 1523 sufficientem

1199 1532 1293 1564 ὲνῑῐο
1309 1530 1547 1573 sanationem,
1583 1531 1677 1565 sicut
1709 1531 1968 1575 praediximus3
2005 1532 2087 1567 dote
2119 1534 2225 1567 etiam
2253 1534 2312 1568 hic
2336 1535 2390 1568 in-

1309 1581 1428 1611 cestae
1453 1576 1612 1620 coniugis
1634 1577 1701 1611 sub
1726 1576 1812 1611 fisco
1841 1577 2015 1612 facienda.
2066 1577 2103 1611 Si
2127 1589 2208 1613 vero
2234 1580 2296 1613 filii
2321 1591 2391 1614 non

1309 1622 1380 1656 sint
1405 1632 1449 1656 ex
1471 1622 1649 1665 prioribus
1682 1621 1961 1665 inculpabilibus
1990 1623 2124 1666 nuptiis
2154 1624 2243 1658 haec
2273 1626 2391 1668 agenti

1308 1667 1506 1711 procreati,
1540 1671 1626 1701 tunc
1657 1668 1766 1702 totius
1792 1667 1868 1701 eius
1893 1668 2114 1702 substantiae
2139 1668 2300 1704 dominus
2325 1671 2392 1704 erit

1307 1712 1426 1746 fiscus.
1474 1712 1552 1746 Hoc
1589 1712 1681 1746 enim
1717 1713 1822 1746 etiam
1854 1712 1889 1746 in
1922 1717 2050 1756 postea
2085 1714 2300 1749 nubentibus
2338 1716 2389 1749 in-

158 1766 284 1799 ψοντες
318 1757 376 1788 καὶ
415 1753 483 1797 την
521 1753 632 1796 ἄλλην
672 1758 770 1800 αυτῷ
811 1760 1044 1811 παρέχοντεςἡ
1059 1757 1294 1809 αρκοῦσαν35
1309 1762 1405 1792 ceste
1442 1758 1675 1800 sancivimus,
1709 1758 1775 1792 sub
1816 1761 1883 1799 [ea]
1921 1758 2137 1802 aequalitate
2174 1770 2238 1804 per
2274 1761 2391 1796 onmia

159 1800 372 1845 θεραπείαν,
409 1799 509 1833 καθὰ
545 1798 756 1846 φθάσαντες
791 1803 947 1848 εὶπομεν.
1002 1814 1062 1845 της
1093 1814 1239 1847 προικος

155 1843 354 1887 Ξάνταῦθα
385 1846 446 1888 τῆς
480 1843 658 1889 ἀθεμίτου
688 1846 855 1893 γυναικὸς
889 1845 960 1883 ὑπὸ
993 1846 1034 1881 τὸ
1068 1845 1242 1892 δημόσιον

158 1891 184 1925 Θ
230 1892 423 1945 γινομένης.
472 1891 517 1924 Εἰ
539 1894 703 1938 μέντοιγε
734 1891 859 1927 παῖδες
891 1890 953 1926 οὐκ
984 1893 1056 1926 εἶεν
1083 1895 1121 1926 ἐκ
1153 1906 1238 1939 προ-

158 1939 274 1982 τέρων
295 1938 494 1980 αμέμπτων
516 1934 644 1989 γάμων
668 1938 722 1980 τῷ
747 1939 863 1990 τάὗτα
893 1937 1072 1985 πράξαντι
1096 1937 1238 1992 γενόμε-

157 1995 232 2022 νοι,
263 1994 459 2023 τηνικαυτα
490 1984 551 2025 τῆς
586 1994 701 2025 πασης
733 1984 842 2016 αυτοῦ
877 1987 1081 2028 περιουσίας
1116 1998 1239 2035 κυριον
1252 1987 1295 2018 40
1333 2022 1335 2028 ‚

157 2029 258 2059 ἔσται
283 2025 325 2060 τὸ
349 2024 529 2070 δημόσιον.
577 2029 685 2061 τοῦτο
715 2027 784 2074 γὰρ
808 2026 853 2071 δὴ
875 2032 934 2062 καὶ
962 2030 1021 2062 ἐπὶ
1046 2030 1124 2062 τῶν
1146 2042 1237 2073 μετα

158 2072 270 2105 ταῦτα
293 2070 509 2118 γαμούντων
532 2069 694 2116 ἀθέμιτα
721 2070 1073 2118 νενομοθετήκαμεν,
1103 2075 1142 2107 ἐν
1170 2074 1237 2116 ἴσῳ

155 2152 174 2185 l
223 2149 331 2184 aliam
365 2150 547 2195 quandam
580 2152 774 2203 leqitimam
807 2152 983 2197 offensam
1014 2164 1082 2188 sua
1111 2154 1338 2188 successione
1369 2154 1576 2190 excluserit.

1680 2154 1819 2198 Quodsi
1852 2168 1946 2202 quae
1977 2158 2084 2193 etiam
2117 2158 2212 2193 aliae
2241 2160 2389 2204 nuptiae

154 2196 437 2241 praecesserint,
471 2206 564 2241 quae
585 2196 656 2242 leyz
682 2207 754 2231 non
779 2203 999 2242 repigritent,
1032 2202 1142 2242 atque
1163 2198 1269 2233 liberi
1289 2198 1373 2232 inde
1396 2200 1475 2233 nati
1498 2200 1590 2241 sint,
1623 2204 1695 2235 tres
1719 2201 1862 2252 quidem
1881 2207 2011 2247 partes
2034 2202 2245 2238 hereditatis
2269 2204 2390 2239 liberis

156 2240 304 2275 crimine
343 2246 377 2275 et
413 2240 519 2285 culpa
556 2242 701 2276 omnino
738 2241 945 2275 carentibus
979 2242 1243 2287 relinquantur,
1287 2243 1358 2276 nisi
1394 2243 1483 2288 quid
1518 2244 1619 2278 aliud
1655 2245 1889 2290 deliquerint,
1926 2247 2026 2292 quod
2058 2248 2160 2293 ipsos
2194 2249 2388 2284 secundum

158 2285 270 2330 ieqem
302 2289 464 2330 paterna
500 2286 725 2320 successione
765 2285 935 2330 indiqnos
971 2287 1160 2327 ostendat;
1202 2291 1369 2331 quartam
1401 2298 1485 2322 vero
1523 2289 1644 2323 liberis
1679 2291 1849 2324 iniuriam
1885 2292 2027 2336 quidem
2061 2294 2205 2338 passis,
2242 2294 2306 2329 sed
2335 2295 2388 2328 in-

158 2329 321 2364 sontibus
353 2329 558 2374 relinquere
597 2330 721 2371 liceat,
765 2330 827 2374 qui
863 2330 1005 2374 quidem
1041 2335 1074 2365 et
1112 2331 1184 2376 ipsi
1218 2333 1255 2365 in
1292 2331 1419 2366 ceteris
1454 2333 1551 2367 omni
1587 2334 1684 2368 circa
1717 2340 1860 2379 patrem
1897 2336 2004 2381 culpa
2041 2343 2190 2372 careant
2199 2350 2211 2372 .·
2253 2339 2389 2374 seilicet

159 2377 313 2419 excepta
338 2374 446 2419 prius
481 2385 531 2408 ex
565 2374 668 2408 bonis
692 2374 863 2420 paternis
888 2379 1021 2419 quarta
1054 2381 1186 2420 parte,
1222 2386 1331 2420 quam
1363 2377 1454 2420 fisco
1491 2377 1576 2412 dari
1606 2378 1783 2413 iussimus.
1842 2380 2075 2416 Concedimus
2107 2387 2225 2417 autem
2255 2383 2317 2425 iis,
2348 2390 2388 2418 ut

160 2429 232 2452 non
255 2418 371 2452 solum
396 2429 445 2452 ex
470 2422 698 2460 testamento,
731 2418 795 2453 sed
818 2418 924 2453 etiam
949 2419 993 2454 ab
1017 2419 1188 2454 intestato
1212 2420 1407 2455 seeundum
1438 2421 1582 2456 modum
1607 2435 1628 2457 a
1652 2423 1756 2458 nobis
1779 2431 1886 2459 antea
1915 2424 2048 2459 dictum
2072 2427 2275 2472 qenitorum
2295 2429 2388 2472 fiant

160 2462 315 2498 heredes,
349 2463 466 2508 Atque
481 2462 549 2497 hoc
564 2463 656 2498 idem
673 2463 791 2498 valeat
813 2463 920 2498 etiam
939 2464 970 2498 si
987 2469 1117 2510 postea
1135 2475 1242 2509 quam
1260 2466 1425 2511 priorem
1445 2467 1631 2513 coniuqem
1650 2468 1783 2503 inceste
1802 2469 1875 2514 ipsi
1891 2469 2049 2505 iunctam
2066 2471 2211 2513 dimisit,
2236 2473 2387 2507 alteram

159 2508 268 2542 ducat
291 2508 484 2542 secundum
509 2508 621 2554 leqem
645 2519 818 2549 uxorem,
847 2508 968 2543 liberis
992 2510 1024 2544 ei
1054 2514 1124 2544 tam
1153 2521 1202 2544 ex
1220 2510 1350 2561 priore
1374 2511 1470 2545 natis
1493 2523 1601 2556 quam
1621 2518 1751 2558 postea
1775 2525 1824 2548 ea·
1849 2513 2008 2559 leqitima
2031 2527 2150 2551 uxore
2168 2518 2385 2562 proqenitis.

164 2552 220 2587 lta
244 2552 336 2587 enim
355 2553 464 2598 prius
490 2557 628 2599 tempus
651 2552 875 2588 humanitate
899 2553 1101 2595 vineemus;
1129 2559 1170 2589 ut
1193 2555 1359 2589 nimirum
1386 2555 1452 2590 dos
1479 2557 1620 2592 mulieri
1644 2563 1798 2593 exactae
1820 2559 2005 2594 reddatur.
2054 2560 2095 2595 Si
2124 2573 2206 2596 vero
2233 2571 2386 2597 uxorem

160 2609 232 2631 non
257 2597 431 2632 dimiserit
453 2598 549 2632 intra
574 2598 753 2633 biennium
777 2609 826 2633 ex
850 2609 921 2643 quo
946 2598 1035 2634 baec
1059 2599 1121 2634 lex
1143 2599 1328 2645 publicata
1351 2600 1486 2645 fuerit,
1511 2606 1546 2636 et
1572 2603 1649 2648 ipse
1674 2603 1776 2637 bonis
1799 2604 1875 2638 suis
1899 2609 2058 2640 eoeuatur
2081 2610 2114 2640 et
2139 2607 2268 2641 nzulier
2291 2608 2386 2647 dote,

160 2647 268 2687 atque
283 2653 423 2688 poenae
440 2653 554 2688 supra
573 2642 690 2678 (lictae
704 2643 921 2677 subiciatur:
944 2648 979 2690 et
994 2643 1200 2679 leuiusmodi
1221 2645 1324 2679 liberi
1344 2645 1436 2680 nillil
1450 2657 1499 2681 ex
1517 2648 1681 2692 paternis
1699 2648 1802 2683 bonis
1816 2648 2005 2691 nabebunt,
2027 2662 2093 2686 nee
2107 2652 2222 2697 maqis
2238 2664 2288 2687 ea·
2304 2653 2387 2687 dote

160 2692 330 2722 materna.
380 2687 453 2722 Sed
474 2689 509 2722 si
526 2688 668 2733 quictem
692 2699 742 2723 ex
761 2688 948 2734 prioribus
971 2689 1140 2735 leqitimis
1164 2690 1301 2735 nuptiis
1322 2690 1424 2724 liberi
1448 2691 1480 2725 ei
1502 2693 1689 2738 presseram*
1707 2693 1799 2735 sint,
1830 2694 1884 2728 illi
1908 2694 2003 2729 bona
2027 2696 2216 2742 accipient,
2238 2703 2387 2742 praeter

161 2736 327 2777 quartam
350 2732 487 2767 scilicet
502 2738 648 2779 partem
674 2733 723 2768 ad
745 2734 873 2778 fiscum
899 2733 1156 2812 deserendam;
1188 2739 1229 2770 ut
1257 2734 1315 2769 sui
1346 2735 1437 2770 iuris
1457 2736 1552 2780 fiant
1572 2742 1606 2772 et
1622 2742 1769 2783 patrem
1794 2738 1897 2774 alant
1928 2750 1972 2774 ac
2003 2740 2181 2786 reliquum
2206 2743 2241 2777 ei
2263 2754 2386 2777 euram

160 2777 399 2822 sufficientem
438 2782 644 2824 praestent,
682 2778 783 2825 sicut?
809 2783 892 2813 ante
949 2779 1100 2814 iacimus:
1144 2779 1281 2830 desque
1312 2780 1468 2815 incestae
1497 2782 1663 2828 coniuqiS
1696 2783 1748 2818 ita
1778 2794 1923 2830 quoque
1957 2785 1995 2819 in
2025 2786 2153 2830 fiscum
2184 2787 2385 2833 rediqatur.

158 2821 294 2864 Quodsi
314 2823 350 2857 ei
367 2822 430 2868 qui
453 2822 541 2858 haec
566 2823 751 2865 commisit,
776 2823 879 2858 liberi
902 2835 975 2858 non
998 2824 1070 2858 sint
1093 2836 1143 2860 ex
1160 2825 1349 2870 prioribus
1369 2824 1538 2870 leqitimis
1561 2828 1709 2873 nuptiis,
1735 2831 1819 2863 tunc
1844 2829 2000 2864 omnium
2023 2831 2100 2865 eius
2125 2832 2300 2867 bonorum
2324 2832 2385 2867 do-

159 2866 274 2901 minus
297 2867 365 2902 erit
385 2868 505 2912 fiscus.
555 2868 649 2902 Nam
675 2868 744 2903 Ιιοο
765 2868 907 2913 quidem
930 2869 1037 2903 etiam
1061 2869 1105 2904 de
1129 2870 1174 2903 iis
1202 2870 1263 2915 qni
1282 2869 1441 2915 postltac
1464 2870 1619 2906 incestas
1643 2873 1791 2918 nuptias
1815 2875 2040 2909 contracturi
2063 2876 2153 2918 sint,
2185 2879 2384 2917 sanximus

204 2961 222 2991 2
254 2955 406 3002 νόμιμον
430 2973 486 2991 om.
513 2960 543 2991 A
576 2959 587 3002 Η
615 2959 755 3000 οἰκείας]
787 2957 878 2992 ἰδίας
901 2962 931 2992 A
959 2960 970 3003 Η
1001 2959 1234 2994 *ἀποκλείσω

161 3004 270 3036 MLB
294 3001 488 3044 ἀποκλείση
502 3006 531 3036 Α
548 3003 560 3047 Η
580 3007 598 3036 3
624 3004 676 3045 εἴη
700 3016 753 3037 τις
776 3005 904 3050 ἔτερος]
930 3004 982 3046 εἴη
996 3006 1056 3045 Aa,
1084 3007 1143 3038 ἐπὶ
1164 3006 1234 3038 ἑτέ-

159 3059 242 3091 ροις,
263 3061 355 3081 eraso
380 3049 431 3090 εἴη
447 3048 491 3081 A⁶
508 3048 519 3093 Η
539 3052 558 3082 4
583 3046 866 3094 προσγενόμενος
881 3050 980 3082 LAB
997 3050 1008 3093 Η
1027 3053 1087 3082 καὶ
1101 3064 1157 3083 om.
1172 3051 1202 3083 A
1225 3050 1236 3095 Η

1304 2974 1361 2993 om.
1383 2962 1433 2993 La
1452 2961 1463 3004 Η
1480 2964 1520 2995 37
1546 2960 1612 2995 τὸν
1636 2960 1809 3016 δημόσιον
1832 2966 1901 2997 ΑΒ
1920 2965 1990 3007 1133
2016 2966 2086 2999 εἷεν
2113 2968 2200 3008 MB]
2225 2965 2269 3010 ὴν
2293 2969 2333 3000 ἐν
2359 2970 2384 3001 Ι,

1824 3011 1830 3020 e

1303 3006 1394 3038 εἰσὶν
1414 3007 1445 3038 A
1470 3005 1482 3050 ΙΙ
1510 3007 1549 3039 ἐκ
1573 3011 1736 3053 προτέρω
1762 3022 1938 3051 αμεμπτω
1960 3008 2065 3056 γάμω
2091 3013 2121 3044 L
2149 3011 2164 3067 Η
2185 3015 2384 3060 προτέρων]

159 3097 177 3125 5
216 3090 347 3126 παῖδας
376 3093 519 3126 ἐκεῖθεν
551 3097 649 3136 σχοίη
678 3095 708 3126 A
739 3095 750 3135 ΙΙ
778 3097 797 3128 6
828 3107 866 3127 τε
895 3102 923 3127 et
954 3097 970 3126 7
1005 3108 1041 3127 τι
1066 3108 1123 3128 om.
1153 3095 1196 3128 B¹
1225 3097 1235 3138 ΙΙ

158 3142 176 3171 7
203 3134 507 3182 *προσκρούσειεν
530 3139 647 3171 MBlA
673 3135 952 3184 προσκρούσωεν
972 3140 1022 3172 ΒΓ
1039 3137 1234 3185 προσκρού-

157 3194 236 3216 σιεν
263 3184 292 3215 L
311 3182 359 3226 119
383 3185 455 3215 τοῖς
479 3196 535 3216 οηι.
562 3184 592 3215 A
609 3183 620 3227 Η
643 3186 677 3217 11
706 3182 899 3226 ἀμέμπτως
920 3185 949 3216 L
966 3184 978 3227 Η
997 3183 1235 3226 πανταχόθεν

158 3242 217 3261 om.
243 3229 273 3260 A
301 3227 313 3272 Η
346 3230 383 3261 12
421 3230 636 3272 φαινομένης
661 3231 690 3261 L
720 3229 731 3272 Η
761 3230 989 3272 φαινομένοις
1020 3226 1154 3271 δηλαδὴ
1176 3244 1233 3262 om.

165 3273 228 3317 11!ss
246 3272 575 3318 προεξαιρουμέιόις
600 3275 635 3306 Β
660 3273 671 3317 Η
701 3277 740 3307 13
765 3273 836 3314 τῆς]
866 3273 926 3314 τῆς
948 3286 987 3306 τε
1015 3274 1060 3306 ΒῙ
1081 3274 1091 3317 ΙΙ
1113 3278 1150 3308 15
1177 3271 1234 3307 αὖ·

158 3320 231 3351 τοῖς
254 3319 357 3359 LBc]
389 3315 515 3350 αὐτοὺς
539 3319 585 3350 M
610 3315 728 3351 αὐτοῖς
743 3318 922 3363 νέξ-ὀυσίαν
945 3319 976 3351 A
1005 3319 1016 3362 Η
1045 3317 1119 3360 οὐκ]
1152 3316 1231 3361 οὐχ’

157 3360 202 3404 ἣν
223 3364 269 3396 L¹
301 3360 377 3405 οὐχὶ
398 3363 445 3396 L2
474 3363 486 3406 Η
517 3365 557 3397 18
588 3360 693 3396 ταῦτ’
721 3365 784 3396 οὐν
808 3358 920 3395 οὕτως
943 3364 1145 3408 κρατοῦντα
1170 3366 1200 3398 A
1223 3363 1235 3408 Η

158 3409 200 3440 τὸ
224 3421 281 3442 om.
296 3409 327 3441 L
346 3407 358 3452 Η
374 3406 439 3450 τὴν
464 3409 656 3454 προτέραν]
682 3409 773 3450 prius
797 3421 815 3443 ς
831 3407 842 3451 Η
862 3409 903 3441 20
928 3405 1059 3453 ἄγητο
1082 3410 1128 3442 L¹
1151 3407 1232 3455 ἀγά-

158 3465 258 3498 γοιτο
281 3454 316 3486 Β
338 3453 350 3496 Η
383 3455 421 3486 21
458 3450 564 3486 αὐτοῦ
593 3454 622 3485 L
648 3454 659 3494 ΙΙ
684 3455 725 3486 22
756 3455 906 3495 νομίμης
928 3454 963 3485 Β
991 3453 1002 3498 Η
1034 3456 1074 3487 213
1102 3454 1145 3500 τῇ
1175 3469 1232 3487 om.

160 3499 228 3531 LB
247 3499 259 3541 Η
275 3500 315 3532 25
345 3494 534 3543 ἀποπεμψι
557 3497 598 3530 τὸ
621 3496 761 3530 ἑνιαῦτὸ
786 3499 812 3530 L
830 3497 841 3541 Η
861 3498 999 3530 duorum
1026 3500 1082 3540 M]
1107 3497 1170 3532 δύο
1196 3501 1236 3532 M

158 3558 183 3575 x.
209 3556 249 3585 v.,
273 3543 359 3584 AB,
387 3540 473 3576 δύον
505 3546 543 3586 (ι’ὐ
564 3557 588 3576 e.
615 3540 724 3580 δυῶν)
750 3543 780 3574 L
811 3543 822 3584 Η
851 3543 892 3575 26
922 3544 1062 3586 γένοιτο
1088 3557 1144 3578 om.
1170 3546 1199 3577 A
1224 3544 1235 3588 Η

160 3590 201 3620 29
226 3585 346 3621 οὐσίας
366 3590 397 3621 Α
420 3588 432 3631 Η
459 3591 496 3622 31
525 3587 585 3630 ἦεν
611 3588 666 3620 Ma
690 3589 701 3630 Η
721 3585 843 3620 αὐτων
865 3588 895 3619 L
915 3586 926 3630 Η
944 3589 984 3621 32
1012 3587 1121 3642 παρὰ]
1146 3588 1236 3633 μετὰ

162 3634 210 3668 As
237 3631 249 3677 ΙΙ
281 3635 322 3667 33
354 3636 504 3674 quartam
530 3635 569 3665 M
597 3635 749 3674 quartum
773 3632 819 3664 B!
844 3634 874 3664 in
901 3646 972 3674 mq,
996 3646 1171 3677 τεταρτην
1198 3634 1241 3666 M

160 3691 185 3710 s.
203 3691 242 3719 vi,
267 3678 368 3713 LAB
387 3677 399 3723 Η
416 3680 457 3713 34
483 3691 520 3713 τε
543 3692 598 3712 om.
614 3679 642 3710 A
659 3677 670 3723 Η
689 3673 871 3724 γενόμείὀι
894 3678 1020 3711 MaLB
1039 3678 1050 3724 Η
1068 3681 1107 3713 35
1135 3677 1232 3722 αὐτῷ

1304 3047 1465 3096 πρώτων
1490 3052 1525 3084 Β
1541 3052 1552 3093 Η
1571 3055 1610 3085 41
1638 3055 1758 3093 τοῦτο]
1784 3055 1913 3088 τοῦτον
1937 3057 1984 3096 L;
2012 3057 2072 3099 [οφ.
2097 3055 2232 3090 ταυτὸῗ

1352 3110 1366 3140 1
1382 3107 1467 3139 iuste
1483 3118 1536 3139 eos
1548 3109 1580 3141 R
1594 3102 1680 3151 vulg).
1696 3121 1749 3141 eos
1762 3111 1848 3143 iuste
1864 3104 1901 3150 Τ,
1920 3123 1972 3144 eos
1985 3126 2042 3145 om.
2057 3115 2084 3145 V
2100 3114 2111 3156 Η
2127 3118 2220 3155 pater
2234 3128 2291 3147 om.
2306 3115 2339 3146 R
2349 3107 2384 3159 ΙἨ

1303 3153 1322 3185 2
1356 3153 1533 3184 offensione
1558 3153 1590 3185 R
1618 3153 1629 3196 Η
1659 3156 1680 3187 4
1712 3155 1818 3187 factae
1843 3157 1936 3197 prius
1958 3158 1990 3190 V
2020 3156 2031 3200 Η
2065 3160 2083 3190 8
2115 3169 2191 3190 vero
2216 3172 2273 3191 om.
2299 3159 2348 3190 R¹
2373 3163 2384 3202 Η

1304 3199 1323 3229 9
1348 3199 1478 3229 tantum
1501 3198 1608 3230 RVT
1629 3197 1640 3242 Η
1666 3201 1702 3232 11
1731 3204 1865 3241 excepta
1888 3201 1937 3233 R¹
1957 3201 1968 3245 Η
1990 3204 2026 3235 12
2052 3203 2123 3234 dari
2147 3205 2253 3246 suppl.
2276 3204 2327 3237 V²
2351 3207 2381 3237 in

1304 3250 1388 3284 spat.
1405 3255 1473 3275 vae.
1493 3241 1505 3285 ΙΙ
1521 3244 1746 3285 praecepimus
1767 3246 1811 3285 V]
1830 3247 2050 3289 praecipimus
2065 3248 2132 3279 BT
2144 3249 2227 3289 vulq.
2244 3249 2255 3291 Η
2278 3250 2317 3282 13
2342 3249 2383 3281 ab

1305 3300 1362 3320 om.
1389 3287 1435 3319 12¹
1460 3286 1471 3330 ΙΙ
1498 3288 1666 3329 intestato]
1698 3289 1946 3323 intestatmento
1977 3291 2025 3323 sol
2056 3292 2117 3332 (sol
2143 3285 2203 3326 del]
2231 3294 2292 3335 R2)
2316 3295 2349 3329 R
2372 3294 2382 3340 ΙΙ

1308 3334 1346 3364 15
1371 3332 1432 3363 hoc
1457 3332 1543 3363 idem
1568 3333 1711 3378 RV¹Tn
1737 3337 1770 3367 17
1798 3335 1902 3367 altera
1925 3336 2199 3380 R¹11seeundum
2226 3351 2283 3371 om.
2309 3340 2347 3371 V¹
2381 3343 2383 3378 ξ

1304 3376 1409 3418 legem
1430 3377 1463 3408 R
1484 3378 1583 3420 vulq]
1605 3377 1692 3419 leges
1714 3379 1776 3412 VT
1797 3380 1808 3422 Η
1825 3380 1902 3412 filiis
1927 3384 1959 3412 et
1984 3383 2013 3412 ei
2038 3382 2084 3413 R*
2109 3385 2140 3414 et
2164 3383 2242 3415 filiis
2263 3384 2294 3416 ei
2322 3385 2354 3417 T
2378 3384 2382 3425 Ι

1309 3424 1347 3454 19
1373 3421 1593 3454 *elementiae
1608 3423 1684 3456 libri
1698 3422 1709 3467 Η
1730 3426 1770 3456 20
1795 3425 1833 3464 si]
1859 3426 1909 3456 sin
1924 3426 1957 3458 R
1973 3426 1983 3467 {j
2004 3428 2045 3459 22
2066 3427 2146 3468 ipso]
2169 3428 2186 3469 ᾗ
2203 3430 2235 3468 (i.
2251 3442 2276 3460 e.
2290 3434 2381 3471 prae)

1306 3466 1352 3498 ΠΙ
1372 3465 1383 3509 ΙΙ
1401 3468 1441 3499 23
1467 3467 1526 3498 sub
1548 3468 1717 3508 praedicta
1741 3470 1826 3509 ΒΤ]
1852 3471 2040 3511 supradicta
2061 3472 2093 3504 V
2110 3473 2193 3516 vuly.
2213 3472 2225 3517 Η
2241 3474 2299 3506 fiat
2323 3488 2379 3507 om.

1313 3512 1345 3543 V
1358 3510 1369 3554 ΙΙ
1387 3513 1427 3543 25
1452 3510 1554 3543 fuerit
1576 3512 1628 3555 VH
1649 3515 1690 3546 26
1717 3514 1862 3545 innoxiis
1876 3515 1922 3546 ΕΙ
1935 3515 1988 3555 1⁷¹]
2005 3516 2135 3548 innoxii
2148 3518 2197 3550 12²
2209 3519 2256 3552 V2
2268 3521 2352 3563 vuly.
2369 3518 2381 3558 ΙΙ

1267 3550 1269 3584 ἶ
1304 3555 1352 3587 fili
1378 3556 1427 3587 Ra
1453 3555 1464 3599 Η
1490 3557 1531 3597 ei]
1557 3557 1627 3589 eius
1650 3558 1699 3590 R¹
1724 3559 1769 3590 eis
1792 3560 1823 3591 V
1844 3558 1855 3600 [1
1879 3561 1919 3592 27
1947 3561 2111 3602 accipiant
2134 3564 2217 3606 vulq.
2238 3563 2250 3606 Η
2272 3566 2313 3597 28
2339 3567 2378 3596 asi

1305 3602 1352 3649 bis
1371 3613 1431 3634 scr.
1457 3601 1490 3632 R
1514 3601 1526 3643 ΙΙ
1549 3603 1701 3643 partem?
1724 3604 1765 3635 17ι
1790 3603 1801 3646 ll
1827 3605 1867 3636 29
1893 3605 2122 3647 sufficientem]
2147 3608 2177 3639 ei
2203 3610 2279 3641 add.
2302 3610 2344 3643 V¹
2368 3607 2380 3654 Η

1304 3647 1346 3678 30
1371 3645 1480 3685 etiam]
1506 3649 1538 3678 et
1559 3647 1615 3688 Vn
1633 3649 1670 3680 31
1689 3647 1762 3688 filii]
1789 3649 1851 3680 fin
1868 3650 1914 3681 R¹
1932 3649 1944 3692 ΙΙ
1964 3651 2005 3683 31
2030 3652 2066 3682 in
2082 3664 2139 3684 om.
2164 3653 2218 3698 VH
2239 3655 2279 3687 35
2305 3665 2379 3686 san-

1304 3691 1407 3723 cimus
1430 3692 1513 3736 vnly.
1534 3690 1546 3736 Η
1561 3691 1634 3734 sub]
1659 3703 1696 3726 su
1721 3693 1768 3725 Β*
1786 3693 1797 3737 Η
1817 3704 1853 3726 ea
1877 3695 1985 3737 HVT,
2012 3708 2068 3729 om.
2090 3699 2175 3741 vulq.

2074 3754 2111 3787 13
