2586 3990
228 152 338 198 Nov.
368 151 485 196 CXX
519 154 566 194 11
591 162 656 205 ep.
1295 147 1380 196 590
1662 163 1725 198 nu
1751 161 2053 195 Anmns‘rronn
2081 144 2140 194 ΕΤ
2167 161 2453 197 nurmnosx

1222 282 1383 320 CAPUT
1406 282 1469 318 xl.

292 351 339 386 Εἰ
369 349 410 386 δὲ
438 352 538 397 παρὰ
572 351 620 386 τοὶ
649 349 906 399 διηγορευμένα
940 349 1027 397 ἡμῖν
1060 352 1115 396 τῷ
1150 351 1308 397 παρόντι
1444 350 1482 386 Si
1505 359 1588 385 vero
1611 352 1754 395 praeter
1768 351 1864 388 haec
1892 361 1984 398 quae
2005 353 2140 390 inserta
2163 354 2249 390 sunt
2270 353 2454 399 praesenti

226 396 329 440 νόμῳ
365 394 598 443 συνάλλαγμά
634 410 672 432 τι
705 400 852 444 γένηται
889 398 950 432 ἐπὶ
987 399 1062 431 τοῖς
1101 394 1308 442 διαφέρουσι
1375 396 1443 440 legi
1475 398 1682 431 contractus
1714 395 1778 431 fiat
1808 406 1917 443 super
1939 399 2223 444 competentibus
2246 398 2355 434 rebus
2377 393 2452 434 filo-

226 439 414 488 πράγμασι
443 444 599 485 κινητοῖς
628 455 669 476 τε
698 446 759 477 καὶ
783 440 965 485 ἀκινήτοις
995 443 1050 476 ἑνὶ
1072 442 1150 477 τῶν
1172 443 1306 498 εἰρημέ-
1376 441 1507 477 bilibus
1537 444 1574 476 et
1603 439 1843 477 immobilibus
1873 442 1936 478 uni
1965 446 2239 480 memoratarum
2268 443 2451 480 venerabi-

225 500 303 520 νων
327 483 469 533 εὐαγῶν
491 487 613 529 οἴκων,
644 483 895 521 ἀναδίδοσθαι
917 488 985 529 μὲν
1011 487 1056 531 τῆ
1081 483 1173 534 αὐτῇ
1198 499 1307 533 αγιω-
1375 485 1463 521 lium
1487 485 1689 528 domorum,
1713 485 1815 522 reddi
1834 486 1974 532 quidem
1994 488 2107 524 eidem
2130 489 2377 525 sanctissimae
2394 499 2451 524 ec-

224 529 314 579 τότῃ
346 530 514 575 ἐκκλησίᾳ
542 530 623 575 ἦτοι
653 533 708 575 τῷ
733 528 853 579 εὐαγεῖ
874 531 961 576 οἴκῳ
985 522 1044 566 vo*
1062 532 1212 578 πρᾶγμα
1243 527 1304 576 ἐφ’
1344 536 1362 568 5
1377 530 1504 566 clesiae
1535 530 1609 567 sive
1631 531 1825 567 venerabili
1854 530 1974 567 domui
1995 543 2087 575 rem,
2120 544 2228 580 super
2251 544 2357 588 quam
2381 534 2452 569 tale

224 568 256 619 (ᾖ
286 575 432 611 τοιοῦτό
461 589 499 611 τι
529 576 832 623 παρηκολούθησε
861 577 955 622 μετὰ
984 577 1063 612 τῶν
1096 578 1163 611 τοῦ
1197 579 1307 620 με’σου
1376 575 1508 621 aliquid
1532 576 1763 612 subsecutum
1787 579 1858 619 est,
1890 587 1969 612 cum
1991 578 2097 614 medii
2125 582 2295 625 temporis
2324 579 2451 615 fructi-

222 618 354 667 χρόνου
378 623 541 667 καρπῶν,
563 625 703 666 μενέτω
727 620 767 656 δὲ
790 619 879 667 παρ’
903 618 994 669 αὐτῇ
1018 625 1079 657 καὶ
1101 622 1145 656 τὸ
1170 625 1308 666 τίμημα
1377 621 1461 665 bus,
1491 624 1634 658 maneat
1663 625 1782 657 autem
1811 621 1908 667 apud
1931 631 2009 658 eam
2032 627 2069 658 et
2090 624 2243 669 pretium
2273 627 2338 660 aut
2360 624 2451 660 anti·

223 665 246 709 ἢ
266 666 309 701 τὸ
326 663 534 711 ἅντίδωρον
562 664 585 710 ἢ
608 666 651 701 τὸ
677 666 768 713 ὑπὲρ
793 664 973 714 ἀμείψεως
995 665 1019 710 ἢ
1037 666 1145 710 ἄλλης
1165 666 1307 702 οἱαςοῦν
1377 667 1502 702 dorum
1534 670 1598 702 aut
1621 667 1714 711 quod
1735 677 1801 712 pro
1825 668 2083 712 permutatione
2113 671 2178 704 aut
2199 669 2272 705 alia
2295 670 2452 715 qualibet

223 712 340 746 αἰτίας
370 709 471 756 αὐτῷ
504 710 707 757 δεδομενον.
755 713 785 746 εἰ
817 711 856 746 δὲ
887 713 1099 757 έμφύτευσις
1123 712 1306 767 πραχθείη
1377 711 1567 749 occasione
1589 711 1623 747 ei
1646 712 1767 747 datum
1791 715 1855 748 est.
1900 712 1939 747 Si
1962 722 2044 748 vero
2064 714 2302 760 emphyteusis
2325 719 2453 758 agatur

223 757 323 803 παρὰ
356 757 402 792 τὰ
426 755 680 804 διηγορευμένα
710 755 807 802 ἡμῖν,
839 755 1089 792 ἀναδίδοσθαι
1119 758 1164 804 τῇ
1196 770 1305 811 aym·
1323 761 1363 793 10
1376 759 1519 802 praeter
1550 757 1642 793 haec
1676 767 1767 802 quae
1802 757 1975 802 disposita
2012 761 2097 794 sunt
2130 768 2154 794 a
2187 759 2308 802 nobis,
2351 760 2453 795 reddi

223 800 316 850 τάτῃ
341 801 510 847 ἐκκλησία
532 801 557 846 ἢ
578 806 652 837 τοῖς
670 799 812 849 esayam
835 800 963 838 τόποις
984 802 1028 837 τὸ
1047 799 1134 837 αὐτὸ
1161 815 1307 850 πραγμα
1376 801 1621 838 sanctissimae
1652 802 1823 838 ecclesiae
1858 802 1931 838 sive
1960 803 2220 840 venerabilibus
2244 804 2337 840 locis
2368 815 2451 840 ean·

223 847 422 892 κελεύομεν,
446 851 506 882 καὶ
522 848 590 883 τὸν
605 848 830 894 ἐμφυτευτὴν
851 848 893 882 τὸ
910 847 1051 883 πάκτον
1075 846 1191 882 τελεῖν
1212 847 1305 882 κατὰ
1375 847 1455 883 dem
1477 857 1551 883 rem
1574 847 1747 891 iubemus,
1780 850 1817 883 et
1839 848 2104 893 emphyteotam
2133 848 2327 884 secundum
2358 850 2453 894 quod

222 893 290 936 τὴν
321 891 478 938 δύναμιν
509 894 587 929 τῶν
618 894 887 940 έμφυτευτικιῦν
918 891 1161 937 συμβολαίων.
1210 893 1241 927 εἰ
1269 890 1309 927 δὲ
1374 892 1546 938 placitum
1562 896 1617 928 est
1635 892 1720 928 dare
1741 894 1778 928 et
1792 896 1937 938 pactum
1954 892 2058 928 finire
2074 894 2270 929 secundum
2289 894 2453 930 virtutem

223 935 409 984 δωρηθείη
441 939 591 984 πρᾶγμα
623 937 919 982 ἐκκλησιαστικὸν
955 936 980 982 ἢ
1010 939 1131 984 ἑτέρου
1162 934 1308 986 εὖαγοῦς
1375 938 1721 983 emphyteuticalium
1754 938 2081 974 instrumentorum.
2130 938 2169 974 Si
2191 949 2275 975 vero
2301 939 2454 975 donetur

222 984 337 1027 οἴκου,
368 987 428 1018 καὶ
462 981 550 1018 αὐτὸ
575 980 825 1018 ἀναδίδοσθαι
855 984 901 1031 τῇ
924 980 1111 1039 ἁῖιωτοίτῃ
1143 982 1308 1027 ἐκκλησίᾳ
1323 986 1362 1019 15
1376 993 1432 1018 res
1457 983 1701 1019 ecclesiastica
1731 987 1795 1019 aut
1825 984 1972 1019 alterius
2004 983 2215 1020 venerabilis
2242 984 2386 1027 domus,
2418 987 2455 1020 et

222 1026 244 1072 ἢ
276 1032 350 1063 τοῖς
382 1027 502 1063 ἄλλοις
534 1025 677 1076 εὖαγέσι
712 1029 837 1063 τόποις
871 1041 963 1074 μετα
994 1029 1073 1063 τῶν
1102 1029 1168 1063 τοῦ
1197 1032 1308 1074 μέσον
1375 1028 1469 1064 hanc
1500 1027 1600 1064 reddi
1632 1028 1879 1065 sanctissimae
1911 1029 2082 1065 ecclesiae
2114 1033 2177 1064 aut
2206 1029 2286 1065 aliis
2309 1039 2453 1066 venera-

220 1073 352 1118 χρόνου
375 1076 538 1122 καρπῶν,
561 1077 622 1108 καὶ
646 1074 823 1108 τοσοῦτον
846 1075 969 1120 ἕτερον
995 1071 1082 1109 ὅσου
1103 1072 1209 1115 ἄξιόν
1229 1076 1307 1109 ἐστι
1374 1074 1507 1109 bilibus
1536 1073 1627 1109 locis
1661 1084 1741 1109 cum
1765 1074 1870 1109 medii
1895 1074 2065 1119 temporis
2095 1074 2285 1118 fructibus,
2316 1078 2353 1110 et
2374 1078 2453 1110 tan-

220 1119 264 1154 τὸ
295 1116 386 1154 αὐτὸ
420 1120 579 1165 πρᾶγμα.
626 1120 657 1153 εἰ
690 1117 729 1153 δὲ
758 1116 931 1163 ὑποθήκη
967 1119 1067 1165 παρὰ
1099 1120 1217 1154 ταῦτα
1247 1117 1305 1154 δο-
1374 1121 1450 1154 tum
1473 1118 1571 1154 aliud
1595 1122 1766 1162 quantum
1789 1119 1933 1155 valebat
1955 1129 2013 1155 res
2035 1119 2125 1164 ipsa.
2174 1119 2212 1155 Si
2234 1130 2317 1156 vero
2340 1120 2452 1166 hypo·

221 1164 318 1208 θείη,
343 1162 363 1198 ὁ
382 1162 570 1208 δανειστὴς
593 1165 637 1199 τὸ
658 1163 942 1210 έποφειλόμενον
965 1162 1159 1199 ἀπολλύτω
1183 1167 1244 1199 καὶ
1261 1164 1303 1199 τὸ
1374 1164 1482 1199 theca
1526 1166 1652 1199 contra
1691 1164 1781 1200 haec
1816 1165 1936 1208 detur,
1979 1165 2136 1200 creditor
2176 1165 2270 1210 quod
2305 1165 2455 1201 debetur

222 1207 312 1244 αὐτὸ
338 1211 487 1264 πρᾶχμα
511 1210 564 1253 τῷ
589 1207 710 1257 stays-z
730 1208 835 1254 τόπῳ
859 1207 1081 1245 ἀποδιδότω.
1119 1210 1196 1244 τῶν
1220 1222 1305 1255 συμ-
1320 1212 1360 1245 20
1375 1209 1511 1254 perdat,
1544 1212 1580 1244 et
1602 1219 1660 1244 res
1684 1209 1876 1245 venerabili
1904 1210 1982 1245 loco
2006 1210 2186 1246 reddatur.
2235 1209 2454 1247 Tabellioni·
2505 1249 2507 1251 ,

220 1254 502 1302 βολαιογραφων
536 1255 615 1289 τῶν
649 1254 894 1301 θαρρούντων
929 1255 1030 1301 παρὰ
1063 1253 1171 1290 τόνδε
1200 1253 1306 1301 ἡμῶν
1378 1257 1442 1290 bus
1477 1255 1799 1301 praesumentibus,
1829 1257 1972 1300 praeter
2013 1255 2107 1290 hanc
2148 1257 2308 1291 nostram
2342 1255 2454 1300 legem

220 1300 288 1335 τὸν
322 1298 440 1346 νόμον
470 1297 644 1335 τοιούτοις
671 1298 864 1347 ὑπουργεῖν
894 1299 1125 1346 συμβολαίοις
1155 1298 1308 1344 διηνεκεῖ
1375 1300 1509 1335 talibus
1539 1300 1742 1336 ministrare
1764 1299 2006 1336 instrumentis
2036 1304 2210 1346 perpetuo
2241 1300 2345 1336 exilio
2370 1311 2453 1337 con-

222 1346 343 1392 ἐξορίᾳ
374 1343 726 1390 καταδικαζομένων.
776 1347 822 1380 Εἰ
846 1343 889 1380 δέ
917 1360 953 1380 τι
985 1346 1055 1392 πρὸ
1081 1346 1210 1380 τούτου
1241 1347 1305 1381 τοῦ
1376 1345 1595 1381 demnandis.
1643 1344 1681 1381 Si
1703 1355 1786 1381 vero
1809 1345 1943 1390 aliquid
1968 1347 2053 1381 ante
2076 1345 2170 1381 hanc
2192 1346 2304 1390 legem
2326 1356 2453 1382 secun-

221 1391 334 1436 νόμου
357 1391 450 1426 κατὰ
474 1390 539 1426 τὰς
561 1389 718 1427 παλαιὰς
742 1388 921 1432 διατάξεις
942 1394 1084 1438 γέγονε,
1116 1390 1305 1436 κελεύομεν
1375 1390 1459 1426 dum
1483 1391 1648 1436 antiquas
1666 1390 1938 1427 constitutiones
1961 1390 2098 1426 factum
2113 1394 2179 1434 est,
2204 1390 2366 1427 iubemus
2386 1392 2456 1427 hoc

219 1437 329 1471 τοῦτο
364 1437 457 1472 πᾶσι
487 1434 636 1482 τρόποις
669 1435 738 1480 τὴν
770 1434 868 1471 ἰδίαν
899 1438 993 1480 ἐχειν
1023 1437 1134 1480 ἰσχύν.
1182 1437 1306 1471 πάντα
1321 1439 1361 1472 25
1374 1435 1489 1472 modis
1520 1436 1685 1472 omnibus
1718 1436 1901 1482 propriam
1935 1435 2068 1472 habere
2101 1436 2278 1472 virtutem.
2327 1436 2456 1472 Omnia

221 1479 277 1526 δέ,
301 1478 372 1517 ὅσα
396 1481 497 1527 παρὰ
520 1481 604 1516 τοὺς
619 1479 794 1517 παλαιοὺς
814 1481 945 1527 νόμους
966 1485 1123 1530 γέγονεν,
1148 1477 1305 1528 ἆνατρα-
1374 1491 1457 1518 vero
1482 1491 1573 1526 quae
1597 1485 1722 1517 contra
1745 1482 1911 1527 antiquas
1942 1482 2036 1526 leges
2059 1481 2160 1517 facta
2190 1486 2274 1517 sunt
2296 1482 2455 1518 revocari

220 1528 335 1571 πῆναι
366 1527 606 1571 θεσπίζομεν,
637 1530 699 1561 καὶ
728 1526 775 1562 τοὶ
807 1528 1004 1575 πράγματα
1035 1527 1083 1563 τὰ
1108 1526 1207 1573 παρὰ
1238 1526 1307 1570 τὴν
1375 1526 1566 1570 sancimus,
1598 1530 1634 1562 et
1666 1537 1724 1563 res
1756 1537 1847 1572 quae
1879 1530 2004 1562 contra
2027 1526 2191 1562 virtutem
2224 1536 2347 1563 earum
2370 1527 2456 1563 data

221 1570 378 1618 δύναμιν
408 1569 532 1607 αὐτῶν
563 1570 739 1616 δεδομένα
769 1575 843 1607 τοῖς
865 1570 1031 1620 εὐαγέσιν
1054 1572 1161 1607 οἴκοις
1181 1569 1307 1607 ἀναδί-
1375 1575 1430 1608 est
1450 1572 1712 1608 venerabilibus
1735 1572 1898 1608 domibus
1922 1571 2110 1617 reddatur3
2135 1575 2170 1607 et
2193 1571 2237 1608 de
2256 1575 2374 1608 cetero
2398 1583 2454 1608 se-

220 1616 368 1653 δοσθαι.
419 1619 485 1653 τοῦ
521 1615 561 1652 δὲ
593 1617 722 1654 λοιποῦ
758 1618 851 1653 κατὰ
883 1617 952 1653 τὸν
986 1617 1157 1664 παρόντα
1191 1616 1307 1663 νόμον
1376 1618 1532 1654 cundum
1561 1621 1786 1664 praesentem
1816 1618 1930 1662 legem
1961 1617 2081 1653 omnia
2114 1616 2193 1653 fieri
2223 1617 2455 1663 disponimus,

220 1662 346 1699 πάντα
356 1663 530 1711 γίνεσθαι
543 1660 799 1707 διατυποῢμεν,
816 1663 1069 1707 σχολαζουσῶν
1081 1662 1173 1708 μετὰ
1188 1663 1307 1698 ταῦτα
1320 1665 1363 1700 30
1375 1663 1586 1700 vacantibus
1617 1666 1702 1708 post
1731 1663 1822 1699 haec
1845 1662 2008 1698 omnibus
2039 1662 2119 1698 aliis
2143 1662 2455 1700 constitutionibus

220 1709 353 1744 πασῶν
375 1709 453 1744 τῶν
476 1706 599 1743 ἄλλων
623 1706 827 1749 διατάξεων
849 1709 928 1744 τῶν
951 1710 1013 1745 ἐπὶ
1035 1713 1109 1744 τοῖς
1131 1707 1308 1744 τοιούτοις
1374 1719 1465 1755 quae
1486 1719 1595 1754 super
1618 1709 1750 1745 talibus
1775 1708 1918 1744 casibus
1943 1708 2075 1744 dudum
2097 1708 2347 1754 loquebantur.

221 1754 361 1799 θέμασι
383 1751 512 1800 πρώην
537 1755 780 1800 φοιτησασῶν.

275 1796 563 1846 <Ὲπίλογος>
609 1796 656 1832 ‘H
674 1796 830 1844 ὑπεροχὴ
852 1802 978 1835 τοίνυν
1005 1796 1027 1843 ἡ
1058 1799 1103 1843 σὴ
1127 1795 1220 1845 ἅπερ
1244 1797 1306 1834 διὰ
1417 1798 1704 1845 (Epilogus.)
1738 1798 1942 1834 Eminentia
1957 1797 2065 1843 igitur
2079 1800 2144 1834 tua
2164 1809 2256 1844 quae
2270 1808 2335 1844 per
2349 1808 2454 1845 prae-

220 1845 285 1880 τοῦ
305 1858 356 1881 πα
381 1843 486 1880 ὄντος
501 1843 613 1888 νόμον
634 1844 681 1878 εἰς
702 1844 746 1878 τὸ
765 1842 919 1888 διηνεκὲς
943 1845 1149 1887 ἰσχύσοντος
1171 1843 1193 1889 ἡ
1220 1842 1305 1889 ἡμε-
1373 1849 1508 1880 sentem
1531 1844 1643 1888 legem
1670 1844 1708 1879 in
1731 1847 1945 1889 perpetuum
1968 1843 2157 1880 valituram
2186 1847 2311 1881 nostra
2335 1845 2455 1881 sanxit

220 1893 308 1936 τέρα
331 1892 348 1923 ἐ
380 1893 507 1925 ε’σπισε
521 1888 721 1936 γαληνότης
744 1887 895 1936 ἄτρωτοι
915 1887 1172 1936 παραφυλάξαι
1195 1900 1305 1925 σπου-
1319 1892 1361 1926 35
1373 1889 1614 1934 tranquillitas
1656 1889 1869 1925 inconvulsa
1905 1889 2097 1925 observare
2133 1889 2296 1932 festinet,
2335 1889 2454 1926 edicto

222 1932 384 1979 δασάτω,
415 1933 566 1969 ἰδίκτων
589 1937 630 1969 ἐν
651 1938 725 1969 τοῖς
748 1934 926 1978 συνήθεσι
956 1938 1017 1969 καὶ
1039 1936 1156 1980 μόνον
1180 1934 1306 1970 τόποις
1372 1935 1409 1970 in
1450 1934 1682 1970 sollemnibus
1722 1938 1759 1970 et
1796 1934 1962 1980 legitimis
1998 1934 2088 1970 locis
2124 1944 2189 1980 per
2224 1935 2347 1971 decem
2380 1935 2454 1972 dies

355 2046 420 2082 XI.
467 2045 605 2090 Quodsi
627 2044 867 2082 adversus'ea
891 2057 986 2092 quae
1007 2046 1195 2093 praesenti
1216 2046 1294 2091 leqe
1317 2057 1341 2081 a
1363 2045 1469 2081 nobis
1492 2046 1689 2082 constituta
1709 2050 1795 2082 sunt
1817 2050 2028 2082 contractus
2051 2046 2184 2093 aliquis
2198 2047 2269 2092 fiat
2288 2047 2455 2085 derebus

220 2091 409 2129 mobilibus
444 2096 480 2128 et
514 2091 750 2127 immobilibus
785 2091 834 2127 ad
864 2102 973 2126 unam
1000 2090 1277 2138 praedictarum
1309 2091 1565 2127 venerabilium
1595 2090 1765 2127 domuum
1794 2091 2070 2137 pertinentibus,
2106 2091 2283 2128 reddatur
2312 2093 2455 2140 quidem

220 2137 334 2174 eidem
356 2137 604 2173 sanctissimae
626 2136 799 2173 ecclesiae
820 2147 885 2172 seu
908 2135 1107 2172 venerabili
1125 2135 1251 2171 domui
1273 2146 1333 2171 res
1356 2135 1399 2172 de
1418 2147 1491 2182 qua
1516 2136 1588 2172 tale
1612 2136 1701 2182 quid
1723 2137 1877 2182 contiqit
1900 2147 1980 2172 cum
1997 2137 2105 2172 medii
2129 2141 2197 2174 tem
2224 2139 2301 2174 oris
2321 2139 2454 2184 fructi—

221 2183 298 2225 bus,
328 2186 475 2219 maneat
495 2185 617 2219 autem
640 2181 742 2233 apud
763 2192 843 2218 eam
867 2182 974 2217 etiam
991 2181 1153 2228 pretium
1182 2180 1240 2218 vel
1268 2182 1512 2218 remuneratio
1542 2181 1599 2218 vel
1628 2181 1728 2234 quod
1755 2181 2035 2228 permutationis
2058 2186 2125 2218 aut
2155 2183 2307 2219 aterius
2337 2184 2454 2220 cuius-

221 2238 372 2274 cumque
402 2238 534 2263 causae
566 2237 711 2263 nomene
734 2226 767 2264 ei
791 2226 915 2263 datum
939 2231 1001 2262 est.
1049 2225 1187 2269 Quodsi
1209 2225 1314 2273 emplt
1345 2227 1454 2262 teusis
1473 2227 1581 2273 facta
1603 2231 1652 2262 sit
1682 2226 1855 2264 adversus
1878 2238 1922 2263 ea
1953 2238 2048 2273 quae
2077 2239 2100 2263 a
2131 2227 2236 2263 nobis
2259 2230 2454 2266 constituta

220 2279 323 2318 sunt,
352 2272 457 2309 reddi
478 2272 727 2308 sanctissimae
747 2272 919 2308 ecclesiae
941 2271 998 2308 vel
1020 2271 1282 2307 venerabilibus
1328 2272 1404 2307 ocis
1426 2271 1576 2309 eandem
1599 2283 1675 2308 rem
1698 2272 1870 2313 iubemus,
1901 2271 2239 2326 emphyteutamque
2260 2274 2453 2310 secundum

222 2322 379 2355 tenorem
402 2317 751 2364 emphyteuticorum
771 2318 1089 2353 instrumentorum
1109 2321 1258 2363 pactum
1278 2321 1482 2364 praestare.
1528 2316 1664 2365 Quodsi
1680 2317 1817 2354 donata
1832 2317 1880 2353 sit
1902 2328 1962 2369 res
1976 2318 2218 2355 ecclesiastica
2234 2318 2291 2355 vel
2304 2319 2455 2355 alterius

221 2363 434 2400 venerabilis
463 2363 599 2406 domus,
631 2366 666 2399 et
695 2363 710 2398 i
736 2373 778 2398 sa
808 2362 985 2399 reddatur
1014 2363 1261 2398 sanctissimae
1292 2362 1464 2399 ecclesiae
1498 2362 1556 2399 vel
1584 2363 1713 2398 ceteris
1743 2362 2004 2400 venerabilibus
2038 2363 2202 2399 domibus
2236 2375 2316 2400 cum
2346 2364 2454 2401 medii

222 2408 393 2456 temporis
407 2408 597 2460 fructibus
619 2411 656 2444 et
676 2408 828 2443 aterum
854 2412 992 2444 tantum
1016 2407 1144 2455 quanti
1167 2407 1290 2444 eadem
1313 2418 1373 2444 res
1396 2408 1618 2444 aestimatur.
1663 2407 1806 2451 Quodsi
1824 2407 2030 2489 &ypotheca
2058 2408 2232 2445 adversus
2254 2409 2343 2445 haec
2366 2410 2454 2446 data

218 2455 278 2498 sit,
314 2453 475 2490 creditor
505 2453 661 2490 debitum
692 2453 835 2489 amittat
870 2457 981 2499 atque
1012 2452 1161 2489 eandem
1196 2463 1271 2489 rem
1302 2453 1498 2489 venerabili
1529 2453 1610 2489 loco
1641 2453 1781 2490 reddat.
1860 2453 2054 2489 abelliones
2083 2458 2201 2489 autem
2230 2454 2295 2500 qui
2325 2459 2454 2490 eontra

220 2499 314 2535 banc
338 2499 451 2545 leqem
475 2502 639 2534 nostram
669 2498 846 2534 eiusmodi
875 2499 1121 2534 instrumentis
1152 2498 1359 2534 ministrare
1390 2499 1474 2534 ausi
1494 2499 1579 2541 sint,
1608 2502 1786 2546 perpetuo
1816 2498 1930 2535 exilio
1961 2498 2250 2535 condemnentur.
2294 2498 2337 2535 Si
2392 2499 2455 2535 uid

219 2555 303 2580 vero
335 2548 420 2580 ante
450 2543 544 2580 lianc
573 2543 686 2590 leqem
709 2543 906 2580 secundum
936 2547 1071 2580 veteres
1102 2543 1378 2579 constitutiones
1406 2544 1550 2589 factum
1581 2547 1655 2587 est,
1690 2543 1728 2579 id
1751 2544 1913 2579 omnibus
1942 2543 2057 2580 modis
2087 2545 2157 2579 vim
2187 2555 2291 2580 suam
2322 2544 2370 2580 lia
2394 2556 2454 2581 ere

219 2588 391 2626 iubemus.
441 2588 571 2625 Omnia
586 2593 705 2625 autem
747 2599 967 2642 uaecumque
990 2592 1120 2625 contra
1144 2591 1279 2625 veteres
1302 2588 1401 2635 leqes
1417 2590 1525 2636 facta
1540 2591 1627 2625 sunt
1648 2589 1761 2625 everti
1784 2589 1967 2625 sancimus
1988 2599 2119 2635 resque
2142 2595 2271 2626 contra
2295 2593 2454 2626 tenorem

219 2645 344 2671 earum
379 2633 487 2670 datas
520 2633 718 2670 venerabili
741 2644 783 2670 us
815 2634 979 2670 domibus
1014 2633 1129 2670 reddi.
1188 2632 1236 2670 In
1269 2633 1449 2680 reliquum
1484 2645 1568 2671 vero
1605 2638 1744 2679 tempus
1778 2638 1820 2670 ut
1851 2633 2048 2670 secundum
2075 2638 2306 2681 praesentem
2341 2635 2454 2680 leqem

220 2680 341 2716 omnia
367 2680 463 2725 fiant
493 2679 761 2722 constituimus,
797 2679 1021 2716 cessantibus
1042 2682 1179 2727 postea
1208 2679 1337 2716 ceteris
1369 2679 1533 2716 omnibus
1563 2679 1877 2716 constitutionibus
1908 2690 2002 2725 quae
2032 2678 2077 2715 de
2106 2680 2282 2717 eiusmodi
2312 2681 2455 2717 casibus

216 2725 323 2772 prius
339 2725 599 2772 promulgatae
621 2728 717 2761 sunt.

355 2769 599 2817 Epilogus.
648 2769 727 2806 Tua
755 2769 870 2817 iqitur
898 2769 1100 2806 sublimitas
1128 2780 1224 2816 quae
1250 2780 1320 2816 per
1343 2773 1576 2817 praesentem
1606 2769 1720 2816 leqem
1750 2769 1789 2804 in
1812 2772 2032 2816 perpetuum
2063 2768 2257 2805 valituram
2279 2770 2454 2806 serenitas

218 2819 347 2852 nostra
377 2816 506 2851 sanxit
534 2815 663 2851 illaesa
684 2825 832 2851 servare
853 2815 1015 2858 studeat,
1045 2814 1174 2851 edictis
1203 2814 1295 2850 locis
1324 2814 1558 2850 sollemnibus
1580 2813 1775 2850 dumtaxat
1801 2824 1871 2860 per
1894 2813 2014 2850 decem
2045 2814 2123 2850 dies
2142 2814 2358 2860 propositis,
2387 2825 2454 2850 nec

267 2931 282 2964 1
308 2928 408 2973 παρὰ
430 2927 479 2962 τὰ
500 2925 754 2973 διηγορευμένα
777 2924 875 2972 ἡμῖν]
900 2930 1032 2972 praeter
1047 2929 1128 2961 haec
1147 2938 1231 2970 quae
1249 2927 1301 2960 in·
1439 2930 1557 2962 lrubr.
1582 2926 1711 2964 Quibus
1735 2927 1830 2970 penis
1854 2926 2036 2960 subitiatur
2063 2927 2122 2969 qui
2145 2930 2350 2971 praesentem
2373 2939 2451 2962 oon-

218 2978 307 3008 serta
321 2978 399 3007 sunt
419 2986 439 3011 ς
459 2969 557 3018 (ἡμῖν
573 2987 631 3007 om.
646 2974 693 3007 M
694 2977 725 3015 α)
741 2973 753 3016 ΙΙ
771 2974 824 3015 τῷ
863 2974 905 3007 ἐν
919 2973 973 3016 τῷ
990 2975 1151 3008 Νονιιοο]η
1175 2973 1188 3017 ΙΙ
1206 2974 1225 3007 2
1248 2974 1303 3018 γε’-
1372 2972 1583 3006 stitutionem
1607 2971 1789 3005 uiolauerit
1811 2973 1845 3005 R
1859 2975 1891 3006 in
1903 2985 2006 3016 marq.
2021 2973 2073 3013 (ex
2084 2973 2162 3014 Iul.)
2179 2972 2192 3016 ΙΙ
2218 2975 2237 3007 2
2261 2973 2330 3016 legi
2353 2975 2453 3017 vala]

218 3023 327 3062 νηταί
350 3032 386 3053 τι
407 3020 442 3062 0,
465 3031 501 3052 τι
525 3031 581 3052 om.
597 3031 616 3055 ς
662 3021 684 3053 4
706 3016 818 3052 ἄναδί
839 3018 954 3052 οσθαι
976 3019 1115 3056 ΜΕΒς
1138 3018 1303 3059 (iubemus
1372 3017 1445 3060 lege
1461 3018 1568 3052 RVT
1578 3017 1591 3062 ΙΙ
1607 3017 1706 3051 robus
1722 3030 1780 3051 om.
1804 3017 1861 3061 Vll
1878 3019 1897 3050 5
1915 3027 1981 3060 qua
2000 3018 2038 3059 T,
2054 3018 2147 3051 Beck
2163 3018 2176 3062 ΙΙ
2193 3018 2260 3051 tale
2273 3037 2315 3042 —
2330 3021 2349 3052 ’7
2364 3019 2453 3062 apud

218 3065 313 3099 reddi
327 3065 416 3108 Iul.)]
441 3059 622 3098 ἆναὸιδόσ
656 3075 686 3097 ω
705 3064 902 3098 ΟΝοηιοο.’”
919 3063 931 3108 ΙΙ
949 3059 1039 3110 αὐτῇ
1053 3065 1152 3097 om.B
1170 3064 1183 3107 ΙΙ
1202 3066 1220 3097 5
1237 3058 1299 3107 ἐφ’
1371 3076 1432 3097 scr.
1446 3063 1498 3097 13²
1514 3064 1547 3097 in
1563 3075 1629 3096 ras.
1646 3065 1661 3097 1
1676 3075 1722 3096 vs.
1749 3062 1762 3106 ΙΙ
1787 3064 1807 3096 6
1830 3063 1995 3096 fructibus
2019 3063 2176 3106 temporis
2201 3064 2234 3097 T
2247 3062 2260 3108 ΙΙ
2285 3066 2304 3097 7
2329 3066 2452 3105 autem]

219 3106 242 3144 ὃ
269 3111 372 3145 Cv-l.
397 3110 410 3153 [Ι
439 3111 459 3144 6
484 3122 521 3142 τι
543 3108 711 3143 τοιοῦτον
735 3109 914 3143 N0m00.⁶m
939 3109 951 3152 ΙΙ
981 3111 1000 3143 8
1024 3106 1048 3152 ἢ
1095 3116 1143 3143 ost
1166 3111 1303 3152 τίμημα
1370 3110 1430 3140 aut
1449 3108 1484 3142 V
1501 3108 1513 3152 ΙΙ
1542 3119 1618 3141 eum
1641 3106 1731 3142 R2T
1755 3107 1768 3152 ΙΙ
1796 3108 2023 3141 antidotorum
2046 3108 2097 3142 T³
2126 3108 2317 3141 antidotum
2341 3111 2452 3142 torum

219 3169 278 3189 om.
294 3154 372 3198 Bssn
398 3156 420 3189 9
444 3151 637 3197 διδόμενον
659 3155 742 3187 LB0
760 3154 773 3198 [Ι
791 3156 830 3189 11
854 3150 888 3197 ἢ]
912 3151 993 3196 ἢτοι
1014 3155 1043 3188 0
1071 3151 1230 3197 Ιτόποις]
1254 3152 1303 3187 οἴ·
1373 3153 1421 3186 T¹
1437 3152 1450 3197 ΙΙ
1471 3155 1490 3187 8
1514 3155 1573 3187 aut
1595 3152 1673 3194 alia]
1698 3152 1811 3195 aliqua
1835 3155 1906 3195 (om.
1923 3155 1994 3195 aut)
2017 3154 2080 3187 VT
2097 3152 2110 3197 ΙΙ
2136 3154 2157 3187 9
2181 3153 2212 3186 ei
2236 3166 2295 3188 om.
2312 3153 2389 3198 T¹fl
2411 3156 2449 3189 11

201 3199 291 3234 ’κοις
307 3197 329 3242 ἢ
344 3197 471 3234 τόποις
491 3200 657 3233 CMonac.
672 3200 726 3243 (cf.
742 3201 788 3232 ad
798 3201 829 3241 ς)
848 3199 861 3244 Η
887 3201 928 3234 12
945 3201 1004 3232 καὶ
1019 3197 1089 3233 τὸν
1101 3218 1142 3223 ——
1160 3201 1201 3234 13
1216 3209 1301 3242 συμ-
1370 3197 1454 3231 locis
1476 3199 1523 3240 T]
1549 3198 1702 3231 domibus
1723 3198 1822 3242 RVn
1842 3200 1882 3232 12
1907 3198 2173 3241 emphiteotioam
2189 3198 2222 3231 R
2240 3197 2253 3243 ΙΙ
2273 3199 2311 3233 13
2335 3209 2450 3231 secun-

218 3243 380 3289 βολαίων
399 3257 457 3278 om.
472 3245 503 3278 L
521 3244 534 3288 ΙΙ
550 3242 593 3278 τὸ
612 3243 754 3278 πάκτον
770 3244 913 3289 (ῥάστον
929 3245 964 3286 C,
977 3246 1019 3288 ‹ff-
1034 3245 1080 3278 ad
1091 3246 1169 3286 579,
1182 3245 1231 3286 27)
1247 3255 1301 3278 τε·
1369 3243 1449 3277 dum
1471 3243 1599 3277 uirtute
1624 3243 1674 3277 Τι
1710 3245 1887 3276 euntem
1920 3243 1970 3276 1⁷¹
1985 3243 1998 3287 ss
2025 3245 2066 3278 16
2087 3243 2292 3276 sanctissima
2315 3243 2450 3277 ecclesia

219 3289 304 3332 λεῒν]
329 3290 511 3323 secundum
528 3289 618 3332 quod
633 3289 794 3332 placitum
811 3292 861 3323 est
882 3290 959 3323 dare
979 3291 1013 3322 et
1032 3290 1066 3331 (i.
1082 3303 1107 3323 e.
1129 3289 1301 3344 καθάπερ
1378 3288 1429 3322 ΙΝ
1446 3288 1458 3332 ΙΙ
1484 3290 1525 3324 18
1542 3299 1593 3322 res
1608 3288 1681 3332 ipsa
1696 3288 1830 3322 ualebat
1848 3289 1880 3322 T
1892 3288 1904 3332 ΙΙ
1922 3287 2107 3332 *ypotheoe
2122 3288 2228 3322 RVT
2247 3289 2450 3332 hypothecae

219 3330 1300 3424 measse..sau-“stnt
1369 3332 2450 3423 tiz-2¹¹„uri21zxess0um

220 3421 400 3469 ἁγιωτάτῃ
415 3392 551 3471 μὲἰγάλῖ]
567 3422 656 3458 ML⁶
675 3424 687 3467 ΙΙ
707 3426 747 3458 16
763 3392 827 3457 aba
850 3393 1047 3458 ε’σινῃοῖκοις
1060 3423 1277 3459 LNomoc.·¹''¹
1290 3425 1301 3462 ΙΙ
1368 3392 1487 3465 811111·εῆ
1509 3423 1721 3457 minima-atur
1739 3434 1776 3456 re
1796 3423 1842 3456 Β*
1901 3425 1942 3458 25
1964 3423 2123 3456 uirtutem
2145 3423 2265 3456 habere
2282 3421 2413 3464 Rvuly.
2437 3421 2449 3465 ΙΙ

223 3472 261 3503 17
284 3465 373 3503 ὅσον
391 3472 466 3508 too·
493 3469 646 3504 Nomai-‚⁶
658 3470 725 3513 pr.)
750 3470 782 3502 L
831 3469 958 3512 omae-⁶,
977 3471 1042 3504 Cv-
1059 3470 1078 3502 l.
1110 3470 1122 3508 ΙΙ
1149 3471 1191 3504 20
1213 3465 1301 3503 αὐτὸ
1370 3469 1413 3502 25
1422 3471 1510 3502 rubr.
1528 3469 1578 3501 De
1593 3468 1630 3502 ui
1645 3471 1678 3502 et
1693 3470 1854 3512 potestate
1871 3468 2121 3502 constitutionis
2139 3468 2366 3510 inperatorum
2378 3467 2447 3508 (sic,

222 3527 278 3546 om.
292 3515 346 3551 C'e
362 3515 375 3558 11
392 3511 602 3547 ἄναδιδότω
619 3514 686 3549 C'v.
698 3514 718 3547 I.
735 3512 748 3559 ΙΙ
767 3515 809 3548 23
825 3514 862 3548 εἴ
872 3527 908 3548 τι
925 3511 965 3548 δὲ
980 3515 1010 3550 0
1021 3514 1034 3558 ΙΙ
1052 3515 1095 3549 24
1110 3511 1302 3554 &caertesae
1370 3515 1430 3556 leq.
1449 3513 1486 3545 in
1503 3516 1662 3557 tempore)
1686 3513 1720 3547 R
1740 3515 1773 3547 in
1791 3525 1893 3557 mar-9.
1911 3515 1965 3555 (ex
1978 3514 2057 3556 Iul.)
2083 3514 2095 3557 ΙΙ
2119 3513 2160 3547 26
2184 3510 2338 3552 antiquas
2361 3510 2448 3553 leges

222 3559 252 3590 L
268 3558 281 3601 11
304 3560 346 3592 27
370 3558 417 3592 τὰ
441 3558 636 3605 πράγματα
658 3557 706 3593 τὰ
730 3578 772 3584 -
798 3560 842 3594 28
866 3556 1041 3603 δεδομένα
1063 3578 1107 3584 -
1132 3555 1301 3593 ἀναδίδο-
1367 3558 1523 3600 antiquas
1543 3559 1593 3592 Β*
1614 3558 1627 3603 ΙΙ
1651 3568 1807 3592 reuocare
1833 3558 1894 3602 ΤΙΙ
1920 3559 1962 3593 27
1987 3558 2114 3598 contra]
2137 3558 2252 3590 contra
2276 3556 2335 3588 heo
2362 3556 2413 3607 Τ*
2437 3555 2449 3600 ΙΙ

222 3601 325 3642 σθαι]
349 3614 402 3636 res
419 3621 462 3628 —-
483 3604 561 3637 data
578 3623 621 3628 -
640 3604 798 3637 reddatur
822 3615 842 3641 ς
857 3604 870 3648 ΙΙ
887 3603 933 3638 τὰ
957 3603 1070 3648 παρὰ]
1095 3602 1141 3638 τοὶ
1166 3617 1227 3638 om.
1242 3605 1272 3638 Ο
1289 3603 1302 3648 11
1367 3602 1494 3636 uirtute
1519 3604 1679 3644 (uirtutea
1691 3605 1759 3648 pr.)
1785 3604 1818 3638 T
1825 3603 1836 3624 ²
1851 3603 1864 3648 ΙΙ
1891 3604 1933 3638 28
1957 3602 2133 3646 usualibus
2153 3599 2203 3634 V¹
2234 3600 2447 3634 uenerahbus

224 3647 265 3679 29
281 3646 395 3689 νόμον
411 3649 515 3681 om.B
530 3648 543 3687 ΙΙ
562 3650 606 3683 32
622 3648 878 3693 φοιτησάντων
892 3649 970 3695 [2⁰11
989 3651 1032 3684 34
1048 3647 1261 3691 ἰσχύσαντος
1277 3649 1308 3684 0
1376 3646 1428 3681 1⁷³
1445 3646 1458 3689 ΙΙ
1482 3650 1524 3682 29
1546 3648 1768 3692 disposuimus
1793 3649 1825 3682 T
1842 3648 1856 3692 11
1880 3650 1922 3683 30
1941 3646 2138 3681 uocantibus
2158 3644 2207 3678 V·
2226 3643 2238 3688 ss
2254 3648 2329 3687 post
2353 3647 2445 3688 haec]

222 3702 253 3722 v.
268 3691 289 3722 1.
313 3691 325 3731 ΙΙ
348 3693 391 3725 36
414 3689 566 3726 ἐδίκτων
588 3694 619 3726 L
652 3694 761 3727 edicto
784 3706 804 3731 e
827 3694 840 3738 fl
866 3691 983 3738 μόνον
1003 3695 1091 3736 Mc]
1120 3693 1249 3738 μόνων
1269 3694 1301 3728 L
1366 3694 1499 3735 praeter
1521 3693 1602 3727 haec
1628 3694 1703 3727 RV
1728 3695 1806 3737 post
1828 3693 1914 3726 hano
1938 3691 1991 3727 Τι
2023 3693 2097 3734 post
2119 3690 2182 3722 huo
2206 3689 2348 3734 T¹vu19.
2365 3691 2378 3734 ΙΙ
2403 3692 2443 3725 31

222 3733 382 3775 legitimis
404 3737 438 3777 (ἰ.
452 3749 478 3770 e.
501 3740 676 3780 νομίμοις)
700 3750 720 3774 ς·
1368 3737 1500 3772 casibus
1524 3751 1583 3772 om.
1597 3738 1663 3783 Rss'
1683 3739 1727 3773 34
1750 3737 1856 3780 legem
1877 3749 1936 3771 om.
1949 3737 1982 3769 R
2448 3758 2451 3761 ,
