2586 3990
166 151 223 182 ΕΤ
253 149 370 181 ALIIS
399 147 677 180 PARENTIBUS

1238 130 1323 177 557

2047 129 2154 172 Nov.
2187 127 2343 171 CXVII
2374 127 2397 169 8

1140 268 1296 305 CAPUT
1321 267 1421 304 VIII.

232 338 375 384 Ἐπειδὴ
402 337 442 373 δὲ
463 336 596 374 πολλὰς
628 340 668 372 ἐν
692 342 765 383 τρῖς
789 337 954 374 παλαιοῖς
983 341 1043 372 καὶ
1066 336 1248 383 ἡμετέροις

167 384 315 433 εὕρομεν
339 382 460 430 νόμοις
485 385 602 418 αἰτίας
632 385 669 425 ἐξ
694 386 748 418 οὑν
772 382 922 431 εὐχερῶς
953 384 991 418 αἱ
1019 385 1095 418 τῶν
1118 383 1248 430 γάμων

167 431 342 467 διαλύσεις
364 435 546 477 γίνονται,
580 429 708 464 τούτου
739 432 842 464 ἕνεκα
868 428 1076 473 συνείδομεν
1106 431 1143 463 ἑκ
1167 426 1246 463 τού-

165 492 242 512 των
270 475 445 522 περιελεῖν
477 486 597 519 τινας,
634 476 739 521 αἴπερ
775 474 861 520 ἡμῖν
898 473 1044 516 ἀνάξιαι
1079 474 1169 521 πρὸς
1203 475 1245 508 τὸ

167 521 323 558 διαλύειν
357 522 490 568 γάμους
522 521 721 567 ἐφάνησαν,
758 525 817 554 καὶ
846 520 980 554 ταύτας
1014 519 1130 564 μόνον
1167 517 1248 553 ὄνο-

164 570 274 613 μαστὶ
302 568 355 609 τῷ
389 566 546 612 παρόντι
577 566 725 607 ἐντάξαι
750 567 864 611 νόμῳ,
899 565 990 612 ὑπὲρ
1015 566 1069 599 ὠν
1093 564 1249 612 εὐλόγως

165 613 317 648 δύναται
334 613 404 646 εἴτε
421 609 514 657 ἀνὴρ
537 613 608 656 εζτε
637 613 725 659 γυνὴ
751 609 945 659 ῥεπούδιον
969 613 1135 654 πέμπειν.
1185 610 1248 644 τὰς

162 662 287 692 τοίνυν
323 659 440 691 αἰτίας
471 659 509 698 ἐξ
546 658 599 692 ὠν
635 656 654 691 ὁ
693 655 785 702 ἀνὴρ
820 654 1014 702 ῥεπούδιον
1050 654 1248 690 ἀκινδύνως

163 702 323 737 στέλλειν
348 701 503 737 δύναται
535 707 594 737 καὶ
625 703 691 746 τὴν
715 705 845 747 προῖκα
862 702 1127 757 ,τῆς,γυναικὸς
1158 698 1246 735 ἀπο-

1373 336 1465 380 Quia
1487 345 1570 371 vero
1595 334 1764 380 plurimas
1789 332 1826 368 in
1847 333 2025 368 veteribus
2050 334 2085 367 et
2108 331 2239 366 nostris
2263 329 2398 366 inveni-

1317 392 1394 416 mus
1425 381 1562 426 legibus
1595 389 1722 415 causas
1755 388 1799 413 ex
1824 379 1951 423 quibus
1982 378 2087 413 facile
2111 377 2317 422 nuptiarum
2341 386 2399 411 so-

1316 427 1470 462 lutiones
1494 427 1594 469 fiunt,
1621 436 1663 461 ea
1683 435 1794 460 causa
1818 424 2060 468 perspeximus
2082 434 2124 458 ex
2140 423 2195 458 his
2216 421 2400 457 abscidere

1316 473 1471 517 aliquas,
1507 482 1597 517 quae
1628 471 1733 507 nobis
1764 469 1928 514 indignae
1959 470 2004 504 ad
2036 468 2222 504 solvendas
2254 467 2398 513 nuptias

1285 518 1413 554 5visae
1445 523 1546 560 sunt,
1584 518 1619 552 et
1652 527 1711 552 eas
1745 516 1859 551 solum
1895 514 2102 549 nominatim
2134 515 2313 559 praesenti
2345 513 2399 547 in·

1317 574 1434 599 serere
1458 563 1542 607 legi,
1575 573 1640 608 pro
1666 562 1793 607 quibus
1827 560 2086 595 rationabiliter
2109 563 2229 604 potest
2253 559 2324 594 sive
2347 558 2400 592 vir

1317 609 1390 645 sive
1411 609 1536 644 mulier
1566 608 1752 653 repudium
1784 606 1935 641 mittere.
1985 606 2091 640 Nunc
2119 607 2237 639 autem
2271 614 2399 639 causas

1317 665 1361 690 ex
1394 655 1522 699 quibus
1556 654 1706 688 maritus
1741 652 1927 697 repudium
1963 651 2040 686 sine
2069 651 2228 695 periculo
2259 650 2400 684 mittere

1316 703 1437 745 potest
1460 704 1495 735 et
1512 700 1627 734 dotem
1652 699 1773 734 uxoris
1796 697 1928 731 lucrari
1952 699 2104 738 (servato
2125 696 2162 730 in
2182 706 2223 730 ea
2244 695 2398 730 dominio

163 746 372 793 κερδαίνειν,
411 748 677 804 φυλαττομένης
711 749 774 791 τῆς
809 748 855 782 ἐπ
885 748 997 801 Ἀαυτῆ
1039 745 1248 780 δεσποτείας
1264 748 1302 781 10
1318 756 1360 780 ex
1384 746 1508 781 eodem
1532 744 1755 780 matrimonio
1779 743 1878 786 filiis,
1904 746 1967 777 aut
1991 743 2072 776 filiis
2097 752 2169 776 non
2194 741 2398 776 extantibus

162 798 235 828 τοῖς
265 796 303 828 ἐκ
336 807 399 828 του
425 808 535 828 αὐτου
566 807 682 841 γαμου
707 796 845 835 παισίν,
878 807 898 834 η
923 783 1070 827 παίδων
1098 789 1162 825 οὐκ
1186 790 1247 826 ὅν-

163 854 240 874 των
272 837 470 874 ἀπολαύειν
502 837 639 882 [αὐτὸν]
672 842 732 872 καὶ
763 839 824 880 τῆς
856 835 1080 878 δεσποτείας,
1114 835 1248 871 ταύτας

163 886 256 919 εἶναι
281 884 536 928 διατυποῖιμεν.

163 934 185 967 1
231 931 278 965 Εἰ
298 931 391 964 κατὰ
410 931 473 974 τῆς
490 928 673 975 βασιλείας
696 927 963 981 βουλευομένοις
983 930 1056 961 τισὶ
1081 925 1248 962 σύνοιδεν

163 975 184 1031 ή
208 977 297 1030 γυνὴ
331 980 390 1010 καὶ
421 989 474 1019 τῳ
508 974 588 1018 ἰδίῳ
622 971 728 1026 ἀνδρὶ
746 988 820 1029 Χμη,
841 974 1053 1019 φανερώσει.
1101 974 1132 1007 εἰ
1162 972 1202 1007 δὲ
1225 970 1244 1007 ὁ
1263 975 1302 1006 15
1316 975 1370 1007 est
1388 973 1512 1007 mulier
1535 975 1599 1006 aut
1622 971 1730 1007 etiam
1755 981 1818 1005 suo
1839 970 1913 1004 Viro
1938 980 2010 1004 non
2033 968 2177 1004 indicet.

163 1035 255 1067 ανηρ
278 1024 385 1055 τοῦτο
405 1021 504 1065 παρὰ
529 1022 591 1063 τῆς
608 1031 776 1066 γυναικος
801 1019 1035 1066 απαγγελθὲν
1059 1019 1245 1062 σιωπήσει,

162 1068 296 1108 ἐξέστω
333 1068 377 1113 τῇ
408 1069 549 1114 γυναικὶ
586 1062 636 1099 δι’
671 1063 884 1108 οἱουδήποτε
916 1064 1107 1110 προςώπου
1138 1066 1246 1098 τοῦτο

163 1111 434 1159 προςαγγέλλειν
454 1112 498 1158 τῇ
516 1109 697 1155 βασιλείᾳ,
725 1107 812 1144 ὥςτε
835 1111 902 1144 τὸν
919 1108 1037 1156 ἄνδρα
1067 1108 1245 1154 μηδεμίαν

163 1160 201 1191 ἐκ
224 1159 354 1201 ταύτης
375 1158 438 1201 τῆς
463 1158 578 1190 αἰτίας
602 1154 791 1211 ῥεπιζυδίου
816 1153 933 1202 εὑρεῖν
957 1155 1152 1202 πρόφασιν.

1316 791 1387 826 frui
1412 792 1519 826 etiam
1543 791 1772 836 proprietate)
1798 789 1862 823 has
1888 797 1965 823 esse
1990 787 2227 832 disponimus:

1315 930 1336 963 1
1383 927 1420 962 Si
1437 930 1563 962 contra
1586 925 1770 970 imperium
1796 924 2034 968 cogitantibus
2059 921 2400 1003 aliquibusSponscia

2252 979 2265 1002 1
2280 977 2326 1002 au
2345 977 2399 1001 em

1315 1018 1367 1052 vir
1391 1018 1460 1053 hoc
1485 1028 1507 1052 a
1530 1017 1677 1052 muliere
1709 1016 1953 1051 denuntiatum
1984 1015 2153 1056 tacuerit,
2185 1013 2292 1049 liceat
2323 1023 2398 1047 mu-

1314 1064 1394 1097 lieri
1425 1074 1489 1108 per
1513 1072 1772 1107 quamcumque
1803 1071 1992 1106 personam
2023 1061 2093 1095 hoc
2126 1060 2307 1095 declarare
2333 1058 2399 1092 im-

1314 1109 1431 1161 perio,
1462 1111 1502 1143 ut
1524 1109 1577 1143 vir
1600 1109 1735 1143 nullam
1767 1117 1812 1143 ex
1834 1107 1901 1142 hac
1933 1116 2044 1142 causa
2075 1105 2216 1151 repudii
2243 1103 2400 1140 inveniat

1314 1164 1549 1189 occasmnem.

162 1204 186 1238 2
240 1204 286 1238 Εἰ
317 1205 400 1248 περὶ
428 1205 587 1247 μοιχείας
619 1215 638 1235 ο
673 1202 765 1247 ανὴρ
796 1205 934 1244 νομίσει
967 1199 1154 1236 δύνασθαι
1176 1200 1245 1244 τὴν
1259 1200 1338 1235 202
1391 1199 1428 1234 Si
1464 1200 1507 1234 de
1543 1199 1717 1234 adulterio
1753 1198 1902 1233 maritus
1938 1196 2117 1242 putaverit
2155 1205 2262 1241 posse
2298 1204 2400 1230 suam

162 1250 288 1283 ἑαυτοῦ
313 1247 474 1295 γαμετὴν
491 1247 726 1294 ἐλεγχθῆναι,
753 1246 918 1293 προςήκει
937 1247 1005 1281 τὸν
1022 1245 1139 1293 ἄνδρα
1156 1247 1244 1292 πρό-

161 1308 265 1340 τερον
298 1293 548 1341 ἐγγράφεσθαι
579 1293 647 1336 τὴν
677 1296 829 1339 γυναῖκα
864 1290 887 1336 ἢ
916 1296 976 1326 καὶ
1009 1292 1077 1327 τὸν
1107 1292 1245 1337 μοιχόν,

161 1344 220 1374 καὶ
250 1340 350 1385 εἴπερ
385 1338 406 1383 ἡ
438 1338 587 1382 τοιαύτη
623 1343 818 1385 κατηγορία
854 1335 994 1381 ἀληθὴς
1030 1335 1245 1384 ἀποδειχθῇ,

161 1387 360 1429 τηνικαῦτα
396 1382 587 1431 ῥεπουδίου
622 1387 854 1429 πεμπομένου
891 1386 984 1426 ἔχειν
1026 1384 1093 1418 τὸν
1129 1382 1247 1429 ἄνδρα

220 1431 227 1441 x
477 1429 483 1438 a

1315 1255 1462 1280 uxorem
1485 1245 1662 1287 convinci,
1689 1247 1831 1289 oportet
1849 1243 1962 1278 virum
1983 1243 2082 1287 prius
2106 1241 2302 1277 inscribere
2321 1251 2398 1275 mu-

1314 1291 1434 1325 lierem
1464 1293 1528 1325 aut
1558 1290 1662 1324 etiam
1694 1290 1911 1330 adulterum,
1945 1291 1980 1323 et
2003 1289 2034 1323 si
2057 1287 2261 1322 huiusmodi
2291 1296 2399 1321 accu-

1316 1336 1407 1371 satio
1442 1345 1550 1370 verax
1582 1335 1792 1376 ostenditur,
1829 1336 1915 1368 tunc
1945 1333 2095 1378 repudio
2128 1334 2236 1368 misso
2267 1332 2400 1367 habere

1315 1382 1430 1417 virum
1459 1391 1567 1426 super
1599 1384 1681 1416 ante
1712 1380 1856 1425 nuptias
1881 1379 2107 1414 donationem
2140 1379 2245 1413 etiam
2269 1377 2400 1421 dotem,

162 1443 251 1487 προς
274 1432 317 1478 τῇ
343 1431 414 1476 πρὸ
439 1444 556 1476 γαμου
580 1427 699 1486 δωρεᾷ
725 1433 785 1463 καὶ
806 1429 876 1483 τὴν
900 1432 1048 1475 προῖκα,
1073 1433 1132 1462 καὶ
1157 1429 1248 1475 πρὸς
1260 1430 1301 1462 25
1316 1431 1352 1463 et
1375 1427 1421 1462 ad
1445 1427 1551 1469 haec,
1586 1427 1615 1461 si
1638 1427 1732 1461 filios
1756 1437 1828 1461 non
1853 1425 1979 1469 habet,
2004 1429 2144 1459 tantum
2168 1423 2332 1469 accipere
2356 1433 2401 1458 ex

161 1489 316 1516 τούτοις,
349 1478 378 1510 εἰ
403 1474 534 1511 παῖδας
564 1490 613 1520 μη
645 1477 737 1519 ἔχοι,
768 1487 944 1510 τοσουτον
974 1473 1177 1519 λαμβάνειν
1209 1476 1247 1508 ἐκ

161 1524 223 1565 τῆς
248 1521 354 1564 ἄλλης
384 1523 446 1565 τῆς
469 1521 637 1568 γυναικὸς
667 1525 872 1566 περιουσίας
903 1517 992 1555 ὅσον
1014 1522 1076 1564 τῆς
1101 1520 1248 1566 προικὸς

161 1569 203 1602 τὸ
229 1572 354 1615 τρίτον
377 1571 480 1613 μέρος
504 1567 596 1600 εἶναι
620 1566 854 1612 γινώσκεται,
880 1562 968 1601 ὦςτε
991 1568 1035 1613 τῇ
1057 1563 1166 1600 αὐτοῦ
1192 1563 1247 1599 δε-

163 1617 315 1656 σποτεία
338 1616 397 1646 καὶ
422 1612 489 1655 τὴν
513 1615 644 1657 προῖκα
669 1615 729 1646 καὶ
752 1612 819 1656 τὴν
843 1609 934 1657 παρ’
961 1610 1066 1656 ἡμῶν
1085 1610 1247 1657 ὁρισθεῖ-

1316 1473 1387 1508 alia
1403 1474 1526 1508 uxoris
1550 1472 1752 1508 substantia
1776 1475 1947 1515 quantum
1973 1470 2067 1505 dotis
2084 1470 2190 1505 tertia
2211 1479 2296 1514 pars
2322 1478 2400 1504 esse

1317 1518 1555 1563 cognoscitur,
1588 1520 1629 1553 ut
1662 1518 1737 1553 eius
1770 1517 1981 1562 proprietati
2013 1518 2049 1551 et
2080 1516 2143 1551 dos
2176 1518 2212 1550 et
2243 1525 2266 1550 a
2297 1514 2400 1550 nobis

1317 1565 1464 1599 definita
1498 1574 1615 1609 poena
1650 1563 1860 1608 applicetur.
1910 1562 1948 1596 Si
1979 1563 2072 1596 enim
2106 1561 2199 1597 filios
2234 1560 2402 1595 habuerit

1317 1621 1360 1645 ex
1383 1611 1507 1646 eodem
1531 1609 1772 1653 matrimonio,
1804 1608 1968 1644 iubemus
1997 1610 2035 1643 et
2059 1607 2178 1643 dotem
2207 1605 2401 1643 secundum

163 1671 233 1693 σαν
265 1659 399 1713 πρινὴν
431 1657 730 1702 προςκυροῦσθαι.
778 1658 809 1691 εἰ
839 1671 909 1704 γαρ
943 1656 1074 1713 παῖδας
1105 1659 1178 1700 ἔχοι
1209 1659 1247 1690 ἐκ
1260 1660 1302 1692 30

161 1705 226 1738 τοῦ
264 1706 376 1738 αυτοῦ
414 1707 655 1747 συνοικεσίου,
696 1702 885 1747 κελεύομεν
919 1706 979 1737 καὶ
1013 1717 1082 1747 την
1118 1705 1250 1750 προῖκα

223 1809 249 1829 c.
272 1796 370 1828 VIII.
396 1796 457 1828 IX
479 1797 627 1829 exhibent
646 1796 826 1829 Prochz'ron
847 1798 898 1837 11,
915 1804 938 1828 1.
954 1803 1039 1830 5-18
1065 1803 1095 1829 et
1114 1797 1237 1838 passim
1263 1795 1460 1837 interpolata
1477 1794 1684 1836 Epanayoqe
1701 1794 1754 1833 21,
1773 1800 1801 1825 5.
1816 1798 1849 1829 6;
1877 1791 1911 1823 Β
1929 1791 1983 1832 28,
1998 1798 2025 1832 7,
2039 1798 2052 1824 1
2073 1791 2136 1832 (B⁸
2160 1792 2237 1832 P4,
2251 1798 2265 1824 1
2282 1803 2317 1833 p.
2338 1792 2395 1823 151

163 1842 279 1883 Zach.)
305 1843 360 1874 ubi
383 1854 409 1874 c.
434 1842 452 1874 8
474 1846 521 1879 §2
546 1854 594 1874 vv.
613 1842 655 1874 24
680 1842 773 1882 ἐχειν
796 1839 864 1874 τὸν
888 1837 1004 1883 ἄνδρα
1031 1861 1073 1864 -
1107 1843 1229 1882 558,14
1254 1838 1547 1884 προςκυροῦσθαι
1571 1836 1702 1881 νόμους
1726 1839 1844 1871 omissa
1867 1844 1943 1869 sunt
1967 1849 2134 1880 eorumque
2159 1837 2227 1870 loco
2252 1837 2402 1869 insertum

163 1887 307 1920 novellae
323 1887 523 1920 CXXXIV
534 1899 559 1919 c.
578 1888 617 1920 10
642 1884 828 1930 κελεύομεν
854 1887 989 1920 ἐκείνοις
1013 1885 1077 1919 τὰς
1101 1885 1230 1920 ποινὰς
1253 1905 1298 1910 --
1321 1883 1592 1929 φυλάττεσθαιῑ
1619 1885 1702 1916 unde
1723 1884 1833 1916 eadem
1855 1883 1961 1915 eodem
1986 1883 2077 1915 modo
2103 1883 2323 1916 contaminata
2344 1883 2402 1915 Iza-

165 1935 276 1966 bentur
300 1934 333 1965 in
358 1933 399 1965 L.
425 1951 469 1956 —-
494 1933 643 1965 Summas
664 1941 838 1975 praestant
863 1934 996 1966 Nomoc.
1011 1933 1163 1966 XIVtz't.
1182 1933 1233 1974 13,
1248 1940 1263 1965 4
1286 1945 1320 1976 p.
1336 1932 1401 1965 613
1415 1931 1526 1970 Pitra,
1553 1930 1681 1973 Ecloya
1700 1930 1837 1972 privata
1862 1935 1959 1961 aucta
1985 1929 2015 1970 2,
2036 1935 2079 1961 21.
2093 1935 2128 1961 22
2143 1929 2186 1961 in.

231 1977 252 2020 ξ
280 1980 308 2012 1.
334 1978 354 2011 2
379 1980 583 2010 summarium
609 1991 647 2010 ex
673 1979 794 2011 leeod.
819 1980 933 2021 repetit
957 1975 1027 2011 ΒΣ.

232 2023 253 2066 ξ
279 2025 298 2056 2
315 2024 371 2062 (--
386 2025 462 2064 558,
473 2031 487 2056 3
502 2022 757 2066 τιμωρεῖσθαι)
782 2031 870 2056 extat
893 2026 926 2056 in
949 2024 1047 2056 schol.
1069 2023 1125 2060 B³;
1152 2023 1276 2056 initium
1292 2022 1349 2064 (—
1365 2023 1407 2055 22
1420 2019 1563 2065 μοιχὸν)
1581 2034 1619 2054 ex
1636 2021 1672 2053 B
1692 2021 1788 2053 habet
1804 2019 1985 2053 Nomocst'n
1999 2019 2154 2052 XIVtit.
2172 2019 2201 2060 1,
2215 2025 2250 2051 32
2272 2025 2301 2051 et
2324 2019 2373 2058 11,
2390 2026 2402 2052 1

322 2069 520 2101 coniunctum
545 2080 612 2101 cum
639 2070 784 2101 novettae
803 2069 1008 2102 CXXXIV
1023 2081 1048 2100 c.
1070 2070 1120 2108 10,
1146 2069 1202 2101 ubi
1224 2069 1288 2101 vid.
1304 2086 1345 2091 —
1372 2068 1534 2100 Summam
1559 2068 1613 2108 §2
1638 2067 1763 2099 exhibet
1776 2066 1925 2108 Epitome
1945 2066 2062 2107 49,10,
2088 2065 2209 2099 initium
2235 2064 2404 2106 respicitur

320 2109 411 2146 ‘Pom
441 2115 491 2154 14,
512 2121 534 2146 t.

298 2202 395 2237 VIII.

445 2201 623 2244 Quoniam
654 2208 771 2237 autem
804 2202 936 2236 multas
971 2201 1008 2235 in
1040 2201 1201 2246 antiquis
1230 2205 1264 2236 et
1296 2201 1433 2235 nostris
1466 2200 1604 2245 leqibus
1636 2210 1766 2234 causas
1797 2199 2013 2240 invenimus,
2050 2209 2100 2234 coc
2132 2199 2261 2244 quibus
2288 2199 2404 2244 facile

165 2249 475 2284 matrimoniorum
499 2247 751 2283 dissolutiones
770 2248 877 2292 fiunt,
897 2258 969 2293 pro
1001 2251 1097 2281 terea
1120 2246 1262 2292 placuit
1283 2246 1387 2281 nobis
1411 2257 1460 2280 ex
1481 2256 1605 2280 earum
1630 2255 1777 2279 numero
1802 2244 1979 2290 quasdam
1999 2244 2162 2289 auferre,
2187 2255 2282 2290 quae
2301 2244 2405 2280 nobis

164 2294 336 2340 indignae
360 2294 458 2329 visae
482 2297 565 2328 sunt
594 2293 642 2327 ad
664 2294 894 2327 matrimonia
918 2303 957 2326 so
976 2291 1106 2333 venda,
1142 2295 1250 2338 atque
1274 2302 1337 2326 eas
1365 2291 1466 2326 solas
1495 2290 1707 2325 nominatim
1730 2290 1923 2336 praesenti
1952 2289 2025 2335 leqi
2048 2289 2219 2330 inserere,
2245 2295 2405 2336 propter

165 2351 257 2386 quas
281 2340 359 2374 iure
383 2340 455 2374 sive
480 2339 535 2373 vir
558 2339 631 2373 sive
654 2339 782 2372 mulier
806 2337 997 2384 repudium
1026 2337 1166 2372 mittere
1183 2337 1312 2383 possit.
1364 2337 1500 2373 Causas
1523 2336 1637 2382 iqitur
1659 2346 1708 2370 esc
1732 2334 1863 2380 quibus
1885 2334 2038 2368 maritus
2061 2335 2138 2369 sine
2159 2335 2323 2380 periculo
2348 2346 2403 2370 re-

163 2385 313 2431 pudium
338 2385 478 2419 mittere
499 2388 619 2429 potest
644 2387 678 2418 et
702 2384 819 2418 dotem
842 2383 1001 2418 mulieris
1025 2383 1181 2424 lucrari,
1213 2383 1266 2417 ita
1290 2386 1331 2417 ut
1353 2381 1549 2417 dominium
1573 2382 1650 2416 eius
1674 2380 1796 2415 liberis
1826 2391 1875 2415 ex
1898 2380 2022 2414 eodem
2052 2380 2282 2415 matrimonio
2307 2381 2404 2416 natis

165 2434 336 2472 servetur,
364 2435 428 2464 aut
452 2430 572 2464 liberis
597 2440 670 2464 non
694 2429 903 2464 extantibus
928 2429 1033 2462 etiam
1059 2427 1216 2462 dominio
1241 2429 1341 2472 frui,
1366 2427 1473 2462 ltasce
1496 2437 1573 2461 esse
1597 2427 1857 2461 constituimus.

167 2479 188 2512 1
235 2475 276 2511 Si
300 2480 429 2511 contra
453 2476 707 2520 imperatorem
731 2473 956 2509 molientibus
987 2473 1129 2518 aliquid
1159 2472 1373 2518 quibusdam
1398 2473 1542 2507 conscia
1563 2472 1681 2517 fuerit
1703 2471 1830 2506 mulier
1861 2482 1977 2516 neque
2001 2469 2041 2505 id
2063 2471 2194 2505 marito
2218 2481 2285 2506 suo
2310 2471 2403 2506 indi-

167 2521 310 2556 caverit.

358 2519 496 2563 Quodsi
521 2521 673 2554 maritus
698 2519 767 2555 Ιιοο
783 2531 806 2555 a
822 2519 970 2554 muliere
989 2518 1061 2554 sibi
1073 2520 1278 2553 nuntiatum
1298 2519 1494 2560 reticuerit,
1519 2517 1626 2552 liceat
1649 2517 1790 2551 mulieri
1807 2527 1880 2562 per
1895 2515 2189 2567 qualemcumque
2206 2527 2404 2562 personam

167 2566 234 2601 hoc
259 2566 307 2601 ad
328 2567 584 2612 imperatorem
608 2565 763 2610 referre,
796 2569 835 2599 ut
858 2565 1009 2599 maritus
1033 2564 1170 2599 nullum
1195 2575 1244 2599 esc
1269 2563 1337 2599 liae
1360 2574 1472 2598 causa
1495 2562 1640 2609 repudii
1658 2566 1893 2608 praetextum
1917 2562 2087 2596 inveniat.

166 2614 190 2647 2
238 2611 278 2646 Si
303 2611 474 2646 adulterii
496 2612 648 2645 maritus
672 2621 825 2646 umorem
849 2621 951 2644 suam
977 2609 1142 2644 convinci
1155 2620 1270 2655 posse
1292 2609 1570 2649 existimaverit,
1603 2608 1769 2642 convenit
1793 2607 1962 2642 maritum
1988 2607 2098 2652 prius
2131 2606 2288 2642 libellum
2315 2607 2404 2642 dare

167 2658 211 2692 de
234 2657 382 2692 muliere
406 2656 462 2692 vel
483 2657 589 2691 etiam
614 2656 658 2691 de
682 2656 859 2698 adultero,
883 2660 918 2690 et
940 2654 1115 2700 siquidem
1140 2655 1314 2690 eiusmodi
1339 2655 1522 2689 accusatio
1549 2665 1633 2689 vera
1657 2664 1732 2689 esse
1750 2652 1911 2699 probata
1935 2652 1994 2693 sit,
2020 2656 2094 2687 tum
2118 2663 2157 2687 re
2185 2651 2270 2687 udio
2294 2653 2403 2688 misso

167 2703 318 2737 maritus
340 2706 487 2748 praeter
511 2701 740 2736 donationem
765 2705 848 2736 ante
872 2701 1020 2747 nuptias
1044 2700 1162 2734 dotem
1186 2711 1330 2746 quoque
1354 2699 1495 2741 habeat,
1529 2710 1572 2733 ac
1595 2703 1803 2745 praeterea,
1835 2698 1867 2732 si
1890 2698 2023 2733 liberos
2046 2709 2117 2732 non
2155 2698 2292 2740 tabeat,
2326 2703 2404 2733 tan-

169 2754 241 2782 tum
265 2759 315 2783 ex
337 2747 487 2793 reliquis
510 2747 613 2782 honis
636 2747 795 2782 mulieris
819 2747 977 2792 accipiat
1001 2750 1174 2791 quantum
1199 2745 1295 2781 dotis
1320 2746 1427 2781 tertia
1446 2756 1541 2791 pars
1563 2755 1640 2780 esse
1663 2744 1896 2789 intelleqitur,
1928 2748 1970 2778 ut
1993 2742 2150 2778 dominio
2178 2743 2256 2778 eius
2279 2748 2315 2779 et
2338 2743 2405 2778 dos

168 2800 202 2828 et
218 2804 344 2840 poena
368 2804 391 2827 a
414 2793 518 2828 nobis
541 2793 690 2837 definita
713 2792 915 2828 addicatur.
966 2791 1006 2826 Si
1030 2791 1122 2826 enim
1148 2791 1277 2827 liberos
1300 2802 1350 2827 ecc
1373 2791 1496 2826 eodem
1520 2790 1691 2836 coniuqio
1716 2788 1863 2831 habeat,
1896 2788 2057 2824 iubemus
2079 2793 2116 2824 et
2139 2788 2256 2824 dotem
2279 2800 2403 2824 secun-

226 2885 243 2918 1
266 2878 412 2924 Ἐπειδὴ
437 2902 480 2907 -
506 2885 524 2915 7
542 2884 700 2926 πέμπειν
725 2895 782 2915 om.
797 2882 847 2915 BS
866 2883 877 2924 Η
894 2878 934 2914 δὲ
957 2895 1015 2915 om.
1030 2882 1088 2914 Pr.
1102 2882 1167 2924 Ep.
1183 2882 1217 2914 Β
1240 2880 1252 2927 Η

168 2930 228 2961 καὶ
244 2924 425 2971 ἡμετέροις
444 2941 502 2960 om.
519 2928 575 2960 Pr.
594 2931 604 2970 Η
625 2930 644 2961 2
661 2924 785 2971 νόμοις
801 2923 951 2971 εὕρομεν
964 2928 1022 2960 Pr.
1039 2927 1050 2964 ΙΙ
1070 2928 1091 2959 4
1111 2922 1252 2965 ἀνάξιοι

171 2974 227 3006 Pr.
246 2975 309 3016 Ep.
329 2974 360 3005 Β
388 2976 399 3014 Η
430 2976 447 3006 7
475 2970 629 3005 δύναται
653 2992 696 2996 —-
719 2975 888 3014 πέμπειν]
914 2971 995 3006 τοὺς
1017 2967 1146 3016 γάμους
1170 2969 1251 3013 δίχα

170 3018 296 3058 ποινῆς
320 3017 440 3056 ἔξεστι
462 3014 621 3050 διαλύειν
645 3018 702 3050 Pr.
728 3017 740 3054 ΙΙ
762 3016 954 3061 ρἐπούδιον
980 3019 1035 3058 Μ]
1067 3013 1251 3060 διαζύγιον

175 3064 240 3096 LB
262 3066 303 3101 (et
319 3065 365 3095 sic
382 3064 474 3105 infra
492 3064 684 3104 constanter)
709 3059 874 3095 διάλυσιν
898 3064 962 3105 Ep.
987 3062 998 3105 Η
1028 3064 1185 3105 πέμπειν
1208 3082 1251 3087 -

173 3111 191 3143 S
217 3104 409 3152 ῥεπούδιον
434 3120 490 3140 om.
507 3108 554 3140 Bl
577 3108 589 3149 Η
616 3108 634 3141 8
659 3110 783 3140 τοίνυν
806 3121 863 3140 om.
878 3108 936 3140 Pr.
965 3109 976 3149 Η
1001 3104 1193 3153 ῥεπούδιον
1208 3128 1251 3133 -

172 3157 191 3188 9
216 3155 287 3193 καὶ]
319 3148 519 3186 ἀκινδύνως
542 3149 782 3196 χωριζόμενος
801 3154 866 3195 Ep.
896 3150 1135 3195 χωριζόμενος
1161 3154 1215 3186 Pr.
1240 3153 1251 3197 Η

172 3202 192 3234 9
217 3195 369 3231 δύναται
394 3211 451 3230 om.
476 3200 509 3230 in
533 3206 617 3241 spat.
643 3210 712 3231 vac.
733 3199 752 3230 2
779 3199 835 3230 liu.
853 3198 896 3231 Bl
922 3197 934 3241 Η
966 3194 1250 3240 άποκερδαίνειν]

173 3241 327 3277 δύναται
361 3244 438 3275 add.
464 3244 521 3275 Pr.
546 3243 631 3286 Ep„
675 3241 768 3275 κατὰ
795 3243 923 3287 χρῆσιν
956 3244 1033 3275 add.
1058 3244 1107 3276 Β8
1131 3257 1159 3277 υ.
1186 3245 1206 3276 l.
1241 3243 1253 3288 Η

175 3292 215 3323 12
240 3287 368 3329 αὐτὸν]
402 3283 528 3320 αὐτοὺς
552 3289 622 3330 Pr.‚
647 3301 705 3321 om.
725 3300 753 3324 ς.
801 3289 931 3322 seclusi
938 3301 946 3326 ;
971 3290 1013 3331 ‹ff-
1040 3291 1116 3330 559,
1131 3297 1148 3323 4
1171 3289 1183 3333 Η
1212 3292 1253 3323 14

172 3337 215 3377 ξξ
232 3335 318 3368 1—6
336 3346 481 3367 numeros
506 3331 586 3364 a'—
594 3332 623 3370 ς’
637 3335 772 3376 adponit
788 3333 834 3367 Bl
857 3335 890 3366 in
907 3346 1021 3377 mara,
1045 3334 1193 3378 πρῶτον
1209 3354 1252 3359 -

173 3382 279 3412 ἕκτον
305 3381 416 3412 inserit
433 3380 496 3422 Ep.
515 3381 653 3421 (addens
669 3381 834 3422 septimam
851 3392 982 3412 causam
997 3392 1034 3412 ex
1051 3393 1123 3412 nov.
1140 3381 1257 3414 XXII

174 3439 199 3459 c.
214 3428 253 3459 15
271 3430 314 3464 §2
325 3425 471 3468 petitam)
499 3425 511 3466 Η
541 3422 765 3468 βουλομένοις
785 3425 850 3468 Ep.
874 3422 1087 3466 κελεύομενῖ
1107 3426 1155 3458 L¹
1172 3425 1184 3469 ΙΙ
1215 3428 1252 3460 15

173 3472 245 3511 καὶ]
281 3473 340 3502 aut
365 3470 462 3502 etiam
495 3471 529 3510 (i.
556 3483 581 3503 e.
614 3467 636 3511 ἢ
660 3472 732 3511 καὶ)
757 3481 776 3506 ς
804 3470 816 3512 Η
847 3469 1039 3516 φανερώσῃ
1064 3470 1120 3503 Pr.
1145 3471 1209 3515 Ep.
1243 3471 1254 3515 Η

177 3518 217 3549 16
243 3514 342 3560 παρὰ
370 3516 432 3557 τῆς
461 3513 626 3560 γυναικὸς
652 3516 760 3548 τοῦτο
785 3516 834 3548 Bs
863 3516 875 3558 Η
904 3513 1170 3560 προςαγγελθὲν
1195 3517 1251 3549 Pr.

176 3562 239 3602 Ep.
258 3561 270 3603 Η
288 3560 467 3602 σιωπήσοι
482 3562 531 3594 La
555 3558 723 3606 σιωπήσῃ
738 3562 793 3593 Ρν.
805 3562 868 3604 Ep.
888 3561 899 3604 Η
921 3563 959 3594 19
975 3557 1173 3605 ῥεπουδίου]
1196 3558 1253 3595 λύ-

176 3616 264 3638 σεως
288 3604 402 3650 γάμου
428 3607 485 3639 Pr.
499 3607 563 3649 Ep.
580 3606 592 3650 Η
613 3608 654 3639 20
680 3602 699 3638 ὁ
725 3602 818 3650 ἀνὴρ
842 3603 984 3651 δυνηθῇ
1016 3604 1153 3652 ἐλέγξαι
1184 3607 1253 3649 τὴν

176 3653 326 3695 γυναῖκα
349 3653 476 3695 reliqua
491 3660 587 3695 parte
606 3652 627 3695 ξ
644 3652 663 3684 2
685 3654 800 3684 omissa
819 3653 867 3684 Β8
885 3651 897 3695 Η
922 3654 1060 3694 νομίσει
1079 3653 1176 3685 sclzol.
1197 3653 1252 3693 RS]

177 3698 318 3738 νομίσοι
343 3697 418 3729 libri
443 3697 454 3739 Η
485 3699 525 3731 21
553 3693 663 3729 αὐτοῦ
687 3697 865 3730 Nomoc.dm
884 3699 912 3737 1,
931 3704 965 3730 32
997 3696 1008 3735 {l
1037 3698 1078 3730 22
1102 3697 1171 3739 τὴν
1194 3710 1252 3741 γυ-

178 3743 284 3774 ναῖκα
305 3761 346 3765 -
369 3741 497 3785 μοιχὸν
521 3756 579 3776 om.
605 3743 702 3776 schol.
718 3743 766 3775 R⁸
783 3742 796 3785 Η
813 3744 872 3774 καὶ
898 3755 953 3775 om.
969 3741 1015 3774 Bl
1037 3742 1049 3785 Η
1068 3743 1110 3776 23
1134 3738 1155 3784 ἡ
1180 3754 1252 3775 τοι-

1321 2881 1409 2923 αύτη
1420 2901 1464 2906 -
1477 2877 1681 2926 ἀποδειχθῇ
1704 2880 1904 2921 (ostenditur
1925 2881 1956 2917 ς)
1982 2880 2027 2912 Μ
2038 2880 2092 2911 Pr.
2108 2880 2172 2922 Ep.
2197 2880 2294 2912 schol.
2313 2880 2362 2913 Bs
2373 2882 2404 2921 ς]

1319 2926 1361 2960 τὸ
1391 2926 1453 2969 τῆς
1481 2928 1640 2969 μοιχείας
1671 2923 1828 2970 ἔγκλημα
1851 2925 2015 2970 φανερῶς
2040 2921 2276 2966 ἀποδειχθείη
2301 2925 2371 2958 LB
2394 2925 2405 2969 Η

1322 2974 1364 3006 24
1380 2972 1562 3015 χωρισμοῦ
1579 2973 1772 3017 γενομένου
1786 2972 1843 3003 Pr.
1858 2972 1922 3014 Ep.
1940 2975 1951 3012 Η
1972 2972 2013 3004 25
2029 2970 2116 3014 πρὸς
2135 2984 2192 3003 οιη.
2209 2971 2271 3002 Ma
2289 2970 2300 3014 Η
2319 2981 2402 3015 προ-

1319 3020 1472 3063 γαμιαίᾳ
1494 3019 1592 3050 schot.
1609 3018 1656 3049 Bs
1674 3017 1685 3060 Η
1705 3018 1746 3050 26
1767 3017 1852 3058 ἐχοι]
1877 3016 1978 3048 habet
2003 3028 2022 3052 ς
2039 3016 2051 3053 ΙΙ
2069 3018 2112 3049 30
2136 3014 2281 3058 ποινὴν]
2306 3014 2403 3060 λόγῳ

1319 3063 1447 3105 ποινῆς
1469 3064 1596 3106 τρίτην
1618 3064 1750 3106 μοῖραν
1774 3057 1874 3103 αὐτῷ
1894 3062 1960 3105 Ep.

1384 3154 1504 3186 lrubr.
1528 3151 1578 3183 De
1601 3152 1750 3193 repudiis
1773 3163 1792 3184 a
1816 3153 1935 3184 marito
1960 3151 2131 3183 mittendis
2155 3151 2333 3194 ItTmary.
2353 3152 2405 3192 (ex

1320 3199 1396 3240 Iul.)
1413 3197 1424 3239 Η
1444 3199 1476 3229 et
1491 3196 1528 3228 in
1546 3199 1668 3229 nostris
1687 3198 1718 3230 T
1733 3197 1745 3241 Η
1762 3197 1891 3238 legibus
1908 3196 2098 3229 inuenimus
2117 3197 2240 3239 Tvulq.
2261 3196 2272 3239 Η
2289 3197 2309 3229 2
2327 3206 2402 3228 cau-

1319 3255 1376 3276 sae*
1400 3243 1450 3276 V¹
1469 3242 1481 3285 Η
1498 3243 1517 3275 3
1542 3242 1640 3283 fiunt]
1665 3245 1698 3274 et
1721 3244 1797 3283 (del.
1813 3243 1873 3283 R‘2)
1898 3242 2001 3274 fuerit
2020 3243 2052 3274 R
2070 3242 2082 3283 Η
2101 3251 2138 3273 ea
2162 3251 2260 3273 causa
2285 3242 2318 3274 in
2335 3254 2401 3274 ras.

1330 3288 1380 3322 V²
1395 3287 1407 3331 Η
1433 3287 1602 3319 abscidere
1628 3289 1676 3319 ed.
1692 3289 1757 3330 pr.]
1782 3287 1956 3320 abscedere
1981 3287 2103 3319 RVT¹
2134 3286 2327 3318 abscindere
2354 3286 2404 3319 Τ2

1320 3335 1405 3377 vuly.
1423 3333 1435 3375 Η
1453 3334 1475 3366 4
1492 3343 1576 3373 quae
1592 3342 1612 3364 a
1627 3332 1724 3365 nobis
1741 3332 1840 3374 digno
1863 3332 1910 3365 T¹
1929 3333 1940 3374 Η
1957 3332 1995 3363 ad
2015 3331 2203 3372 soluendas]
2228 3331 2402 3364 absoluen-

1321 3380 1377 3412 das
1398 3377 1478 3411 VT¹
1495 3377 1507 3420 ΙΙ
1533 3379 1553 3411 5
1578 3378 1648 3409 nise
1674 3380 1707 3410 in
1724 3391 1790 3411 ras.
1813 3377 1863 3410 V2
1886 3378 1897 3419 Η
1923 3377 2007 3409 solas
2024 3378 2056 3409 R
2075 3375 2087 3420 Η
2112 3379 2130 3409 'i'
2156 3376 2319 3409 mulier„
2342 3378 2374 3410 T
2392 3377 2403 3421 Η

1321 3428 1340 3459 9
1361 3423 1484 3457 luctari
1506 3421 1562 3466 Vn
1582 3425 1620 3456 10
1646 3425 1704 3455 aut
1728 3423 1805 3455 filiis
1826 3422 1886 3463 R1]
1911 3425 1969 3454 aut
1989 3421 2121 3453 filiabus
2143 3422 2193 3454 1132
2203 3422 2273 3454 VT
2281 3423 2366 3466 vuly.
2391 3425 2403 3466 Η

1324 3472 1361 3504 11
1387 3468 1624 3512 proprietatem
1646 3468 1723 3510 Vass
1743 3470 1821 3508 esse]
1847 3478 1917 3500 esse
1932 3467 1998 3499 alia
2011 3467 2059 3499 R¹
2077 3466 2089 3509 Η
2109 3468 2151 3500 14
2175 3466 2220 3509 ἐξ
2235 3469 2322 3501 1-6
2344 3480 2402 3500 nu-

1321 3528 1421 3548 meros
1437 3515 1499 3547 I—
1511 3513 1563 3546 VI
1583 3515 1751 3556 adponant
1775 3513 1878 3545 R2T2
1903 3515 1935 3545 in
1955 3526 2056 3554 marg).
2078 3512 2089 3555 Η
2111 3514 2242 3544 conscia
2267 3514 2314 3545 est
2337 3514 2409 3546 RT

1321 3561 1419 3603 vala]
1445 3558 1630 3592 consentiat
1651 3558 1706 3600 Vll
1727 3560 1767 3592 15
1784 3569 1843 3590 suo
1863 3570 1922 3590 om.
1942 3558 1972 3590 R
1991 3557 2003 3600 Η
2018 3557 2148 3589 indidet
2170 3557 2208 3599 V,
2222 3571 2248 3591 s.
2261 3571 2290 3592 v.
2314 3569 2402 3591 nun-

1321 3606 1386 3638 ciet
1406 3605 1456 3638 V³
1479 3604 1491 3647 Η
1515 3604 1568 3636 sin
1594 3604 1648 3645 ΤΗ
1679 3605 1718 3637 17
1744 3612 1952 3645 quacumque
1976 3602 2068 3635 RV¹
2093 3601 2105 3645 Η
2132 3604 2172 3636 18
2194 3603 2289 3635 nulla
2310 3604 2374 3637 VT
2391 3603 2403 3648 Η

1323 3653 1365 3684 22
1381 3649 1581 3682 adulterium
1595 3648 1767 3681 R¹V²T¹
1787 3649 1798 3689 Η
1814 3647 1958 3680 accusati
1981 3647 2026 3679 V¹
2045 3648 2056 3690 Η
2075 3649 2116 3680 23
2130 3658 2210 3680 uera
2229 3649 2281 3681 V2
2301 3660 2401 3682 uerax

1322 3706 1390 3729 esse
1415 3697 1536 3738 Tvuly.
1554 3694 1566 3738 Η
1584 3696 1626 3728 25
1650 3694 1678 3726 si
1703 3706 1760 3726 om.
1777 3694 1826 3726 R¹
1846 3693 1857 3737 Η
1875 3694 1917 3726 26
1939 3693 2072 3734 quando
2097 3693 2145 3726 T¹
2161 3693 2173 3737 Η
2193 3695 2233 3727 27
2261 3697 2292 3727 et
2314 3697 2345 3736 a]
2370 3701 2402 3728 et

1323 3755 1380 3775 om.
1399 3741 1443 3774 T¹
1461 3742 1472 3783 Η
1489 3741 1530 3774 28
1548 3739 1710 3783 aplicetur
1724 3740 1756 3772 T
1767 3738 1779 3783 Η
1800 3740 1841 3773 29
1859 3739 2046 3771 iuberemus
2067 3738 2100 3771 V
2112 3737 2125 3783 Η
2140 3738 2239 3771 etiam
2255 3741 2287 3773 T
