2618 4010
225 138 333 186 Nov.
362 138 527 184 XXXV

1315 137 1400 185 242
1760 153 1821 186 nn
1849 153 2151 188 miurossmus
2179 153 2454 193 QUAEsToms
2472 155 2474 157 ·

725 374 780 426 R
811 375 906 426 DE
941 305 1414 425 ADIUTORffi}
1446 374 1877 434 QUAESTORIS
1907 377 1961 428 R

1030 451 1128 487 Idem
1151 452 1195 488 A.
1221 451 1440 487 Triboniano
1466 453 1657 496 quaestori.

2158 310 2268 345 Auth.
2283 309 2454 346 XXXVII

358 519 459 556 Inter
486 518 581 556 viros
612 520 758 557 devotos
788 519 1008 569 memoriales
1039 523 1114 554 tam
1146 518 1241 555 sacri
1269 519 1385 555 nostri
1417 519 1539 555 scrinii
1570 520 1759 556 memoriae
1791 530 1897 566 quam
1922 522 2127 567 epistolares
2157 532 2224 559 nec
2256 533 2327 558 non
2350 522 2451 558 libel-

226 565 343 602 lenses
367 568 403 602 et
426 564 609 601 adiutores
632 565 699 601 viri
723 566 854 601 excelsi
878 575 943 616 pro
967 567 1126 610 tempore
1151 564 1352 609 quaestoris
1377 564 1507 600 multas
1534 564 1776 601 dubitationes
1801 565 1934 601 scimus
1957 577 2035 603 esse
2059 577 2213 604 emersas
2235 568 2453 613 temporibus
2478 571 2497 602 5

226 611 387 647 Thomas
432 610 686 647 loriosissimae
710 609 986 654 recordationis,
1020 620 1100 645 cum
1131 609 1162 644 is
1194 608 1434 654 quaestoriam
1463 619 1577 654 nuper
1599 612 1674 645 tam
1706 610 1800 646 sacri
1831 610 1953 646 scrinii
1975 613 2164 648 memoriae
2194 623 2297 658 quam
2321 613 2453 657 episto-

225 656 342 692 larum
365 667 413 701 gu
440 655 590 692 ernabat
614 666 817 699 censuram,
850 654 1074 690 adiutoribus
1107 654 1248 700 quidem
1279 654 1523 690 asserentibus
1558 655 1595 689 in
1620 655 1751 691 scrinio
1783 655 1924 700 quidem
1948 658 2136 693 memoriae
2167 658 2352 693 duodecim
2377 666 2454 692 esse

226 701 425 747 antiquitus
449 701 648 743 adiutores,
679 701 717 736 in
741 700 820 735 aliis
845 704 963 735 autem
988 699 1128 735 duobus
1152 699 1311 742 scriniis,
1343 700 1380 734 id
1404 703 1459 735 est
1483 709 1667 735 sacrarum
1699 701 1931 745 epistolarum
1961 705 1998 735 et
2029 711 2210 738 sacrorum
2242 703 2454 743 libellorum,

226 747 265 783 in
287 756 504 792 unoquoque
535 748 702 826 segtenos
727 755 891 788 numero;
932 745 995 780 sed
1018 748 1146 790 postea
1169 745 1222 780 sic
1247 744 1395 780 effusam
1427 755 1505 780 esse
1528 744 1725 788 licentiam,
1757 749 1798 780 ιιι
1828 746 2104 782 innumerabiles
2136 757 2249 792 paene
2274 748 2454 782 adiutores

227 793 394 828 extarent
421 792 574 837 tempori
601 802 642 826 us
663 791 832 826 Iohannis
863 789 930 825 vIri
961 789 1138 835 magnifici
1168 790 1387 835 quaestoris,
1420 800 1501 825 cum
1532 801 1597 834 per
1620 791 1797 834 prolixum
1820 795 1960 836 tempus
1993 791 2064 826 tale
2086 793 2253 836 gessisset
2276 792 2454 836 officium3

181 839 203 874 1
227 840 265 873 et
294 836 487 874 Proculum
517 836 681 872 excelsae
713 835 903 871 memoriae
938 835 982 870 de
1015 835 1225 871 confusione
1257 834 1460 870 adiutorum
1491 835 1667 880 imperiali
1704 835 1847 871 culmini
1880 836 2114 880 suggessisse,
2150 839 2187 872 et
2217 837 2333 873 divino
2366 841 2455 871 nutu

226 892 367 919 sacram
391 881 681 918 constitutionem
715 891 792 917 esse
817 880 1094 925 promulgatam,
1127 890 1198 925 qua
1222 883 1369 915 cavetur
1392 880 1550 924 antiquo,
1583 880 1621 915 id
1646 884 1701 915 est
1724 880 1863 924 XXVI,
1898 891 2045 916 numero
2078 882 2320 918 tantummodo
2346 892 2454 927 quae-

227 928 334 963 storis
358 927 540 963 adiutores
565 925 731 962 concludi
758 927 795 961 et
826 936 897 961 non
926 926 1034 961 licere
1065 926 1173 960 alium
1199 925 1404 969 subrogari,
1438 925 1551 960 donec
1574 925 1612 960 in
1636 925 1860 970 praedictum
1892 936 2079 961 numerum
2106 936 2231 970 agmen
2254 927 2456 963 adiutorum

225 972 415 1017 redigatur,
441 971 604 1007 omnibus
629 970 818 1016 superfluis
839 970 1017 1023 paulatim
1041 970 1247 1007 deminutis:
1286 970 1433 1006 licentia
1456 970 1667 1015 primatibus
1700 972 1944 1007 tantummodo
1970 971 2193 1007 adiutoribus
2222 972 2307 1007 data
2329 972 2366 1007 in
2390 981 2457 1006 sua

226 1018 308 1053 loca
330 1017 420 1053 alios
445 1016 674 1060 subrogandi,
699 1016 733 1050 id
759 1018 816 1051 est
837 1027 874 1050 ιιι
900 1015 1032 1051 scrinio
1056 1015 1199 1061 quidem
1221 1016 1411 1051 memoriae
1435 1016 1579 1050 tertium
1605 1016 1784 1061 [primum]
1809 1017 1927 1051 locum
1952 1016 2127 1061 optinenti
2151 1021 2186 1051 et
2209 1016 2455 1052 laterculensis

226 1072 357 1098 nomen
378 1061 532 1103 ineunti,
564 1061 603 1095 in
633 1061 712 1096 aliis
737 1063 856 1096 autem
890 1061 1028 1097 duobus
1050 1060 1207 1105 scriniis,
1240 1060 1278 1095 id
1302 1064 1355 1096 est
1378 1060 1609 1105 epistolarum
1634 1066 1670 1095 et
1693 1061 1910 1104 libellorum,
1942 1061 1980 1096 in
2004 1061 2199 1097 secundum
2226 1061 2374 1106 gradum
2398 1071 2455 1096 ve-

227 1107 408 1143 nientibus
439 1110 476 1142 et
506 1106 850 1151 melloproximatum
880 1106 1180 1151 ingredientibus,
1212 1110 1254 1142 ut
1278 1105 1315 1140 hi
1339 1106 1583 1141 tantummodo
1607 1106 1787 1141 licentiam
1811 1107 1984 1142 haberent
2015 1107 2124 1142 alium
2157 1106 2225 1142 sibi
2250 1107 2454 1150 subrogare.

182 1153 207 1189 2
231 1153 432 1198 Posteaque
450 1151 601 1187 eundem
621 1151 918 1196 prudentissimae
936 1151 1127 1187 memoriae
1150 1151 1263 1187 virum
1287 1151 1378 1186 bene
1399 1151 1621 1187 existimasse
1644 1152 1773 1186 multos
1794 1152 1953 1193 inveniri,
1981 1153 2040 1195 qui
2060 1163 2131 1186 non
2150 1151 2290 1196 possint
2310 1155 2458 1196 propter

230 1198 348 1233 varias
372 1196 604 1232 difficultates
635 1206 728 1242 quae
751 1197 907 1232 humano
931 1197 1051 1241 generi
1075 1196 1215 1241 positae
1239 1199 1325 1232 sunt
1354 1206 1419 1241 per
1442 1206 1480 1231 se
1505 1196 1622 1231 divina
1646 1197 1842 1232 ministeria
1865 1206 2044 1242 peragere,
2071 1199 2107 1231 et
2129 1197 2258 1232 iterum
2282 1197 2388 1232 verbo
2413 1196 2458 1231 ad

228 1242 410 1289 imperiale
431 1241 614 1286 fastigium
638 1242 872 1287 suggessisse,
897 1246 934 1277 et
955 1242 1211 1287 pragmaticam
1235 1242 1464 1277 subsecutam
1489 1251 1569 1276 esse
1594 1241 1831 1285 sanctionem,
1867 1247 2042 1286 quatenus
2066 1242 2191 1277 liceret
2215 1245 2251 1277 et
2275 1241 2326 1277 eis
2349 1241 2458 1276 alium

227 1289 264 1324 in
295 1298 401 1324 suum
430 1287 550 1323 locum
582 1287 778 1332 subrogare
809 1287 988 1323 hominem
1019 1287 1186 1323 idoneum
1222 1287 1269 1322 ad
1300 1287 1374 1322 tale
1405 1287 1639 1322 ministerium
1670 1286 1911 1331 peragendum
1947 1291 1982 1322 et
2014 1287 2227 1331 condignum
2259 1286 2458 1331 quaestoris

180 1334 205 1370 8
227 1333 402 1370 electione
425 1336 463 1368 at
487 1343 533 1368 ue
556 1342 579 1368 a
602 1343 667 1385 pro
690 1334 851 1377 tempore
882 1334 1072 1378 quaestore
1101 1332 1249 1368 eandem
1277 1331 1457 1367 licentiam
1489 1332 1733 1376 accipientem.
1789 1332 1838 1366 Et
1867 1332 1957 1367 haec
1989 1332 2130 1377 quidem
2164 1342 2242 1367 esse
2266 1332 2459 1366 subsecuta

227 1378 449 1424 temporibus
502 1378 619 1413 rocuh
649 1377 857 1422 magnificae
885 1378 1094 1422 memoriae3
1131 1387 1253 1413 verum
1277 1387 1367 1422 opus
1401 1377 1642 1421 quaestorium
1674 1377 1890 1420 transivisse,
1923 1381 1958 1411 et
1979 1381 2067 1412 tunc
2099 1387 2144 1412 ex
2167 1377 2459 1412 altercationibus

228 1423 451 1470 quorundam
469 1422 726 1459 memorialium
747 1422 892 1458 eandem
916 1423 1095 1458 licentiam
1119 1433 1183 1468 per
1201 1422 1310 1458 aliam
1335 1422 1625 1458 constitutionem
1650 1431 1729 1457 esse
1749 1422 1939 1463 sublatam,
1964 1425 2005 1457 ut
2029 1422 2159 1457 nemini
2176 1422 2284 1457 liceat
2298 1422 2335 1456 in
2353 1432 2458 1457 suum

227 1470 345 1506 locum
368 1469 479 1505 alium
502 1469 714 1513 subrogare,
750 1478 795 1503 ne
820 1468 924 1521 quasi
953 1468 1126 1504 venalitas
1158 1471 1195 1503 et
1223 1466 1404 1503 sordidum
1436 1467 1703 1502 mercimonium
1734 1468 1869 1502 versari
1890 1467 2070 1502 videretur
2099 1467 2192 1502 inter
2214 1467 2374 1503 homines
2399 1466 2459 1511 qui

228 1524 355 1565 sacrae
385 1514 482 1550 vocis
513 1517 658 1550 nostrae
687 1513 841 1548 ministri
871 1523 950 1549 esse
981 1516 1198 1549 noscuntur:
1240 1513 1356 1548 tribus
1385 1512 1632 1548 tantummodo
1662 1513 1821 1558 exceptis
1852 1513 1980 1557 quibus
2012 1512 2221 1556 supradicta
2252 1511 2459 1548 constitutio

227 1559 432 1596 huiusmodi
454 1559 636 1605 praestitit
658 1559 849 1594 licentiam.

181 1606 209 1643 4
373 1605 463 1641 cnm
491 1605 600 1650 igitur
627 1605 666 1639 in
694 1604 874 1649 praesenti
899 1603 1135 1649 comperimus
1161 1613 1237 1646 eos,
1268 1603 1330 1648 qui
1353 1602 1570 1639 confectioni
1601 1603 1718 1646 legum
1747 1613 1770 1637 a
1793 1602 1896 1637 nobis
1921 1602 2144 1638 elimatarum
2175 1603 2212 1637 et
2240 1602 2277 1636 in
2301 1601 2460 1637 ordinem

227 1661 295 1697 per
315 1654 414 1687 tuam
439 1650 685 1686 excellentiam
709 1649 924 1694 digestarum
948 1660 1053 1684 suum
1076 1648 1310 1684 ministerium
1334 1649 1589 1694 praebuerunt,
1615 1648 1742 1692 dignos
1767 1658 1844 1683 esse
1864 1647 1965 1692 fungi
1984 1648 2157 1684 adiutoris
2178 1646 2309 1688 officio,
2337 1656 2458 1691 quam-

227 1696 281 1733 vis
305 1695 406 1732 cordi
437 1695 542 1731 nobis
573 1699 628 1730 est
658 1695 879 1740 praedictum
911 1694 1114 1730 afflatorum
1144 1704 1330 1729 numerum
1363 1694 1401 1729 in
1432 1703 1499 1729 sua
1522 1693 1716 1729 stabilitate
1741 1693 1944 1737 decurrere,
1976 1697 2095 1728 tamen
2118 1702 2180 1728 eos
2203 1692 2350 1727 idoneos
2375 1701 2460 1726 con·

181 1743 207 1780 5
231 1741 377 1778 stitutos
406 1740 613 1776 huiusmodi
641 1750 705 1785 spe
729 1740 934 1775 defraudari
965 1739 1062 1775 nullo
1086 1739 1191 1775 modo
1214 1739 1348 1775 iustum
1383 1749 1462 1774 esse
1485 1738 1726 1774 aestimamus.
1791 1738 2054 1782 Pragmaticam
2084 1739 2206 1783 itaque
2229 1736 2461 1779 sanctionem,

229 1797 322 1833 quae
350 1796 373 1822 a
395 1785 549 1822 Proculo
580 1785 721 1830 quidem
750 1786 912 1821 excelsae
943 1785 1134 1820 memoriae
1161 1785 1229 1820 rite
1261 1786 1316 1820 est
1346 1784 1490 1819 inventa
1520 1787 1558 1819 et
1588 1783 1634 1818 ad
1665 1783 1848 1828 imperiale
1872 1783 2012 1819 culmen
2035 1784 2149 1819 relata
2181 1786 2236 1818 est
2263 1784 2301 1817 et
2324 1793 2367 1817 ex
2391 1781 2460 1816 hoc

228 1831 466 1878 promulgata,
495 1835 626 1911 postea
649 1834 768 1866 autem
791 1840 856 1875 per
880 1829 1102 1874 quorundam
1127 1830 1386 1865 contentiosam
1409 1829 1616 1864 instantiam
1640 1829 1800 1871 sublata,
1833 1839 2042 1864 renovamus
2075 1833 2111 1863 et
2133 1828 2311 1863 licentiam
2336 1826 2460 1862 damus

230 1877 394 1914 omnibus
424 1876 495 1912 XX
529 1876 546 1911 Ι
574 1875 798 1911 adiutoribus
827 1875 865 1910 in
897 1885 964 1910 sua
992 1875 1072 1910 loca
1111 1875 1200 1910 alios
1232 1875 1443 1919 subrogare,
1484 1874 1632 1909 idoneos
1663 1876 1783 1909 tamen
1816 1878 1852 1909 et
1883 1885 1973 1919 quos
2004 1885 2070 1918 pro
2102 1876 2262 1918 tempore
2293 1876 2462 1916 quaestor

230 1923 470 1959 sacrosanctis
494 1921 682 1966 evangeliis
706 1920 900 1966 propositis
924 1920 1069 1964 elegerit
1093 1924 1128 1955 et
1150 1919 1319 1955 mandata
1342 1920 1392 1955 eis
1415 1919 1452 1954 in
1477 1919 1620 1964 scriptis
1643 1919 1876 1963 praestiterit,
1910 1923 1951 1953 ut
1975 1919 2133 1954 centenis
2159 1917 2281 1953 solidis
2304 1921 2459 1952 tantum·
2487 1920 2527 1953 35

228 1967 334 2004 modo
359 1967 452 2003 datis
476 1967 633 2003 habeant
655 1966 836 2001 licentiam
859 1965 1020 2001 homines
1051 1964 1234 2009 praedicto
1265 1975 1373 2010 opere
1404 1964 1500 2009 digni
1530 1964 1679 1999 iudicati
1711 1963 1748 1998 in
1779 1964 2018 1999 deficientium
2048 1965 2104 1999 vel
2135 1963 2204 1998 alio
2238 1962 2342 1998 modo
2368 1962 2459 1997 desi-

230 2012 400 2049 stentium
423 2012 504 2048 loca
526 2011 709 2056 pervenire
733 2016 769 2046 et
792 2010 965 2046 adiutoris
991 2009 1148 2046 officium
1172 2020 1352 2055 peragere.
1389 2009 1455 2044 His
1480 2009 1541 2054 qui
1563 2009 1600 2043 in
1624 2008 1738 2044 tribus
1761 2009 1943 2053 gradibus,
1967 2009 2003 2043 id
2028 2013 2082 2044 est
2104 2008 2141 2043 in
2166 2008 2297 2043 scrinio
2321 2007 2461 2052 quidem

231 2058 424 2094 momoriae
452 2056 719 2099 laterculensis,
751 2056 789 2091 in
818 2056 896 2091 aliis
928 2058 1048 2091 autem
1077 2055 1216 2090 duobus
1250 2054 1510 2100 melloproximi
1538 2053 1780 2096 ascenderint,
1809 2054 1949 2089 etiamsi
1978 2055 2073 2088 inter
2095 2053 2218 2097 viginti
2250 2055 2287 2087 et
2310 2063 2373 2088 sex
2397 2052 2460 2087 ad-

185 2104 211 2140 6
232 2103 370 2139 iutores
393 2102 509 2138 taxati
539 2112 612 2137 non
635 2101 787 2143 fuerint,
818 2101 998 2136 licentiam
1022 2101 1236 2136 habentibus
1260 2100 1298 2135 in
1322 2110 1387 2135 sua
1411 2101 1492 2135 loca
1515 2099 1695 2134 adiutores
1719 2099 1867 2134 inferre:
1904 2099 1955 2134 ita
1978 2101 2114 2140 tamen,
2148 2103 2188 2133 ut
2210 2101 2283 2132 tam
2307 2098 2460 2132 latercu-

230 2148 341 2185 lensis
366 2158 472 2193 quam
495 2146 754 2191 melloproximi
783 2146 962 2181 licentiam
987 2145 1145 2180 habeant
1168 2146 1292 2190 quanti
1314 2145 1498 2190 potuerint
1521 2144 1613 2179 tanti
1634 2144 1714 2179 loca
1744 2154 1811 2179 sua
1834 2144 1995 2187 vendere,
2029 2154 2109 2179 cum
2137 2143 2295 2188 iniquum
2328 2147 2381 2177 est
2405 2142 2461 2176 his
2486 2145 2528 2176 40

233 2194 363 2239 quibus
387 2193 474 2229 nihil
497 2202 520 2227 a
542 2192 647 2228 nobis
670 2191 831 2226 additum
854 2195 910 2226 est
934 2190 1067 2235 aliquid
1090 2190 1278 2235 derogare3
1316 2200 1398 2225 nam
1422 2194 1458 2225 et
1481 2193 1564 2224 ante
1587 2189 1680 2223 hanc
1705 2189 1817 2232 legem
1839 2189 2050 2233 permissum
2074 2193 2152 2223 erat
2179 2189 2230 2222 eis
2255 2198 2358 2222 suum
2383 2186 2461 2222 offi-

232 2239 326 2275 cium
346 2239 383 2274 in
402 2238 491 2273 alios
510 2236 719 2272 transferre.
777 2236 824 2271 Hi
848 2236 969 2281 itaque
993 2238 1030 2271 et
1046 2235 1260 2271 venditionis
1285 2235 1343 2270 ius
1367 2235 1525 2270 habeant
1549 2236 1584 2269 et
1607 2234 1733 2278 quanti
1755 2235 1937 2278 potuerint
1956 2234 2091 2279 pacisci
2114 2233 2205 2268 tanti
2228 2237 2265 2268 et
2284 2232 2459 2267 vendant:

232 2284 312 2320 aliis
336 2288 473 2326 autem,
505 2282 635 2328 quibus
664 2282 719 2317 ius
751 2281 961 2316 venditionis
992 2280 1252 2326 praestitimus,
1284 2291 1358 2316 non
1381 2280 1477 2316 ultra
1501 2283 1642 2315 centum
1674 2278 1868 2314 solidorum
1900 2289 2072 2314 summam
2102 2278 2173 2313 hcc
2201 2277 2322 2313 facere
2344 2277 2461 2312 liceat.

186 2330 207 2365 ⁰2
231 2330 312 2366 Sive
335 2333 454 2365 autem
477 2327 733 2363 laterculenses
763 2326 837 2362 sive
861 2326 1120 2371 melloproximi
1150 2326 1223 2361 sive
1246 2325 1307 2361 alii
1332 2326 1459 2370 quibus
1491 2335 1536 2360 ex
1560 2325 1628 2359 hac
1651 2323 1728 2368 lege
1756 2324 1826 2359 hoc
1851 2334 2060 2360 concessum
2092 2327 2147 2359 est
2178 2333 2282 2358 suum
2305 2321 2463 2357 officium

231 2375 270 2410 in
293 2374 382 2411 alios
404 2377 640 2418 transponere
663 2372 872 2415 maluerint,
903 2372 935 2407 is
956 2371 1017 2425 qui
1041 2371 1253 2416 subrogetur
1281 2371 1364 2406 talis
1391 2370 1609 2410 ordinandus
1635 2369 1697 2412 sit,
1730 2370 1869 2414 qualem
1893 2369 2097 2414 quaestoria
2129 2378 2282 2403 censura
2305 2366 2462 2411 elegerit,
2486 2369 2530 2401 45

231 2430 299 2456 nec
331 2430 376 2456 ex
405 2417 608 2455 huiusmodi
638 2417 784 2453 licentia
813 2418 852 2452 in
881 2417 1043 2452 homines
1073 2417 1190 2452 minus
1221 2415 1370 2452 idoneos
1406 2427 1472 2461 pro
1503 2419 1663 2459 tempore
1697 2414 1941 2459 gloriosissimi
1973 2414 2172 2459 quaestoris
2205 2412 2463 2448 administratio

233 2464 351 2503 cadat.
405 2464 446 2501 Si
469 2464 562 2499 enim
585 2463 710 2508 dignas
735 2472 801 2499 sua
824 2462 1003 2498 industria
1032 2462 1215 2497 mercedes
1247 2462 1408 2497 homines
1442 2471 1530 2506 quos
1561 2460 1632 2495 iam
1664 2460 1947 2495 enumeravimus
1979 2459 2175 2505 accipiant,
2208 2467 2377 2494 numerus
2401 2456 2463 2492 ad-

2484 794 2522 825 10

2484 1019 2522 1050 15

2483 1241 2525 1274 20

2484 1467 2526 1499 25

2485 1695 2527 1728 30

285 2579 372 2615 Nov.
394 2578 557 2613 XXXV
572 2579 631 2620 (==
654 2578 806 2611 Anthent.
827 2576 1044 2618 XXXVII)
1066 2576 1188 2610 Latine
1213 2583 1334 2610 tantum
1358 2582 1454 2609 extat.
1498 2572 1593 2608 ‘02'va
1615 2571 1639 2617 ἡ
1666 2571 1713 2607 λε’
1738 2575 1821 2619 περὶ
1844 2573 1922 2607 τῶν
1945 2573 2101 2616 βοηθῶν
2123 2573 2188 2606 τοῦ
2211 2573 2463 2616 κοιαίστωρος·
2494 2599 2502 2607 ,

229 2626 291 2659 καὶ
315 2620 407 2667 aiat)
429 2621 493 2666 οὐχ
512 2618 679 2669 ευρέθη;’
708 2625 758 2657 Μ.
784 2641 828 2647 -
852 2623 944 2666 Epir.
968 2622 1090 2655 Theoti.
1112 2623 1154 2656 35
1180 2623 1269 2664 (inde
1288 2621 1321 2655 L
1346 2628 1376 2654 et
1398 2620 1435 2654 B
1455 2622 1488 2662 6,
1507 2627 1536 2662 6,
1557 2622 1614 2662 18),
1639 2620 1759 2653 Athon.
1775 2620 1829 2661 22,
1842 2626 1868 2652 4.
1916 2619 2038 2652 Iulian.
2057 2626 2155 2652 const.
2171 2616 2314 2651 XXVI.

289 2738 412 2771 2rubr.
442 2736 490 2769 De
512 2735 723 2769 auditoribus
745 2734 929 2776 quaestoris
952 2733 1021 2780 Bit
1043 2736 1091 2777 (in
1114 2734 1149 2767 R
1170 2734 1315 2768 novellae
1382 2733 1484 2766 steria
1503 2730 1570 2777 1711
1602 2733 1645 2766 20
1669 2731 1884 2772 sanctionem]
1909 2732 1952 2774 cf.
1978 2731 2055 2764 Cod.
2072 2731 2124 2771 12,
2149 2737 2239 2770 19,15
2263 2734 2313 2769 §2
2341 2730 2354 2770 11
2385 2729 2463 2763 lice-

233 2781 369 2816 XXXV
376 2781 488 2824 [Auth.
501 2780 684 2822 XXXVII]
700 2779 941 2813 -XXXVIII
954 2781 1063 2821 [Auth.
1077 2779 1152 2820 XL]
1179 2781 1316 2813 omissae
1384 2781 1436 2811 ret
1454 2779 1552 2822 vul9.]
1582 2776 1663 2810 licet
1683 2777 1736 2811 Vt
1766 2776 1778 2819 11
1809 2776 1935 2819 aplium
1961 2783 1972 2809 t
2003 2774 2016 2819 11
2046 2776 2085 2809 21
2113 2775 2296 2808 misterium
2329 2774 2363 2809 V
2390 2774 2403 2817 11
2432 2776 2465 2807 et

232 2829 318 2868 sunt)
335 2827 385 2860 De
397 2825 607 2859 adiutoribus
619 2825 802 2868 quaestoris
818 2824 867 2858 V²
879 2826 912 2858 in
924 2838 998 2869 my„
1013 2827 1195 2858 rubricator
1208 2824 1324 2857 cod.V
1385 2830 1470 2857 om.t
1499 2822 1511 2867 11
1539 2822 1678 2864 dignum
1706 2822 1739 2855 V
1762 2821 1775 2866 11
1804 2821 1986 2864 quaestoris
2010 2822 2065 2863 (cs.
2087 2821 2234 2862 Iulian.)]
2265 2819 2431 2862 quaestori
2455 2828 2467 2854 t
2490 2832 2507 2848 ο

234 2885 342 2907 errore
356 2873 519 2905 rubricam
537 2872 682 2906 novellae
693 2868 841 2904 XXXIX
851 2871 962 2912 [Auth.
970 2869 1068 2911 XLI]
1090 2871 1254 2913 inscripsit
1270 2870 1317 2901 De
1385 2868 1571 2910 quaestioni
1596 2868 1630 2901 V
1647 2867 1836 2910 quaestoria
1854 2869 1904 2900 vir
1925 2868 2035 2900 doctus
2056 2867 2089 2899 in
2108 2879 2209 2909 mary.
2226 2866 2427 2899 Pithoeanae
2452 2864 2457 2904 1

233 2916 502 2952 restitutionibus
523 2919 557 2950 et
576 2926 614 2949 ea
634 2926 699 2958 que
717 2916 808 2959 parit
822 2915 858 2947 in
875 2915 1003 2948 decimo
1023 2925 1133 2948 mense
1151 2917 1226 2958 post
1249 2914 1317 2947 uiri
1385 2915 1428 2947 22
1448 2916 1548 2955 atque
1569 2913 1614 2954 V]
1634 2920 1717 2948 onai
1733 2913 1821 2957 ναῖς.
1846 2911 1859 2956 11
1883 2911 2090 2944 subsecutam
2114 2911 2149 2944 V
2165 2910 2399 2952 subsequutam
2420 2917 2432 2943 t

235 2964 375 2997 mortem
400 2960 413 3006 fl
437 2964 456 2996 3
481 2962 677 2995 tribuniano
699 2962 776 2995 libri
787 2961 890 3003 (Am.)
914 2958 927 3004 11
950 2963 971 2994 4
993 2962 1116 2994 initium
1134 2961 1223 2992 inter
1239 2969 1317 2992 uros
1385 2960 1428 2993 23
1452 2958 1677 3000 quaestiorum
1696 2958 1731 2992 V
1747 2957 1976 3000 quaestionum
1999 2964 2010 2990 t
2031 2955 2044 3000 11
2070 2955 2259 2988 transivisse
2279 2958 2312 2989 et
2331 2955 2464 2988 Zacha-

237 3008 355 3042 deutcs
366 3007 489 3041 citatL
507 3007 519 3050 11
534 3007 640 3040 nostri
653 3019 710 3040 om.
728 3005 783 3050 Vl]
801 3006 912 3047 quam]
933 3015 997 3047 que
1018 3004 1071 3050 1711
1098 3007 1318 3047 5quaestores
1385 3004 1468 3045 riae]
1493 3003 1652 3036 transiuit
1677 3004 1762 3037 libri.
1800 3003 1881 3037 Nisi
1898 3003 1998 3046 plura
2022 3003 2207 3035 exciderunt
2233 3000 2245 3044 11
2275 3010 2315 3034 ex
2338 3012 2397 3034 om.
2420 3007 2431 3034 t

244 3052 312 3088 1⁷1¹
329 3052 343 3096 Ι
357 3052 490 3093 scimus]
511 3053 654 3085 scrinius
674 3059 686 3085 t
702 3050 715 3095 11
731 3053 751 3085 6
767 3051 821 3083 his
842 3049 896 3094 Vll
915 3050 1147 3092 quaestoriam]
1162 3050 1318 3092 quaestor

237 3098 304 3131 iam
325 3098 411 3139 libri,
422 3098 509 3141 vuly.
526 3097 538 3140 11
557 3107 664 3140 nuper
681 3098 750 3130 tam
763 3096 963 3137 Zachariae]
983 3095 1201 3138 gubernatam
1215 3095 1293 3128 libri
1307 3092 1319 3138 11

238 3142 458 3186 epistolar-est
479 3143 492 3186 11
515 3144 534 3176 7
561 3142 706 3184 quidem]
731 3141 895 3183 quidamt
918 3141 1059 3182 quedam
1080 3139 1138 3184 Vn
1161 3139 1318 3173 asserenti-

238 3188 301 3222 bus
321 3188 355 3222 V
374 3188 387 3230 ΙΙ
409 3187 550 3229 quedam
576 3188 653 3221 libri
673 3186 689 3231 11
713 3188 733 3220 8
757 3186 793 3219 id
816 3186 875 3228 est]
901 3185 987 3219 idem
1009 3187 1061 3219 Vt
1084 3186 1096 3229 11
1121 3188 1142 3220 9
1166 3187 1319 3228 septoncs

245 3234 298 3267 V⁰
313 3232 326 3278 fl
344 3242 499 3266 numeros
523 3233 601 3266 libri
617 3232 629 3274 11
648 3233 724 3275 post
747 3242 818 3264 eam
839 3230 894 3274 Vll
911 3230 1083 3264 licentiam
1100 3232 1150 3272 ut]
1174 3230 1261 3263 licen
1287 3232 1319 3261 et

246 3278 281 3312 V
296 3277 310 3323 11
341 3279 380 3312 10
400 3277 542 3311 iohanni
560 3277 630 3310 uiri
645 3277 759 3318 magni
779 3274 836 3320 1711
855 3277 893 3310 11
909 3275 1104 3317 Proculum]
1129 3278 1173 3320 cf.
1186 3275 1236 3310 Io.
1248 3275 1317 3318 Ly-

240 3324 300 3356 dus
324 3324 364 3356 ds
386 3335 472 3367 may.
488 3323 520 3365 3,
535 3327 575 3355 20
595 3321 607 3366 11
629 3321 811 3364 imperialis
834 3319 875 3365 tu
898 3321 1041 3354 culmini
1063 3320 1262 3364 suggessisse
1286 3322 1319 3353 et

239 3369 339 3411 vulq.]
358 3366 514 3401 culminis
527 3371 566 3401 ut
577 3367 731 3410 gessisset
750 3366 899 3408 (gessisse
919 3367 965 3409 V)
985 3366 1044 3400 eV
1057 3365 1069 3411 11
1093 3366 1211 3399 diuino
1231 3367 1318 3397 nutu

248 3412 294 3452 V]
326 3415 408 3445 nuto
433 3415 494 3446 lint
524 3415 599 3451 (ιίιιι
625 3412 702 3454 del.)
734 3411 852 3445 diuino
877 3419 889 3445 t
917 3410 930 3455 fl
957 3412 1000 3445 12
1034 3410 1317 3451 constitutionem]

246 3456 323 3489 Cod.
340 3459 449 3499 12,19‚
463 3465 494 3492 13
521 3457 534 3503 11
564 3458 599 3490 id
622 3458 683 3499 est]
707 3456 793 3489 idem
814 3464 826 3490 ε
849 3458 892 3496 (et
913 3458 961 3490 sic
987 3458 1104 3491 15.16.
1119 3457 1175 3494 37)
1202 3454 1215 3499 11
1244 3457 1318 3487 tan-

240 3502 409 3534 tummodo
433 3521 476 3527 —
506 3504 543 3537 13
560 3512 736 3535 numerum
761 3515 819 3535 om.
840 3501 875 3535 V
891 3500 904 3545 11
934 3503 973 3535 13
998 3503 1031 3534 et
1053 3511 1121 3534 non
1145 3501 1262 3541 Neela]
1286 3500 1320 3532 et

239 3547 350 3577 tamen
375 3553 387 3578 t
414 3556 475 3579 nec
498 3551 609 3581 tamen
631 3546 752 3599 vulg]
779 3548 820 3580 14
843 3545 1014 3579 licentiam
1035 3546 1091 3590 Vl]
1108 3544 1306 3589 primatibus

237 3588 390 3641 partibus
413 3591 489 3625 libri
512 3590 527 3636 Ι
565 3594 606 3627 15
629 3602 775 3635 scripulo
806 3589 873 3642 711
909 3592 1056 3634 primum
1084 3603 1142 3624 om.
1167 3590 1271 3625 Neob.

242 3635 283 3668 16
306 3637 425 3666 meunt
451 3635 527 3669 libri
610 3639 647 3671 Π
673 3637 708 3670 in
771 3635 952 3677 dientibus]
984 3639 1023 3668 ut
1050 3634 1317 3678 ingredientibus

246 3678 282 3712 V
304 3677 318 3721 Ι
342 3677 393 3711 hii
418 3678 451 3712 V
473 3680 486 3721 11
512 3681 556 3712 ha
579 3685 631 3713 eat
663 3682 697 3714 V
723 3682 728 3724 1
764 3681 983 3723 subrogarent
1005 3688 1017 3714 ι
1046 3679 1059 3725 11
1097 3681 1138 3715 18
1163 3679 1316 3714 inuenire
1350 3694 1352 3713 r

245 3721 313 3767 V}
346 3723 386 3757 19
410 3733 531 3756 uacuas
556 3726 581 3757 ε*
611 3724 625 3768 11
655 3726 791 3758 humani
824 3726 858 3759 V
881 3726 894 3769 11
923 3735 1037 3767 generi
1070 3737 1129 3758 om.
1158 3723 1227 3769 V!
1253 3724 1315 3756 nii-
1349 3718 1353 3762 1
1384 3723 1480 3766 piant
1503 3724 1526 3763 t]
1547 3722 1691 3766 accipiat

1350 3113 1353 3117 ι
1387 3095 1427 3126 25
1443 3093 1595 3126 uenditas
1616 3094 1650 3126 V
1667 3093 1680 3137 11
1696 3093 1821 3126 uersati
1845 3093 1877 3126 V
1889 3092 1901 3136 11
1926 3093 2013 3124 inter
2027 3091 2175 3124 homines
2193 3091 2237 3131 V]
2257 3103 2316 3124 om.
2331 3090 2440 3133 tvuly.

1387 3050 1430 3082 24
1444 3048 1511 3080 alia
1529 3049 1583 3090 Vn
1603 3048 1884 3088 constitutionem]
1904 3048 1979 3081 Cod.
1994 3049 2140 3087 12,19,15
2158 3046 2170 3089 11
2187 3045 2297 3078 locum
2309 3045 2448 3078 suumV

1387 3140 1429 3173 28
1449 3138 1519 3180 legi
1541 3137 1598 3182 Vll
1615 3140 1657 3172 29
1683 3139 1885 3181 digestorum
1909 3138 1949 3180 tl]
1973 3139 2014 3170 30
2039 3135 2265 3179 praedicatum
2288 3136 2364 3169 libri
2378 3134 2391 3178 11
2407 3133 2465 3167 ad-

1385 3184 1533 3216 iutorum
1553 3184 1700 3217 Osenbril
1726 3184 1797 3224 qen]
1818 3181 2022 3215 adiutorium
2044 3182 2120 3214 libri
2135 3180 2147 3224 11
2165 3190 2340 3213 numerum
2365 3177 2462 3217 VaLl

1386 3239 1496 3262 meum
1522 3229 1630 3272 tvuly.
1656 3229 1668 3271 11
1694 3197 1831 3261 ἕέοιιτῑο
1852 3228 1886 3261 V
1901 3227 1914 3271 11
1940 3228 1979 3261 31
1995 3238 2051 3270 spe
2071 3239 2128 3259 om.
2145 3226 2252 3269 tvuly.
2270 3225 2283 3268 11
2300 3223 2462 3257 existima-

1386 3275 1495 3306 vimus
1507 3275 1593 3317 vuly.
1620 3273 1633 3318 11
1662 3274 1705 3307 32
1718 3274 1815 3315 quae]
1840 3283 1897 3305 sue
1923 3274 2000 3305 libri
2023 3271 2034 3315 11
2059 3271 2102 3305 33
2125 3273 2185 3303 aut
2215 3270 2277 3313 Vl]
2300 3267 2461 3302 sublatam

1396 3319 1449 3352 Vt
1463 3318 1475 3363 11
1495 3320 1538 3353 34
1559 3322 1591 3351 et
1611 3320 1706 3360 quos]
1731 3320 1764 3351 et
1788 3331 1847 3351 om.
1868 3318 1922 3359 Vn
1942 3318 1984 3351 35
1998 3315 2193 3359 praepositis
2212 3314 2247 3349 V
2285 3315 2327 3347 36
2345 3311 2463 3344 habeat

1389 3364 1465 3397 libri
1482 3364 1493 3407 11
1517 3364 1664 3396 iudicato
1685 3362 1742 3407 Vss
1767 3364 1808 3397 38
1833 3362 2082 3405 melloproxima
2103 3359 2158 3404 Vn
2188 3360 2230 3393 39
2291 3356 2356 3390 erit
2383 3357 2432 3389 Vt
2450 3355 2463 3398 11

1387 3411 1426 3441 ιιι
1439 3419 1511 3440 οιιιιι
1527 3408 1751 3441 laterculinsis
1767 3407 1824 3452 1711
1848 3409 1890 3442 40
1906 3407 2024 3440 habeat
2044 3407 2087 3439 Vt
2103 3405 2116 3447 11
2132 3403 2246 3436 uenire
2262 3401 2316 3444 Vl]
2335 3403 2374 3435 41
2391 3401 2462 3452 adi-

1387 3456 1457 3486 tum
1481 3454 1531 3487 Vt
1554 3454 1566 3497 11
1599 3455 1642 3488 42
1667 3453 1762 3494 alios]
1786 3453 1862 3485 aliis
1887 3453 1964 3486 libri
1985 3452 1997 3494 11
2022 3450 2072 3483 hii
2093 3450 2130 3491 V,
2150 3460 2208 3481 om.
2226 3446 2334 3488 evulq.
2359 3446 2370 3487 11
2397 3448 2461 3486 ius]

1386 3498 1454 3530 suis
1484 3498 1537 3541 1711
1562 3499 1682 3531 habeat
1703 3506 1715 3532 ι
1735 3497 1748 3542 11
1773 3498 1911 3541 pascisci
1939 3496 1974 3531 V
1989 3496 2001 3539 11
2022 3493 2186 3528 usndatur
2210 3497 2223 3524 t
2251 3490 2375 3522 uendat
2400 3491 2467 3614 VJ

1387 3545 1429 3577 43
1454 3553 1581 3576 summa
1601 3543 1656 3587 Vn
1673 3545 1718 3577 44
1742 3546 1801 3576 aut
1821 3543 1879 3585 Vl]
1894 3543 1957 3575 hoc
1981 3536 2166 3581 omnuim]
2189 3536 2298 3576 suum]
2322 3536 2393 3567 siue
2419 3543 2430 3568 t

1386 3590 1429 3621 45
1454 3587 1612 3621 maluerit
1634 3588 1686 3621 his
1710 3588 1769 3630 qui
1796 3587 1832 3621 V
1853 3586 1866 3630 Ι
1892 3582 2060 3629 quaestori
2081 3590 2256 3614 accensure
2281 3579 2401 3621 legerit

1386 3634 1553 3675 quaestori
1582 3644 1750 3666 accessura
1778 3631 1916 3674 elegerit
1940 3637 1952 3663 t
1977 3628 1991 3671 11
2027 3628 2071 3660 46
2094 3636 2136 3658 ne
2160 3632 2171 3658 t
2197 3623 2209 3669 11
2245 3626 2287 3658 47
2312 3625 2380 3665 *sn
2413 3625 2460 3677 ⁸{0

1387 3678 1465 3711 libri
1491 3678 1503 3721 11
1531 3678 1633 3720 digna
1664 3678 1699 3711 V
1712 3675 1926 3755 {7⁸¹⁰‘9‘idht
1945 3673 1979 3749 ἶῖ
1997 3670 2010 3716 fl
2037 3680 2265 3748 znumeramlffl
2284 3669 2344 3714 νυ
2374 3681 2458 3703 acci-

1762 3728 1910 3763 aocipisn
1946 3727 1964 3750 s
2002 3728 2041 3750 vu
2054 3728 2086 3760 9.
