2618 4010
329 140 435 185 Nov.
466 141 691 183 LXXXIX
721 142 759 183 2.
790 142 815 183 3

329 249 376 284 ὠς
399 252 498 292 ἔτυχε
526 250 568 283 τὸ
593 251 656 292 τῆς
680 246 879 284 ἐπιδόσεως
901 250 1022 283 ἐσται·
1058 247 1114 283 δεῖ
1133 249 1204 296 γὰρ
1235 254 1295 284 καὶ
1321 250 1404 285 τοὺς

328 294 481 341 τρόπους
509 296 658 340 ποιῆσαι
691 295 866 340 φανεροὺς
893 291 987 328 καθ’
1019 291 1079 328 οὓς
1108 292 1404 337 ἐπιδοθήσονται.

327 340 351 373 2
407 341 453 372 Εἰ
474 340 542 382 μὲν
565 342 631 373 οὑν
655 351 708 373 τις
729 341 770 373 ἔκ
785 350 883 374 τινος
900 336 1044 384 ὁρμῷτο
1063 338 1213 381 πόλεως,
1238 341 1308 374 εἴτε
1322 344 1406 385 βου-

327 383 448 426 λευτὴς
471 384 541 417 εἴτε
565 383 753 429 ἐλεύθερος
782 385 845 427 τῆς
868 385 1034 426 τοιαύτης
1057 384 1109 427 εἴη
1133 383 1254 427 τύχης,
1284 385 1406 426 ἔξεστι

327 428 395 462 τὸν
415 429 543 462 ἑαυτοῦ
569 429 689 462 νόθον
713 426 903 463 ἐπιδοῦναι
926 430 979 471 τῷ
996 428 1236 474 βουλευτηρίῳ
1260 431 1324 473 τῆς
1341 431 1405 464 πό-

327 472 415 507 λεως
445 475 579 516 ἐκείνης
614 470 709 507 ὅθεν
741 473 895 519 ὥρμητο.
944 474 974 507 εἰ
1003 472 1043 507 δὲ
1072 471 1114 508 οὐ
1145 474 1292 518 πολίτης
1323 472 1407 509 οὐδὲ

329 515 436 552 αὐτὸς
464 519 702 561 καθεστήκοι,
733 520 771 552 ἐκ
799 523 932 564 χωρίου
962 516 1004 552 δέ
1023 530 1120 554 τινος
1147 519 1170 562 ἢ
1195 518 1314 564 κώμης
1337 518 1405 565 ὦρ-

326 576 455 607 μηται,
488 565 605 610 ἐκείνῃ
636 563 734 608 παρὰ
759 566 823 598 τοῦ
848 564 983 609 πατρὸς
1007 562 1239 598 ἐπιδιδόσθω
1270 566 1314 612 τῇ
1339 565 1405 600 πό-

328 608 379 641 λει
403 606 425 651 ἢ
449 608 581 642 ἑαυτὸν
605 607 815 647 ἐπιδιδότω,
846 605 911 655 ὑφ’
936 606 982 664 ἢν
1005 609 1048 643 τὸ
1072 613 1206 664 χωρίον
1229 607 1251 652 ἢ
1274 610 1321 643 τὰ
1344 611 1406 652 τῆς

1390 135 1478 184 432

1927 153 2089 192 omnus
2118 144 2253 185 uoms
2280 152 2546 186 nummus

1471 249 1562 284 tuito
1582 249 1714 284 oblatio
1731 252 1803 296 est3
1826 255 1969 297 oportet
1987 254 2079 290 enim
2101 258 2135 290 et
2152 253 2275 290 modos
2297 253 2418 290 facere
2433 253 2543 290 mani-

1473 295 1588 329 festos
1611 295 1804 331 secundum
1828 307 1917 341 quos
1940 299 2146 335 offerantur.

1475 339 1499 374 2
1546 339 1583 374 Si
1614 339 1692 391 quis
1723 339 1830 384 igitur
1859 351 1904 376 ex
1935 344 2092 388 qualibet
2123 345 2259 380 oriatur
2289 344 2441 387 civitate,
2471 343 2546 379 sive

1475 384 1619 419 curiahs
1644 393 1718 418 Slve
1741 385 1847 420 etiam
1870 386 1961 422 liber
1983 389 2183 425 huiusmodi
2207 389 2253 424 sit
2272 388 2435 429 fortuna,
2459 387 2544 424 lice-

1441 433 1460 464 5
1475 429 1527 464 bit
1550 429 1582 464 ei
1605 438 1709 464 suum
1732 430 1929 466 naturalem
1953 433 2078 470 offerre
2100 434 2220 470 curiae
2243 435 2338 470 illius
2361 433 2456 469 unde
2476 435 2545 469 ori-

1474 476 1535 509 tur
1558 473 1721 509 civitatis.
1769 474 1807 510 Si
1830 486 1913 511 vero
1944 487 2022 528 ¹¹0⁸
2047 479 2131 515 civis
2159 490 2226 515 uec
2255 480 2334 525 ipse
2361 478 2545 519 consistat,

1475 519 1538 555 sed
1569 529 1614 554 ex
1641 519 1724 554 villa
1753 520 1906 564 quadam
1941 526 2004 557 aut
2032 523 2110 559 vico
2141 525 2188 560 sit
2217 524 2406 566 oriundus,
2442 524 2495 559 illi
2524 534 2547 558 a

1475 567 1577 609 patre
1601 563 1772 599 offeratur
1796 565 1936 601 civitati
1959 569 2022 603 aut
2044 573 2155 604 semet
2175 570 2292 615 ipsum
2316 570 2452 610 offerat,
2479 569 2547 604 sub

1475 619 1547 654 qua
1571 609 1712 644 civitate
1737 609 1818 644 villa
1842 615 1904 645 aut
1920 612 2018 647 vicus
2033 614 2168 649 tributa
2190 615 2380 659 persolvet.
2423 614 2546 648 Palam

327 652 447 708 κιρμηξ
468 652 597 707 ‘cell-oin.
645 653 828 699 πρόδηλον
854 652 907 694 δέ,
940 665 987 688 ως
1011 655 1041 687 εἰ
1063 656 1131 698 μὲν
1155 668 1174 688 ο
1201 654 1320 700 πατὴρ
1345 654 1407 687 αὐ-
1425 657 1461 688 10
1476 664 1556 690 vcro
1582 658 1637 689 est
1660 654 1759 699 quia,
1785 655 1816 690 si
1839 656 1980 700 quidem
2004 660 2106 702 pater
2122 668 2202 694 eum
2224 663 2288 696 aut
2310 670 2396 695 avus
2421 658 2547 694 offerat

327 711 395 732 τον
423 712 445 741 η
476 711 626 734 παππος
649 697 788 742 ἐπιδοίη
817 697 839 742 ἢ
862 702 924 733 καί
945 710 998 733 τις
1022 700 1099 733 τῶν
1122 698 1295 745 ἀνωτέρω
1320 712 1407 746 προ-

325 741 460 790 γόνων,
498 747 558 777 καὶ
591 749 757 791 γνησίους
791 746 885 787 ἔχων
921 742 1052 779 παῖδας
1085 746 1193 779 τοῦτο
1230 742 1407 790 πράττειν

327 786 454 831 ἰσχύει·
492 790 522 822 εἰ
555 787 594 823 δὲ
624 787 731 823 αὐτὸς
761 801 815 823 τις
843 789 973 823 ἑαυτὸν
997 787 1149 831 ἐπιδοίη,
1181 791 1289 824 τοῦτο
1314 792 1406 836 ἐφίε-

325 847 403 878 μεν,
439 831 546 877 ἡνίκα
580 834 629 879 μὴ
660 837 773 879 ἕτεροι
807 832 949 881 γνήσιοι
984 835 1211 869 καθεστᾶσιν
1246 834 1331 869 ἀδελ
1361 839 1404 869 οί.

1475 704 1538 734 aut
1558 700 1683 744 aliquis
1700 701 1966 736 ascendentium
1985 707 2184 747 parentum,
2209 708 2244 739 et
2258 705 2389 740 liberos
2410 704 2547 740 habens

1474 744 1568 780 fillos
1592 746 1661 780 hoc
1685 755 1790 789 agere
1812 747 1961 790 poterit3
1986 748 2015 782 si
2034 758 2117 783 vero
2139 749 2216 794 ipse
2236 750 2412 795 quispiam
2435 753 2547 785 semet

1475 790 1589 835 ipsum
1614 789 1757 831 offerat,
1791 790 1859 826 hoc
1883 792 2135 836 permittimus,
2171 804 2252 829 cum
2282 806 2354 831 non
2377 795 2439 830 alii
2462 794 2545 838 legi-

1475 836 1551 870 timi
1576 840 1659 870 sunt
1679 837 1819 872 fratres.

325 880 351 915 3
397 880 442 912 Εἰ
456 882 580 923 μέντοι
604 891 657 914 τις
675 881 752 914 τῶν
776 878 966 914 ἐπιδοῦναι
990 878 1204 924 δυναμένων
1226 881 1307 915 τοὺς
1327 894 1405 914 sav-
1422 881 1499 917 153
1545 880 1582 915 Si
1602 884 1719 915 tamen
1742 880 1870 926 aliquis
1894 880 2022 917 offerre
2044 882 2235 918 volentium
2258 894 2342 920 suos
2365 884 2546 921 naturales

326 925 391 958 τοῦ
416 925 551 958 νόθους
575 928 647 958 τοῖς
666 924 928 970 βουλευτηρίοις
950 923 973 968 ἢ
990 927 1028 958 ἐκ
1048 923 1152 968 τῆςδε
1175 927 1238 968 τῆς
1252 925 1407 972 μεγάλης

327 966 472 1015 ὥρμητο
504 968 644 1004 πόλεως
678 967 699 1013 ἢ
731 972 769 1003 ἐκ
803 972 866 1014 τῆς
900 974 954 1003 ἔτι
989 974 1231 1016 πρεσβυτέρας
1264 968 1405 1016 Ῥώμης,

326 1014 446 1058 τούτῳ
468 1013 615 1059 δίδομεν
635 1013 764 1049 ἄδειαν
787 1017 834 1049 εἰς
856 1012 902 1059 ἢν
926 1014 973 1048 ἂν
991 1013 1164 1059 βούληται
1182 1015 1406 1062 μητρόπολιν

326 1059 396 1114 τὴν
419 1058 584 1094 ἐπίδοσιν
607 1060 845 1103 ποιήσασθαι.
892 1064 952 1094 καὶ
975 1062 1106 1094 τοῦτον
1129 1060 1221 1095 εἶναι
1254 1063 1322 1096 τὸν
1345 1075 1404 1095 κα-

1475 926 1582 960 curiis
1606 930 1670 960 aut
1692 935 1737 960 ex
1757 927 1908 961 maxima
1933 927 2070 962 oriatur
2094 928 2236 963 civitate
2258 932 2322 964 aut
2345 939 2389 965 ex
2407 930 2547 965 seniore

1475 971 1599 1012 Roma,
1623 970 1706 1006 huic
1729 971 1852 1007 damus
1872 972 2050 1007 licentiam
2074 973 2111 1007 in
2133 983 2238 1018 quam
2255 974 2403 1010 voluerit
2418 977 2548 1010 metro—

1474 1017 1583 1060 polim
1616 1017 1831 1052 oblationem
1857 1018 2048 1054 celebrare.
2097 1018 2145 1053 Et
2168 1018 2261 1054 hanc
2290 1029 2369 1054 esse
2391 1020 2547 1063 regulam

1474 1061 1579 1095 etiam
1610 1061 1647 1095 in
1678 1061 1831 1104 filiabus,
1867 1067 1907 1097 ut
1938 1063 2061 1107 iungat
2092 1073 2152 1098 eas
2186 1063 2380 1099 curialibus
2411 1068 2474 1100 aut
2504 1075 2548 1100 ex

326 1119 419 1139 νονα
443 1109 502 1138 καὶ
527 1107 586 1140 ἐπὶ
611 1106 839 1153 θυγατέρων,
868 1102 963 1161 ,ὤςτε
987 1103 1160 1159 ἁρμόζειν
1184 1103 1313 1161 αὐτὰς*
1323 1110 1404 1151 βου·
1419 1109 1461 1141 20
1475 1106 1618 1142 civitate
1641 1107 1735 1151 ipsa,
1759 1117 1803 1142 ex
1823 1118 1893 1151 qua
1917 1108 1986 1143 orti
2009 1112 2093 1143 sunt
2116 1112 2180 1144 aut
2200 1110 2266 1144 sub
2288 1119 2358 1154 qua
2380 1109 2463 1145 villa
2485 1115 2549 1145 aut

326 1149 464 1184 λευταῖς
487 1148 510 1194 ἢ
534 1152 572 1184 ἐκ
592 1152 652 1193 τῆς
673 1150 812 1185 πόλεως
836 1152 954 1194 αυτῆς,
979 1151 1019 1192 ἐξ
1041 1151 1078 1193 ἧς
1103 1165 1133 1185 ω
1156 1165 1267 1195 μηται
1290 1167 1311 1196 η
1337 1149 1401 1198 ὑφ’

326 1193 373 1238 ἢν
389 1195 431 1229 τὸ
451 1200 585 1241 χωρίον
605 1194 626 1238 ἢ
646 1192 668 1239 ἡ
686 1196 786 1241 κώμη
802 1195 932 1240 τελοίη,
957 1194 980 1240 ἢ
999 1197 1034 1230 εἴ
1048 1208 1100 1231 τις
1120 1199 1137 1229 ἐ
1161 1196 1309 1242 εὐθερος
1329 1194 1405 1241 ἅμα

326 1244 385 1274 καὶ
402 1238 571 1285 Ῥωμαῖος
594 1239 617 1284 ἢ
641 1241 838 1284 Βυζάντιος
860 1242 924 1284 εἴη,
949 1245 1023 1276 τινὶ
1045 1243 1123 1276 τῶν
1141 1242 1406 1287 βουλευτηρίων

326 1286 447 1331 ἑτέρας
469 1284 701 1330 οἱαςδήποτε,
732 1285 987 1332 μητροπόλεως
1015 1290 1149 1331 μέντοι.
1198 1291 1271 1321 Καὶ
1292 1286 1407 1322 οὕτως

1474 1152 1573 1186 vicus
1604 1152 1740 1187 tributa
1771 1153 1967 1197 persolvat,
1999 1157 2063 1188 aut
2096 1155 2125 1189 si
2155 1154 2232 1198 quis
2263 1154 2354 1191 liber
2383 1154 2487 1190 simul
2513 1159 2550 1190 et

1473 1197 1657 1233 Romanus
1680 1201 1745 1232 aut
1768 1198 1960 1242 Byzantius
1984 1199 2102 1239 fuerit,
2128 1199 2337 1244 cuicumque
2361 1200 2549 1235 curialium

1473 1242 1621 1277 alterius
1658 1242 1872 1288 cuiuspiam,
1915 1245 2120 1289 metropolis
2155 1249 2286 1280 tamen.
2334 1245 2393 1280 Sic
2427 1245 2549 1290 itaque

1474 1287 1578 1323 nobis
1609 1288 1793 1323 curialium
1823 1289 2003 1333 diligentia
2028 1294 2082 1325 est
2113 1293 2148 1325 et
2177 1291 2246 1325 istc
2277 1290 2403 1326 modus
2429 1291 2549 1335 placet

326 1328 410 1386 {pilu
443 1333 521 1366 τῶν
555 1331 819 1386 βουλευτηρίων
832 1331 950 1386 υμέλει
986 1335 1047 1366 καὶ
1076 1333 1180 1366 οὗτος
1218 1331 1237 1366 ὁ
1275 1333 1407 1378 τρόπος
1420 1335 1461 1367 25
1473 1333 1561 1367 iuris
1592 1333 1756 1377 legitimi,
1794 1335 1876 1378 quia
1907 1335 2031 1370 damus
2067 1336 2191 1370 curiali
2226 1336 2444 1371 naturalium
2474 1335 2547 1371 exi-

327 1389 468 1422 αρεσκει
484 1379 547 1420 τῆς
561 1389 806 1423 γνησιοτητος,
827 1391 887 1412 οτι
911 1375 1058 1422 δίδομεν
1081 1379 1133 1420 τῷ
1159 1377 1330 1425 βουλευτῇ
1347 1378 1406 1413 νό-

326 1423 413 1456 θων
444 1421 526 1456 ὄντι
553 1423 682 1467 μόνων
711 1421 858 1457 παίδων
881 1427 1010 1468 πατρί,
1041 1421 1111 1456 κᾶν
1136 1426 1173 1456 ἐκ
1198 1422 1322 1467 δούλης
1344 1422 1405 1457 αὖ-

326 1467 407 1501 τοὺς
431 1471 541 1510 σχοίη,
571 1471 632 1502 καὶ
655 1467 869 1513 ἐλευθεροῦν
899 1471 960 1502 καὶ
983 1466 1188 1503 ἐπιδιδόναι
1219 1470 1263 1516 τῇ
1295 1468 1405 1516 βουλῇ

326 1513 418 1547 κατὰ
437 1513 480 1547 τὸ
498 1514 710 1558 ἔμπροσθεν
733 1510 820 1558 ἡμῖν
843 1514 1049 1567 εἰρημένονέ
1071 1517 1131 1546 καὶ
1155 1515 1208 1547 ἑτι
1231 1512 1407 1558 μειζόνως

1474 1378 1581 1414 stenti
1606 1379 1823 1414 solummodo
1847 1379 2001 1415 filiorum
2024 1381 2135 1425 patri,
2160 1381 2243 1416 licet
2266 1390 2310 1415 ex
2334 1381 2463 1417 ancilla
2486 1390 2548 1416 eos

1473 1423 1621 1465 habeat,
1647 1427 1683 1458 et
1706 1424 1836 1460 liberos
1859 1425 1978 1460 facere
2001 1429 2037 1460 et
2060 1426 2188 1461 offerre
2213 1426 2333 1461 curiae
2354 1425 2548 1462 secundum

1474 1469 1569 1513 quod
1599 1469 1819 1514 praedictum
1850 1474 1914 1506 est.
1961 1470 2011 1505 Et
2034 1472 2151 1506 adhuc
2183 1471 2335 1516 amplius
2367 1470 2411 1506 de
2439 1481 2549 1506 causa

1474 1515 1670 1555 sancimus,
1703 1518 1743 1549 ut
1774 1516 1829 1550 vel
1856 1516 1887 1550 si
1919 1526 1990 1551 non
2021 1521 2124 1561 pater
2147 1516 2290 1560 offerat,
2318 1516 2408 1551 liber
2430 1521 2547 1552 autem

326 1558 368 1591 τὸ
394 1559 543 1604 πρᾶγμα
566 1559 848 1603 νομοθετοῦμεν,
880 1556 969 1593 ὡςτε
1002 1572 1072 1592 καν
1104 1559 1135 1592 εἰ
1162 1559 1210 1602 μὴ
1241 1557 1260 1593 ὁ
1286 1560 1407 1604 πατὴρ
1421 1561 1461 1593 30
1475 1560 1584 1595 semel
1614 1559 1709 1594 filius
1741 1560 1819 1601 fiat,
1852 1561 1966 1605 possit
1995 1566 2030 1596 et
2054 1565 2165 1597 semet
2187 1562 2304 1606 ipsum
2336 1561 2462 1597 offerre
2486 1572 2548 1597 cu-

327 1601 479 1646 ἐπιδοίη,
505 1601 691 1649 ἐλεύθερος
715 1602 755 1638 δὲ
777 1600 878 1644 ἅπαξ
898 1601 918 1637 ὁ
938 1607 1023 1638 παῖς
1039 1606 1196 1650 γένηται,
1222 1603 1407 1639 δύνασθαι

326 1651 386 1682 καὶ
406 1648 538 1683 ἑαυτὸν
555 1647 758 1683 ἐπιδιδόναι
787 1650 840 1691 τῷ
872 1648 1124 1694 βουλευτηρίῳ,
1156 1647 1292 1694 δηλαδὴ
1323 1647 1405 1685 κάν-

326 1694 452 1728 ταῦθα
474 1698 623 1740 γνησίας
646 1692 712 1737 οὐχ
735 1693 893 1738 ὑπούσης
914 1696 1031 1740 γονῆς.

1475 1605 1560 1648 riae,
1586 1606 1691 1640 etiam
1715 1606 1773 1642 hic
1796 1606 1952 1650 legitima
1975 1617 2046 1642 non
2070 1609 2244 1643 existente
2267 1607 2379 1652 prole.

1314 1807 1469 1843 CAPUT
1493 1808 1557 1844 111.

383 1877 456 1908 Καὶ
486 1872 680 1919 ἐπειδήπερ
709 1874 880 1910 ποικίλως
910 1879 970 1909 καὶ
995 1875 1041 1909 τὰ
1067 1877 1127 1910 ἐπὶ
1150 1877 1213 1919 τῆς
1236 1876 1313 1910 τῶν
1334 1889 1406 1910 τοι·

1519 1875 1568 1910 Et
1591 1877 1756 1920 quoniam
1781 1877 1878 1912 varie
1901 1877 2006 1912 etiam
2031 1877 2074 1912 de
2094 1877 2293 1914 huiusmodi
2316 1888 2549 1923 personarum

326 1918 445 1954 οὖτων
475 1919 680 1964 προςώπων
709 1918 873 1974 διαδοχῆς
901 1921 1204 1965 νενομοθέτηται,
1237 1918 1300 1954 οὐκ
1331 1921 1404 1955 clero
1418 1923 1460 1955 35
1475 1923 1703 1957 successione
1728 1923 1902 1957 sancitum
1919 1925 1983 1965 est,
2009 1934 2081 1958 non
2106 1924 2243 1958 videtur
2266 1924 2459 1959 absurdum
2484 1935 2548 1960 no-

326 1964 463 2010 ·ιρόπου
488 1962 618 1998 δοκοῦν
642 1967 742 1999 ἐστιν
766 1969 853 2009 ημῖν
881 1969 940 1999 καὶ
964 1966 1009 1999 τὰ
1035 1969 1115 2011 περὶ
1143 1968 1205 2010 τῆς
1229 1964 1404 2009 διαδοχῆς,

325 2010 426 2044 καθὰ
452 2007 688 2056 προειπόντες
712 2011 892 2055 ἔφθημεν,
919 2009 1165 2056 διορίσασθαι.
1215 2012 1260 2045 Εἰ
1282 2016 1405 2045 τοίνυν

325 2066 379 2090 τις
408 2052 523 2089 νόθος
553 2055 645 2089 κατὰ
675 2057 783 2089 τοῦτο
813 2055 856 2090 τὸ
889 2057 1006 2100 σχῆμα
1040 2056 1094 2097 (τὸ
1127 2058 1165 2089 ἐκ
1197 2057 1259 2099 τῆς
1283 2055 1403 2091 ἐπιδό-

329 2112 418 2135 σεως
442 2103 573 2147 φαμέν)
596 2104 736 2147 γε’νοιτο
760 2100 968 2145 βουλευτής,
999 2104 1102 2135 ἔσται
1128 2102 1182 2144 τῷ
1209 2105 1319 2147 πατρὶ
1351 2104 1410 2134 καὶ

327 2202 410 2227 vero
434 2191 646 2236 simpliciter
668 2201 782 2235 neque
804 2190 962 2235 fortuito
988 2189 1121 2224 oblatio
1140 2191 1224 2235 fiet:
1247 2202 1329 2226 nam
1354 2196 1390 2227 et
1412 2191 1538 2226 modos
1561 2191 1690 2235 quibus

325 2237 350 2272 2
396 2234 439 2271 Si
461 2236 542 2281 quis
565 2236 679 2282 iqitur
699 2246 749 2270 ex
771 2236 915 2270 civitate
939 2235 1064 2281 aliqua
1088 2235 1263 2270 oriundus
1283 2238 1340 2278 sit,
1365 2237 1439 2272 sive
1459 2236 1610 2271 curialis
1633 2236 1706 2271 sive
1739 2238 1751 2271 i

322 2282 440 2327 filium
463 2291 566 2315 suum
590 2280 793 2315 naturalem
825 2281 949 2316 curiae
979 2279 1079 2315 urbis
1107 2280 1205 2315 illius
1228 2282 1323 2317 unde
1348 2286 1451 2317 ortus
1474 2284 1553 2317 erat
1578 2281 1722 2326 offerre.
1770 2281 1812 2316 Si
1835 2293 1918 2318 vero
1943 2293 1988 2317 ne
2010 2282 2087 2329 ipse

1476 1966 1530 2001 bis
1555 1971 1590 2001 et
1613 1967 1656 2002 de
1681 1968 1915 2009 successione,
1948 1968 2042 2003 sicut
2064 1969 2316 2013 praediximus,
2345 1969 2545 2005 terminare.

1474 2011 1511 2046 Si
1542 2012 1621 2056 quis
1651 2013 1761 2056 igitur
1792 2013 1964 2048 naturalis
1999 2014 2194 2049 secundum
2226 2014 2296 2049 hoc
2326 2015 2470 2049 schema
2501 2015 2549 2057 (id

1473 2058 1528 2092 est
1551 2057 1753 2101 oblationis)
1777 2057 1840 2093 fiat
1864 2058 2019 2101 curialis,
2045 2059 2114 2094 erit
2137 2060 2231 2104 patri
2254 2063 2289 2094 et
2311 2059 2356 2094 ab
2380 2060 2547 2095 intestato

1715 2191 1895 2270 offerendi
1915 2193 1989 2227 sint
2011 2193 2227 2237 manifestos
2248 2194 2376 2238 facere
2391 2205 2412 2229 ο
2442 2199 2546 2230 ortet.

1753 2237 1815 2272 ber
1837 2237 1884 2272 sit
1908 2237 1952 2273 ab
1969 2237 2145 2273 eiusmodi
2166 2238 2387 2280 condicione,
2423 2240 2492 2276 icet
2514 2241 2550 2276 ei

2143 2283 2257 2318 uidem
2280 2284 2367 2318 civis
2388 2284 2453 2326 sit,
2483 2285 2549 2320 secl

325 2337 374 2363 ex
397 2337 490 2372 aqro
514 2326 638 2372 aliquo
663 2326 718 2360 vel
740 2326 818 2361 vico
843 2325 1029 2369 oriundus,
1053 2325 1109 2361 illi
1131 2327 1269 2361 civitati
1292 2339 1314 2361 a
1334 2331 1443 2373 patre
1467 2327 1644 2372 offeratur
1666 2326 1722 2362 vel
1741 2338 1780 2362 se
1803 2328 1882 2374 ipse
1906 2327 2050 2373 offerat,
2074 2339 2117 2363 su
2163 2339 2235 2374 qua
2260 2339 2350 2374 aqer
2372 2329 2428 2364 vel
2450 2329 2548 2365 vicus

325 2375 525 2408 censeatur.
573 2370 810 2415 Manifestum
834 2376 952 2406 autem
977 2376 1047 2413 est,
1078 2371 1111 2406 si
1133 2382 1213 2406 eum
1230 2376 1343 2417 pater
1374 2372 1429 2408 vel
1451 2381 1541 2408 avus
1572 2371 1627 2408 vel
1647 2372 1729 2417 quis
1752 2373 1860 2408 etiam
1890 2384 1940 2408 ex
1969 2372 2200 2408 ulterioribus
2224 2374 2380 2420 proavis
2403 2374 2548 2420 offerat,

324 2417 466 2452 etiamsi
496 2415 675 2462 leqitimos
706 2416 838 2451 liberos
869 2415 1001 2451 habeat
1029 2427 1108 2452 eum
1133 2415 1201 2451 lcoe
1221 2418 1350 2462 facere
1368 2428 1501 2464 posse‚·
1530 2417 1562 2451 si
1583 2417 1664 2462 quis
1687 2428 1771 2452 vero
1791 2428 1830 2452 se
1852 2417 1932 2464 ipse
1955 2418 2100 2463 offerat,
2131 2418 2171 2453 id
2185 2419 2447 2464 permittimus,
2477 2420 2548 2455 nisi

323 2463 348 2498 :3
394 2461 460 2497 atii
485 2461 635 2508 leqitimi
663 2461 804 2506 fratres
827 2461 970 2496 adsunt.
1073 2461 1116 2496 Si
1138 2461 1219 2507 quis
1244 2466 1361 2498 tamen
1385 2463 1523 2497 eorum'
1540 2462 1604 2507 qui
1662 2462 1728 2497 lios
1758 2473 1845 2498 suos
1872 2463 2060 2499 naturales
2089 2463 2202 2498 curiis
2231 2463 2366 2509 offerre
2395 2469 2548 2510 possunt

325 2507 380 2544 vel
399 2518 449 2543 esc
473 2506 543 2542 hac
566 2517 700 2552 maqna
724 2506 868 2542 civitate
899 2506 955 2541 vel
978 2517 1028 2541 ex
1051 2511 1169 2542 vetere
1191 2506 1308 2542 Roma
1332 2507 1507 2542 oriundus
1530 2507 1589 2548 sit,
1642 2507 1699 2541 uic
1720 2507 1900 2543 licentiam
1928 2508 2055 2543 damus
2079 2509 2288 2555 cuicumque
2312 2509 2397 2545 velit
2418 2514 2548 2546 metro·

322 2552 401 2600 poli
434 2552 650 2588 oblationem
680 2551 906 2597 praestandi.
954 2553 1072 2597 Atque
1101 2551 1190 2587 haec
1220 2552 1349 2598 requla
1381 2553 1501 2588 valeat
1531 2553 1638 2587 etiam
1670 2551 1714 2587 de
1739 2553 1903 2597 filiabus,
1939 2558 1979 2588 ut
2010 2565 2072 2588 eas
2102 2554 2232 2600 iunqat
2262 2554 2459 2590 curialibus
2493 2555 2549 2591 vel

325 2599 441 2645 ipsius
464 2597 621 2633 civitatis
644 2608 694 2632 esc
718 2608 791 2643 qua
816 2601 917 2631 ortus
941 2602 994 2632 est
1017 2596 1073 2632 vel
1094 2598 1159 2632 sub
1185 2609 1258 2643 qua
1282 2608 1371 2643 aqer
1400 2603 1464 2633 aut
1486 2597 1586 2632 vicus
1608 2601 1783 2640 censetur,
1815 2602 1878 2633 aut
1900 2598 1932 2632 si
1955 2599 2037 2643 quis
2061 2599 2150 2634 liber
2172 2599 2283 2634 simul
2304 2603 2342 2635 et
2367 2599 2548 2636 Romanus

325 2643 382 2680 vel
404 2643 611 2689 Byzantius
634 2643 698 2684 sit,
731 2642 928 2677 curialibus
958 2653 1008 2677 ex
1039 2642 1142 2676 curia
1174 2642 1300 2694 aliqua
1330 2643 1480 2690 alterius
1503 2643 1756 2688 cuiuscumque
1790 2642 1961 2685 civitatis,
1992 2644 2232 2690 metropoleos
2255 2648 2383 2680 tamen.
2430 2647 2548 2698 Atque

326 2689 416 2725 adeo
439 2687 544 2723 nobis
566 2687 691 2722 curiae
715 2686 817 2722 cordi
837 2691 923 2722 sunt
946 2691 982 2722 et
1000 2687 1059 2721 liic
1079 2687 1208 2722 modus
1230 2688 1322 2722 iuris
1343 2688 1582 2734 leqitimorum
1604 2687 1735 2734 placet,
1759 2692 1799 2722 ut
1815 2688 2050 2723 concedamus
2074 2689 2215 2731 curiali,
2240 2691 2303 2734 qui
2325 2690 2546 2725 naturalium

325 2734 441 2770 solum
465 2732 659 2768 liberorum
710 2738 789 2768 ater
804 2732 863 2774 sit,
888 2732 955 2768 etsi
977 2743 1040 2767 eos
1063 2743 1112 2768 ecc
1134 2743 1238 2768 serva
1261 2743 1364 2768 susce
1391 2733 1470 2774 erit,
1495 2738 1530 2769 et
1546 2733 1677 2768 liberos
1700 2744 1762 2767 eos·
1783 2734 1911 2778 facere
1933 2738 1966 2768 et
1989 2734 2113 2769 curiae
2137 2734 2271 2779 offerre
2292 2734 2486 2770 secundum
2502 2747 2546 2771 ea

326 2790 420 2825 quae
443 2783 552 2813 antea
576 2789 599 2812 a
623 2744 726 2813 nodis
749 2777 847 2812 dicta
870 2781 975 2818 sunt,·
1008 2781 1115 2823 atque
1139 2778 1244 2812 etiam
1269 2789 1352 2824 amp
1369 2778 1426 2813 ius
1455 2789 1498 2814 ea
1528 2777 1572 2813 de
1595 2789 1635 2813 re
1656 2778 1849 2818 sancimus,
1881 2781 1920 2813 ut
1942 2778 2010 2813 etsi
2035 2783 2143 2823 pater
2171 2790 2243 2813 non
2275 2778 2419 2824 offerat,
2446 2779 2546 2825 filius

326 2835 410 2861 vero
433 2823 541 2860 semel
563 2822 652 2858 liber
674 2823 723 2858 sit
743 2823 881 2868 factus,
906 2823 937 2857 is
959 2833 997 2858 se
1020 2823 1098 2868 ipse
1121 2824 1243 2858 curiae
1267 2823 1402 2868 offerre
1418 2824 1559 2869 possit,
1590 2823 1756 2858 nimirum
1779 2824 1817 2858 in
1836 2823 1904 2859 Ιιοι·
1935 2834 2079 2869 quoque
2102 2834 2189 2858 casu
2213 2823 2297 2858 dum
2321 2835 2365 2859 ne
2386 2824 2545 2871 leqitima

352 2869 449 2905 roles
498 2874 619 2903 raesto
642 2868 697 2903 sit.

321 2881 350 2917 p
461 2879 525 2949 llil.
576 2913 622 2948 Et
645 2913 817 2959 quoniam
841 2913 940 2948 varie
963 2912 1068 2948 etiam
1087 2913 1132 2947 de
1148 2912 1353 2948 huiusmodi
1368 2923 1613 2959 personarum
1636 2914 1862 2949 successione
1883 2914 2060 2948 sancitum
2076 2917 2140 2954 est,
2165 2924 2235 2948 non
2253 2913 2409 2949 alienum
2431 2915 2544 2950 visum

326 2965 381 2996 est
404 2959 507 2995 nobis
531 2959 638 2994 etiam
662 2969 756 3003 quae
780 2957 830 2992 ad
851 2958 1109 2993 successionem
1126 2959 1324 3004 pertinent,
1353 2958 1461 2992 sicuti
1481 2959 1588 3003 prius
1611 2958 1782 3001 diximus,
1807 2958 1964 3002 definire.
2013 2957 2057 2993 Si
2077 2958 2159 3004 quis
2182 2958 2295 3004 iqitur
2314 2958 2415 3003 filius
2438 2965 2545 2995 natu-

327 3005 417 3040 ralis
439 3003 634 3040 secundum
664 3004 758 3038 lianc
787 3003 949 3047 formam
981 3003 1145 3044 (dicimus
1164 3014 1233 3049 per
1256 3002 1480 3045 oblationem)
1512 3004 1660 3039 curialis
1679 3004 1764 3049 fiat,
1795 3004 1829 3039 is
1844 3003 1948 3050 patri
1979 3007 2013 3038 et
2040 3002 2085 3038 ab
2110 3004 2278 3039 intestato
2306 3009 2342 3039 et
2365 3015 2414 3040 ex
2438 3010 2545 3040 testa-

1473 3093 1561 3134 quod
1585 3094 1770 3125 offeruntur
1796 3093 1827 3126 V
1849 3092 1862 3136 11
1892 3094 1911 3126 3
1937 3091 2091 3133 qualibus
2117 3093 2168 3125 T¹
2194 3093 2206 3136 11
2237 3093 2366 3126 oriatur
2389 3106 2447 3126 om.
2478 3094 2511 3126 V
2533 3093 2546 3139 fl

385 3098 405 3130 4
429 3094 500 3128 εἴτε
523 3092 722 3137 ἐλεύθερος]
755 3094 822 3126 sive
847 3093 944 3125 etiam
968 3092 1054 3125 liber
1079 3105 1098 3129 ς
1122 3093 1134 3136 11
1159 3092 1292 3134 ἔξεστι]
1326 3093 1404 3124 lico-

1183 3136 1198 3147 *
1257 3138 1272 3146 ⁹
1331 3135 1338 3145 '
1474 3140 1494 3171 4
1518 3138 1653 3171 fortuna
1675 3139 1719 3170 sit
1743 3139 1775 3171 R.
1797 3137 1810 3181 11
1834 3139 1854 3171 5
1879 3138 1926 3170 eis
1953 3138 1983 3170 T
2003 3138 2015 3180 11
2037 3139 2056 3170 6
2080 3140 2160 3178 non]
2185 3149 2246 3171 nec
2267 3139 2391 3181 Vvuly.
2447 3139 2543 3180 ciuis]

327 3142 379 3174 bit
401 3141 432 3174 ei
455 3152 488 3178 ες
522 3140 576 3182 τῷ
600 3141 711 3182 πατρὶ
742 3146 771 3171 ec
795 3146 869 3172 ante
893 3134 1082 3171 ἐπιδοῦναι
1104 3151 1155 3171 vv.
1176 3151 1198 3180 η
1220 3150 1273 3180 τῳ
1298 3136 1403 3179 νοθῳ

328 3185 457 3220 ἑαυτὸν
474 3186 638 3218 desiderat
650 3184 837 3217 Zachariae
855 3184 867 3221 ΙΙ
884 3185 903 3216 6
917 3179 1061 3226 ὥρμητο
1077 3202 1117 3207 -
1133 3186 1151 3217 7
1170 3180 1192 3225 ἢ
1206 3183 1324 3226 κώμης
1343 3184 1403 3222 [ις]

329 3245 387 3266 om.
402 3232 445 3264 M
457 3230 469 3274 11
486 3226 570 3263 οὐδὲ
594 3225 613 3262 ὁ
639 3227 760 3271 πατὴρ
785 3237 858 3261 onte
882 3224 965 3261 οὐδὲ
988 3224 1095 3261 αὐτὸς
1118 3230 1217 3262 inseri
1231 3230 1322 3261 malit
1338 3229 1404 3260 Ζα-

330 3278 462 3311 chariae
477 3275 490 3318 11
509 3278 526 3308 ’ῖ
552 3272 594 3307 δι’
608 3284 706 3307 τινος
724 3272 804 3314 Δὸς]
830 3270 872 3306 δέ
892 3284 990 3306 τινος
1013 3271 1204 3318 ἐλευθέρου
1223 3274 1272 3307 L⁰
1284 3274 1371 3317 vuly.
1394 3271 1405 3314 ΙΙ

329 3324 350 3355 9
375 3317 535 3355 ἐπιδότω
561 3319 630 3363 Ml}
658 3322 696 3353 10
722 3316 770 3352 ὠς
794 3319 823 3351 εἰ
847 3319 919 3359 Μς]
945 3319 1022 3350 ἐπεὶ
1047 3319 1078 3351 L
1095 3318 1107 3361 11
1134 3321 1172 3352 11
1199 3321 1258 3351 καὶ
1280 3331 1336 3351 om.
1353 3330 1370 3353 ς
1394 3317 1405 3360 ΙΙ

333 3369 372 3402 12
411 3367 563 3407 νησιόυς]
587 3365 710 3397 liberos
725 3376 744 3400 ς
761 3364 773 3407 u
795 3365 833 3397 13
854 3362 976 3404 ἰσχύει]
1000 3365 1124 3405 poterit
1148 3376 1166 3400 ς
1183 3364 1195 3403 ΙΙ
1219 3363 1251 3396 εἰ
1273 3360 1312 3396 δὲ
1333 3363 1403 3402 Μς]

330 3413 360 3446 εἰ
384 3379 424 3445 δὲ
447 3413 505 3443 καὶ
523 3411 554 3443 L
571 3410 584 3453 11
607 3411 645 3444 16
662 3410 726 3442 τοῦ
743 3407 991 3454 βουλευτηρίου
1010 3410 1058 3441 L⁰
1075 3409 1087 3452 11
1105 3406 1206 3451 τῆςδε
1221 3411 1263 3450 (et
1282 3410 1320 3442 17
1338 3409 1404 3447 ἔτι)

330 3471 388 3490 om.
403 3469 422 3493 ς
440 3457 508 3498 1121
532 3451 709 3499 ὥρμηται]
741 3454 807 3486 orti
829 3457 907 3486 sunt
932 3465 950 3489 ς
969 3453 981 3495 ΙΙ
1004 3451 1026 3496 ἢ
1050 3467 1107 3487 om.
1123 3454 1171 3486 L¹
1195 3454 1207 3498 11
1234 3454 1276 3488 22
1299 3450 1321 3495 ἦ
1345 3465 1402 3486 om.

331 3503 362 3535 L
380 3503 392 3544 11
410 3503 452 3536 23
466 3502 550 3535 2125
562 3498 838 3544 βουλευτηρίων]
854 3499 1033 3531 curialium
1046 3500 1080 3539 (ί.
1092 3512 1117 3531 e.
1131 3497 1348 3542 βουλευτῶν)
1361 3509 1380 3533 ς
1393 3496 1405 3541 ΙΙ

332 3549 373 3581 25
397 3544 482 3590 ἡμῖν
504 3545 593 3585 τῶν]
631 3541 715 3587 ἡμῖν
747 3546 805 3576 καὶ
829 3539 942 3577 οὕτως
964 3546 1088 3587 μέντοι
1113 3544 1144 3577 L
1172 3545 1184 3588 11
1213 3543 1316 3577 οὗτος
1340 3544 1403 3583 Le]

331 3588 444 3624 οὕτως
468 3591 595 3634 Μ1126
620 3589 729 3623 νόθα)
755 3589 800 3622 L¹

380 3724 395 3756 1
421 3722 545 3756 oblatio
566 3726 614 3755 est
639 3723 828 3764 Heimbaclz]
852 3722 1020 3756 oblatione
1044 3724 1122 3758 libri
1147 3722 1198 3768 '2
1221 3721 1401 3755 seeundum

1473 3184 1567 3216 cuius
1583 3184 1631 3216 R¹
1650 3186 1662 3225 11
1677 3193 1737 3215 nec
1754 3196 1812 3216 om.
1830 3182 1948 3226 Vvuly.
1969 3184 1981 3224 11
1997 3185 2015 3216 7
2029 3182 2096 3224 sed]
2113 3182 2141 3214 si
2160 3183 2206 3215 1⁷¹
2222 3184 2234 3226 11
2253 3182 2345 3224 villa]
2362 3193 2408 3215 nu
2437 3194 2457 3216 a
2474 3183 2521 3216 V⁸
2531 3186 2543 3225 11

1473 3228 1531 3260 ille
1554 3228 1609 3271 Vn
1628 3230 1647 3262 8
1665 3228 1836 3260 auferatur
1854 3227 1904 3260 Τι
1923 3229 1934 3270 11
1958 3229 1977 3261 9
1994 3228 2161 3269 persoluat
2177 3228 2232 3269 aL,
2257 3227 2416 3271 persolvit
2431 3227 2486 3262 vul
2507 3252 2515 3260 .
2531 3228 2542 3270 11

1476 3275 1515 3306 10
1530 3274 1608 3315 quia
1624 3273 1663 3314 si]
1688 3273 1782 3315 quasi
1803 3272 1859 3316 Vll
1879 3274 1916 3306 11
1936 3272 2058 3305 habens
2075 3272 2162 3306 filios
2183 3286 2244 3306 scr.
2268 3272 2317 3307 1⁷²
2332 3274 2365 3307 in
2382 3285 2458 3313 ron„
2507 3283 2541 3304 a-

1472 3318 1552 3350 bens
1575 3331 1634 3351 om.
1650 3319 1682 3351 T
1699 3319 1712 3362 11
1739 3319 1779 3352 12
1802 3317 1831 3350 si
1855 3319 1943 3358 vero]
1968 3318 2036 3350 sive
2061 3318 2109 3350 R*
2129 3318 2140 3359 11
2162 3317 2243 3359 ipsc]
2269 3317 2357 3350 filius
2379 3329 2405 3349 s.
2418 3329 2447 3349 υ.
2464 3318 2540 3349 add.

1481 3363 1618 3406 V³1113
1635 3364 1695 3396 hec
1716 3363 1772 3406 ΤΙΙ
1791 3364 1829 3397 15
1847 3365 1976 3395 tantum
1998 3363 2076 3405 13¹1!
2097 3365 2136 3397 19
2155 3365 2205 3403 ut]
2226 3364 2284 3395 aut
2294 3362 2347 3395 R⁰
2362 3360 2375 3403 11
2392 3371 2445 3393 eos
2466 3361 2542 3406 17111

1474 3409 1515 3441 20
1533 3411 1623 3440 ortae
1642 3409 1730 3442 Beck
1740 3420 1909 3451 perperam
1928 3410 1939 3449 11
1956 3410 1994 3442 21
2011 3407 2180 3450 persoluat
2201 3407 2244 3447 V]
2267 3406 2431 3448 persoluat
2445 3407 2513 3439 ΕΤ
2530 3407 2541 3450 11

1475 3455 1515 3486 22
1537 3453 1702 3486 bizantius
1721 3452 1802 3486 [ΡΤ
1822 3452 1987 3485 bisantius
2005 3453 2116 3496 R¹Vu
2141 3452 2260 3492 cuique
2282 3450 2328 3483 1⁷¹
2352 3451 2541 3484 cuiuscum-

1473 3509 1535 3539 que
1554 3499 1601 3531 R²
1617 3500 1628 3539 11
1647 3497 1821 3531 curialium
1843 3511 1901 3530 om.
1925 3499 1957 3531 V
1970 3500 1981 3538 11
2005 3500 2046 3532 23
2066 3499 2193 3530 tantum
2214 3494 2276 3537 R!
2299 3495 2341 3528 24
2366 3494 2542 3537 diligentia

1472 3546 1519 3574 cst
1537 3562 1579 3567 —
1598 3545 1640 3577 28
1657 3543 1697 3576 de
1713 3553 1812 3576 causa
1827 3543 1894 3583 saul
1920 3555 1981 3576 scr.
1997 3542 2045 3576 Β*
2061 3544 2093 3576 in
2109 3553 2173 3575 ras.
2187 3542 2210 3573 4
2225 3551 2273 3572 vv.
2297 3539 2309 3582 11
2332 3539 2460 3582 placeat
2480 3542 2514 3575 V
2529 3541 2542 3584 11

1473 3590 1513 3621 25
1538 3588 1628 3630 quia]
1653 3588 1741 3630 quod
1765 3587 1839 3630 R(²)
1855 3589 1883 3621 Τ
1889 3588 1903 3608 ²
1919 3591 1929 3629 11
1955 3586 2075 3627 curiali
2098 3585 2201 3624 Beck]
2214 3584 2405 3636 ‘curialium
2430 3587 2507 3620 libri
2527 3584 2541 3630 11

1472 3634 1511 3666 27
1531 3633 1650 3666 liberas
1667 3632 1740 3675 R(²)
1756 3633 1768 3676 11
1787 3634 1828 3668 29
1845 3636 1884 3666 ut
1903 3645 1961 3666 om.
1975 3632 2008 3665 R
2023 3630 2037 3675 11
2051 3631 2080 3663 si
2095 3630 2174 3669 non]
2195 3638 2267 3661 sine
2283 3630 2330 3662 Εἰ
2347 3629 2359 3673 11
2379 3632 2421 3664 34
2439 3632 2539 3663 etiam

1471 3691 1526 3711 nm.
1544 3679 1573 3710 R
1591 3678 1604 3722 11
1620 3679 1671 3720 de]
1695 3679 1731 3711 in
1753 3679 1799 3718 R,
1823 3691 1883 3711 om.
1905 3677 1953 3711 V¹
1971 3676 1984 3720 11
2006 3677 2048 3710 35
2068 3673 2242 3715 sancitum]
2267 3685 2459 3708 concessum
2482 3674 2539 3723 ΥΠ

1469 3724 1512 3756 36
1534 3723 1753 3756 determinare
1778 3724 1837 3766 Ru
1863 3723 1906 3756 38
1925 3722 2046 3754 testau-
2072 3719 2118 3753 13¹
