2618 4010
252 148 358 192 Nov.
378 147 495 190 XCV
529 150 547 188 1
583 160 649 202 ep.

209 263 212 264 ’
251 257 340 301 πρὸς
363 255 566 296 ὑπάντησιν
591 252 711 288 αὐτοῦ.
759 258 819 288 καὶ
842 258 943 300 μέχρι
973 253 1060 289 τότε
1088 254 1153 289 τὰς
1174 253 1328 297 σιτήσεις

250 301 464 344 κομίζεσθαι
495 300 564 334 τὸν
598 302 658 334 ἐπὶ
686 301 749 342 τῆς
791 297 799 310 '
824 302 884 342 χής
914 301 1007 334 ὄντα
1037 303 1098 333 καὶ
1122 297 1328 334 διοικοῦντα

250 343 402 387 ταύτην·
438 347 497 377 καὶ
520 343 569 388 μὴ
593 347 666 378 τοῖς
689 314 881 389 συμβῒᾶοις
912 346 973 388 τῆς
1004 341 1112 388 ἀρχῆς
1134 344 1328 388 κρίνεσθαι

250 388 316 423 τὸν
393 387 481 423 όνον
514 387 605 432 μηδὲ
637 391 716 423 ταῖς
746 389 958 434 προςτάξεσι
991 390 1055 423 τοῦ
1088 387 1228 433 θρόνου
1262 390 1326 423 τοῦ

251 434 326 475 σοῦ,
351 447 373 466 α
396 430 430 466 λ’
450 430 512 479 ἀφ’
540 425 652 479 οὗπερ
675 431 723 468 ἂν
747 432 795 468 ὠς
817 434 954 479 εἴρηται
982 435 1045 476 τῆς
1074 432 1190 478 χώρας
1222 430 1329 468 αὐτὸς

251 481 379 522 ἐπιβαί
401 504 410 518 ,
437 478 476 519 ἐξ
497 479 634 512 ἐκείνου
657 477 858 523 λαμβάνειν
881 478 943 513 τὰς
968 476 1139 522 δημοσίας
1162 477 1327 521 σιτήσεις,

249 525 350 566 μέχρι
375 491 414 556 δὲ
436 521 520 557 τότε
543 523 611 558 τὸν
634 525 693 558 ἐπὶ
723 525 800 558 τῶν
824 523 1050 570 πραγμάτων
1079 522 1173 558 ὄντα
1198 521 1329 557 ταύτας

251 567 465 611 κομίζεσθαι
489 571 548 601 καὶ
572 569 695 614 ἕτερον
717 566 854 622 μηδένα
877 569 955 602 τῶν
978 566 1143 603 πάντων.
1194 564 1234 602 οὗ
1258 567 1328 614 γὰρ

251 609 404 647 ἀνεκτὸν
434 609 531 666 οὐδὲ,
548 613 719 659 φορητόν,
752 609 845 647 όλως
876 611 1035 659 ἄναρχον
1066 612 1329 657 καταλιμπάνε-

1325 141 1411 190 466

1918 160 1979 191 DE
2006 156 2467 191 Anumls'rm'ronmus

1396 255 1596 290 cursionem
1620 256 1708 292 eius.
1745 257 1795 292 Et
1817 267 1931 302 usque
1952 261 2037 294 tunc
2061 267 2220 293 annonas
2242 257 2408 302 'accipere
2427 256 2467 292 in

1396 299 1539 351 cingulo
1563 300 1771 336 existentem
1801 304 1838 337 et
1858 302 2114 346 gubernantem
2137 313 2236 347 eum3
2269 304 2305 338 et
2327 312 2399 337 non
2422 311 2466 336 ex

1397 343 1567 380 codicillis
1599 344 1731 389 cinguli
1761 345 1918 382 iudicare
1948 350 2088 402 tempus
2126 357 2240 392 neque
2265 346 2466 393 praeceptis

1396 393 1488 442 tuae·
1510 388 1614 442 sedis,
1646 389 1711 424 sed
1741 400 1786 424 ex
1808 399 1894 443 quo,
1925 390 2032 427 sicuti
2063 393 2196 428 dictum
2219 397 2289 436 est,
2324 392 2360 427 in
2383 401 2466 437 pro-

1363 437 1383 469 5
1396 443 1512 469 vmcia
1542 444 1620 479 ipse
1651 436 1858 479 accesserit,
1892 435 1986 471 illius
2020 437 2183 483 accipere
2217 438 2270 473 rei
2303 436 2467 482 publicae

1397 479 1648 521 emolumenta,
1685 489 1798 524 usque
1827 483 1913 515 tunc
1941 481 2057 527 (vero)
2086 492 2166 518 eum
2201 482 2261 528 qui
2291 482 2328 517 in
2360 482 2466 517 rebus

1397 523 1513 559 extitit
1543 533 1586 559 ea
1635 524 1793 569 ercipere
1826 528 1861 559 et
1881 524 1989 560 alium
2011 525 2147 562 nullum
2170 527 2336 562 omnium.
2386 526 2467 562 Non

1397 569 1489 603 enim
1519 579 1618 614 possi
1645 569 1689 604 ile
1720 579 1835 614 neque
1862 570 2037 614 portabile
2066 573 2122 607 est
2144 573 2285 608 omnino
2314 572 2390 607 sine
2413 571 2466 606 iu-

1397 613 1476 649 dice
1505 614 1914 667 relinqui-provinciam,
1947 616 2081 652 statuto
2104 617 2245 661 quidem
2277 617 2378 663 quasi
2403 616 2466 651 ali·

251 657 344 711 σθαι
379 657 447 700 τὴν
482 657 943 712 χαζρανῃπροβαλλομένοτ)
977 661 1064 713 μένω
1078 670 1176 692 τινος
1212 656 1330 702 δῆθεν
1345 660 1384 692 10
1398 669 1467 704 quo
1486 660 1532 694 ab
1552 670 1592 695 eo
1618 670 1677 703 qui
1698 669 1720 694 a
1740 659 1844 695 nobis
1868 658 2052 696 ordinatus
2071 663 2136 704 est,
2160 665 2200 696 ut
2223 661 2299 698 eius
2322 662 2468 706 impleat

251 714 323 737 υπο
347 703 411 736 τοῦ
439 715 514 747 παρ
558 716 663 748 ημων
686 703 1012 748 χειροτονηθέντος,
1042 714 1081 737 ος
1105 701 1216 737 αὐτοῦ
1241 702 1328 746 πλη-

251 746 359 792 ρώσει
394 747 462 782 τὸν
495 746 620 786 τόπον,
659 745 789 793 ἀνδρὸς
823 749 908 783 ἴσως
944 747 1171 795 πραγμάτων
1206 745 1330 784 ἀνεπι-

251 791 440 836 στήμονος,
475 793 540 826 τοῦ
577 790 617 827 δὲ
652 795 691 828 ἐν
727 790 847 828 αὐτοῖς
881 792 986 828 ὄντος
1020 796 1093 827 τοῖς
1123 795 1236 839 ἔργοις
1271 796 1330 826 καὶ

251 833 526 891 ἀποχωροῦντος
559 839 621 881 τῆς
651 839 783 883 χώρας,
815 842 902 884 πρὶν
932 840 1124 893 ’ἐπιστῆνιαι
1155 839 1223 872 τὸν
1250 837 1328 884 χρό-

1397 703 1533 746 ΙΟοωιι,
1571 705 1713 739 homine
1743 704 1864 740 forsan
1897 714 2016 739 rerum
2046 715 2118 741 non
2148 705 2301 742 habente
2330 706 2466 759 experi-

1398 753 1565 791 mentum,
1589 749 1649 784 illo
1671 759 1752 784 vero
1778 750 1836 794 qui
1860 750 1897 784 in
1920 749 2007 794 ipsis
2030 753 2085 785 est
2108 751 2273 796 operibus
2296 755 2332 787 et
2355 752 2466 787 disce-

1398 794 1503 830 dente
1535 795 1577 831 de
1606 794 1803 839 provincia,
1838 798 2028 839 antequam
2058 794 2221 830 adveniat
2250 799 2401 842 tempus,
2433 799 2468 831 et

1396 838 1595 874 fraudando
1628 839 1871 875 emolumentis
1903 849 1994 884 quae
2025 850 2104 875 eum
2134 841 2296 886 accipere
2319 842 2468 886 -oportct

250 895 328 924 νον,
351 885 411 915 καὶ
434 886 743 930 αποστερουμένου
768 885 844 917 τῶν
860 895 1116 938 σιτησεων,,ας
1130 880 1249 938 ἀὐτὸν
1273 895 1329 917 κο·
1345 885 1383 917 15
1397 883 1510 920 donec
1535 886 1691 930 deponat
1717 885 1904 928 cingulum.
1950 885 2115 929 Deponet
2130 887 2248 920 autem
2265 896 2361 927 eum,
2385 886 2466 921 dum

250 927 424 971 μίξεσθαι
455 926 522 982 χρη
552 929 619 962 ἕως
650 926 697 963 ἂν
729 928 854 963 κατάθ
878 942 938 962 ται
961 928 1029 972 τὴν
1053 942 1173 974 αρχην.
1221 941 1328 962 κατα-

252 972 407 1015 θήσεται
425 970 464 1006 δὲ
479 972 604 1016 αυτήν,
625 970 732 1017 ἡνίκα
747 971 767 1007 ὁ
790 971 850 1007 διά
876 985 954 1016 οχος
974 975 1142 1017 ἐπισταίη
1158 975 1202 1020 τῇ
1220 972 1328 1019 χώρα,

252 1015 315 1051 δύο
338 1014 455 1061 μόνον
479 1015 624 1063 ἡμέραις
647 1019 859 1063 ἔμπροσθεν
882 1020 946 1053 τοῦ
971 1020 1033 1063 τῆς
1049 1020 1220 1064 ἐπαρχίας
1243 1020 1328 1052 ἐκεῖ-

250 1075 317 1096 νον
338 1064 520 1107 ἐπιβῆναι.

313 1104 409 1161 <En
418 1111 434 1141 ί
439 1106 459 1141 λ
468 1120 487 1141 ο
494 1120 517 1154 γ
525 1121 545 1142 ο
554 1108 603 1153 ς.)
649 1105 779 1161 ’Ἀπερη
795 1105 942 1163 ἅπαντα
978 1107 1328 1155 παραφυλάττεσθαι
1341 1110 1383 1142 20

251 1165 350 1198 παρα
381 1154 446 1186 τοῦ
472 1152 611 1198 θρόνου
642 1154 705 1196 τῆς
735 1165 798 1197 σης
827 1155 1001 1199 υπεροχῆς
1030 1155 1078 1189 εἰς
1105 1154 1148 1188 τὸ
1174 1151 1329 1197 διηνεκὲς

250 1196 478 1250 βουλόμεθα,
510 1201 571 1231 καὶ
601 1194 707 1241 ἡνίκα
738 1196 785 1233 ἂν
816 1199 951 1242 μάθοις
982 1198 1183 1234 ἐπιστάντα
1214 1195 1328 1233 αὐτὸν

1396 939 1584 965 successor
1608 931 1800 964 accesserit
1822 930 1857 964 in
1882 929 2110 974 provinciam,
2133 933 2217 966 ante
2240 930 2330 966 duos
2354 931 2466 966 solum

1397 974 1471 1010 dies
1497 985 1600 1020 quam
1624 974 1841 1019 provinciam
1863 974 1923 1011 ille
1946 974 2174 1018 ingrediatur.

1452 1106 1731 1152 (Epilogus.)
1776 1108 1876 1153 Quae
1899 1109 2016 1145 omnia
2039 1108 2211 1145 custodiri
2236 1118 2259 1143 a
2282 1107 2365 1144 sede
2387 1110 2470 1143 tuae

1397 1151 1617 1188 celsitudinis
1639 1152 1677 1188 in
1692 1156 1903 1199 perpetuum
1926 1155 2097 1198 volumus,
2122 1158 2158 1189 et
2178 1165 2262 1190 mox
2285 1157 2324 1188 ut
2341 1163 2468 1198 cogno-

1395 1197 1487 1233 veris
1513 1197 1693 1233 adstitisse
1724 1208 1805 1233 eum
1828 1199 2049 1244 provinciae,
2083 1209 2126 1234 ex
2150 1199 2211 1235 illo
2236 1203 2470 1244 transponere

250 1255 294 1289 τῃ
318 1243 428 1287 χώρα,
453 1242 491 1283 ἐξ
515 1245 649 1277 ἐκείνου
670 1244 911 1288 μετατιθέναι
931 1244 992 1279 τὰς
1012 1243 1167 1287 σιτήσεις
1190 1244 1237 1278 εἰς
1259 1243 1327 1278 τὸν
1396 1242 1634 1278 emolumenta
1665 1242 1703 1278 in
1726 1254 1989 1288 successorem,
2022 1243 2180 1289 alioquin
2202 1243 2405 1279 ministrare
2427 1253 2471 1279 ea

251 1284 428 1330 διάδοχον,
453 1289 629 1335 ἐπείτοιγε
650 1292 813 1335 χορηγεῖν
837 1286 946 1323 αὐτὰς
968 1289 1020 1333 τῷ
1046 1292 1209 1335 προτέρῳ
1234 1288 1326 1323 κατὰ
1395 1287 1505 1341 priori
1530 1288 1724 1323 sec-undum
1747 1289 1844 1334 quod
1866 1300 1888 1325 a
1913 1289 2014 1325 nobis
2039 1289 2238 1335 depositum
2261 1293 2332 1331 est,
2357 1288 2469 1324 donec

249 1332 292 1367 τὸ
318 1330 407 1380 παρ’
434 1330 539 1378 ἡμῶν
563 1331 855 1380 διατεταγμένον,
887 1336 953 1368 ἕως
976 1333 1023 1369 ἂν
1047 1336 1108 1369 ἐπὶ
1129 1336 1189 1377 τῆς
1211 1335 1328 1380 χώρας
1341 1336 1381 1367 25
1394 1343 1432 1367 in
1455 1333 1672 1378 provinciam
1704 1344 1892 1371 successor
1922 1334 2066 1371 veniens
2098 1339 2209 1370 semet
2238 1334 2355 1380 ipsum
2385 1333 2468 1368 sub-

250 1375 269 1411 ὁ
291 1375 455 1421 διάδοχος
478 1377 603 1413 ἐλθών
627 1379 756 1413 ἑαυτὸν
779 1383 853 1414 τοῖς
877 1378 1046 1423 ὑπηκόοις
1070 1377 1238 1427 ἐπιδείξῃ.
1395 1378 1495 1413 iectis
1520 1378 1695 1414 ostendat.

313 1422 363 1456 Τὰ
393 1426 516 1458 τοίνυν
547 1423 789 1469 παραστάντα
822 1423 908 1470 ἡμῖν
941 1427 1000 1458 καὶ
1029 1423 1090 1458 διὰ
1120 1422 1226 1459 τοῦδε
1261 1424 1326 1458 τοῦ
1452 1423 1551 1467 Quae
1575 1423 1682 1468 igitur
1706 1424 1916 1469 placuerunt
1938 1424 2040 1460 nobis
2067 1428 2102 1460 et
2125 1434 2190 1470 per
2212 1424 2306 1460 hanc
2330 1433 2470 1460 sacram

253 1468 355 1502 θείου
395 1466 593 1513 δηλούμενα
633 1467 747 1514 νόμου
788 1467 809 1513 ἡ
852 1470 897 1515 σὴ
934 1467 1088 1516 ὑπεροχὴ
1130 1471 1222 1516 ἔργῳ
1267 1472 1327 1503 καὶ
1395 1468 1576 1503 insinuata
1607 1473 1691 1504 sunt
1721 1470 1850 1512 legem,
1882 1472 1946 1504 tua
1977 1469 2149 1505 celsitudo
2181 1480 2202 1504 o
2229 1469 2282 1505 eri
2312 1468 2468 1504 effectui-

251 1517 380 1559 πέρατι
404 1512 632 1560 παραδοῦναι
656 1516 859 1550 σπευσάτω.
934 1515 1016 1550 Dat.
1041 1515 1114 1550 kal.
1140 1515 1230 1550 Nov.
1256 1514 1325 1550 ΟΡ.
1395 1524 1463 1558 que
1487 1515 1696 1550 contradere
1721 1514 1875 1550 festinet.
1973 1515 2056 1549 Dat.
2082 1515 2154 1550 kal.
2215 1525 2268 1550 ov.
2296 1514 2364 1550 ΟΡ.
2386 1515 2466 1559 imp.

250 1558 333 1605 imp.
359 1558 454 1604 (dn.)
477 1559 665 1595 Iustiniani
696 1571 756 1605 pp.
780 1561 908 1607 (Aug.)
939 1571 1033 1596 anno
1057 1560 1156 1596 XIII.
1187 1560 1325 1647 Apione
1339 1559 1581 1646 303})1]1stiniani
1617 1570 1677 1605 pp.
1714 1569 1809 1595 anno
1843 1559 1943 1595 XIII.
1979 1560 2120 1606 Apione
2157 1560 2233 1596 viro
2273 1559 2469 1595 clarissimo

250 1615 283 1640 v.
309 1614 342 1640 c.
367 1614 464 1640 cons.
1303 1616 1335 1640 a.
1351 1608 1380 1640 5‘
1483 1615 1580 1640 cons.

250 1717 301 1754 Et
321 1728 435 1764 usque
461 1728 503 1754 eo
526 1728 694 1753 annonas
718 1718 874 1772 accipiat
897 1719 960 1765 qui
981 1720 1232 1766 maqistratum
1256 1719 1351 1764 qerit
1374 1728 1523 1764 eumque
1546 1717 1776 1754 administrat
1782 1731 1797 1760 ;
1818 1729 1906 1755 neve
1923 1722 2061 1765 tempus
2083 1729 2134 1755 ex
2156 1718 2333 1755 codicillis
2355 1719 2468 1765 maqi-

248 1767 387 1799 stratus
418 1773 504 1799 neve
534 1773 584 1799 eae
612 1768 822 1810 praeceptas
853 1767 936 1800 tuae
958 1763 1053 1800 sedis
1075 1764 1264 1806 iudicetur,
1296 1763 1361 1799 sed
1382 1774 1431 1799 ex
1462 1773 1535 1809 quo
1560 1767 1730 1810 tempore,
1760 1763 1870 1800 sicuti
1893 1763 2027 1799 dictum
2051 1768 2115 1806 est,
2143 1764 2368 1810 provinciam
2392 1765 2470 1811 ipse

250 1809 287 1843 ive
335 1807 464 1849 editur,
494 1818 544 1844 ex
566 1818 609 1843 eo
631 1808 796 1854 publicas
826 1819 992 1844 annonas
1014 1810 1188 1856 accipiat,
1220 1819 1332 1855 usque
1361 1819 1404 1844 eo
1436 1812 1556 1843 autem
1587 1808 1620 1843 is
1652 1810 1715 1854 qui
1745 1819 1819 1844 rem
1851 1808 2082 1844 administrat
2111 1820 2173 1844 eas
2203 1811 2355 1854 auferat
2384 1820 2471 1846 neve

250 1865 273 1889 a
287 1864 345 1889 tus
368 1853 512 1889 omnino
537 1852 641 1888 ullus.
690 1852 816 1900 Neque
839 1854 931 1889 enim
956 1854 1181 1890 tolerandum
1212 1859 1267 1890 est
1289 1857 1353 1889 aut
1373 1853 1565 1898 ferendum
1586 1864 1741 1899 prorsus
1772 1854 1852 1889 sine
1874 1854 2093 1899 maqistratu
2113 1854 2339 1901 provinciam
2362 1854 2469 1890 relin-

250 1899 330 1944 qui,
362 1908 443 1949 cum
474 1898 556 1949 quis
585 1897 685 1950 forte
715 1898 900 1950 deleqetur
930 1899 976 1951 ab
1007 1910 1049 1935 eo
1081 1900 1144 1946 qui
1175 1911 1199 1934 a
1222 1898 1326 1934 nobis
1349 1901 1492 1934 creatus
1514 1898 1675 1950 esthqui
1699 1898 1814 1944 ipsius
1845 1898 1962 1934 locum
1985 1899 2145 1946 impleat,
2177 1898 2284 1934 homo
2306 1900 2471 1945 fortasse

248 1954 370 1979 rerum
393 1947 591 1996 imperatus,
623 1954 654 1978 ts
673 1953 757 1979 vero
779 1954 840 1990 qut
864 1955 939 1980 rem
962 1955 1081 1990 ipsam
1104 1944 1333 1981 administrat
1362 1947 1399 1979 et
1423 1942 1467 1978 de
1485 1944 1680 1990 provencia
1703 1943 1862 1986 decedat,
1887 1945 2105 1990 priusquam
2131 1949 2269 1990 tempus
2289 1944 2470 1986 adveniat,

249 1992 286 2024 et
308 1998 463 2024 annonis
490 1991 667 2034 privetur,
699 1999 792 2035 quas
822 2000 901 2024 eum
931 1990 1095 2036 accipere
1127 1993 1270 2036 oportet
1299 1988 1413 2024 donec
1435 1988 1688 2034 maqistratum
1714 1988 1884 2034 deponat.
1932 1988 2096 2035 Deponet
2119 1993 2238 2025 autem
2261 2000 2359 2031 eum,
2390 2000 2470 2025 cum

249 2043 437 2069 successor
460 2033 509 2068 ad
524 2033 752 2079 provinciam
777 2033 936 2076 accedat,
961 2035 1099 2070 duobus
1121 2035 1238 2070 solum
1261 2033 1387 2069 diebus
1410 2039 1496 2068 ante
1520 2043 1627 2078 quam
1650 2033 1713 2069 ille
1735 2034 1959 2080 provinciam
1982 2034 2221 2114 qurediatur.

387 2077 473 2131 Epi
482 2078 496 2113 l
505 2089 526 2113 o
535 2089 630 2124 qus.
680 2077 780 2130 Quae
804 2079 923 2114 omnia
947 2091 970 2114 a
993 2080 1077 2116 sede
1101 2085 1184 2116 tuae
1206 2078 1436 2114 sublimitatis
1467 2079 1504 2112 in
1525 2081 1741 2130 perpetuum
1772 2078 1948 2114 custodiri
1972 2090 2014 2114 vo

2030 2090 2143 2121 umus,
2175 2082 2284 2130 atque
2307 2078 2370 2114 ubi
2390 2090 2470 2114 eum

250 2123 300 2159 ad
322 2123 552 2170 provinciam
581 2133 774 2159 accessisse
804 2124 1037 2170 coqnoveriS,
1069 2135 1236 2160 annonas
1260 2135 1283 2158 a
1307 2123 1494 2158 decessore
1524 2133 1563 2157 m
1585 2133 1827 2158 successorem
1861 2124 2074 2170 transferri,
2107 2124 2243 2170 alioqui
2268 2134 2331 2159 eas
2351 2124 2471 2170 priori

249 2167 443 2204 secundum
467 2169 506 2203 id
528 2167 626 2213 quod
647 2180 671 2203 a
694 2168 797 2204 nobis
819 2169 1052 2205 constitutum
1075 2174 1130 2205 est
1150 2168 1319 2216 praeberi
1343 2168 1513 2209 iubemus,
1545 2166 1657 2203 donec
1680 2167 1718 2202 in
1737 2167 1966 2214 provinciam
1989 2179 2175 2206 successor
2197 2169 2332 2205 venerit
2363 2180 2472 2215 seque

249 2214 416 2250 subiectis
440 2212 645 2249 ostenderit.

384 2257 484 2301 Quae
501 2258 615 2304 iqitur
634 2258 739 2293 nobis
751 2258 974 2305 placuerunt
996 2262 1033 2294 et
1054 2269 1123 2304 per
1141 2257 1236 2293 lianc
1255 2268 1399 2293 sacram
1422 2257 1535 2303 leqem
1555 2256 1790 2294 declarantur
1813 2261 1875 2293 tua
1893 2258 2093 2294 sublimitas
2113 2259 2162 2294 ad
2180 2270 2272 2306 opus
2291 2259 2471 2304 effectum-

250 2315 319 2350 que
342 2303 522 2339 adducere
543 2302 696 2339 studeat.

297 2418 311 2450 1
335 2417 436 2459 μέχρι
459 2413 544 2448 τότε
557 2415 664 2455 ΜΒς]
689 2417 790 2459 μέχρι
805 2412 933 2447 τούτου
950 2416 978 2448 L
998 2416 1078 2457 (ἕως
1093 2414 1177 2448 τότε
1195 2413 1302 2456 Ῥοπ.)
1322 2414 1328 2458 l

250 2464 271 2496 4
295 2459 449 2506 πράξεσι
474 2461 504 2493 L
523 2460 536 2504 ΙΙ
553 2461 573 2493 6
597 2459 635 2500 ἐξ
659 2461 806 2501 ἐκείνου]
830 2459 925 2492 illius
950 2471 968 2496 ς
985 2460 997 2504 ΙΙ
1017 2463 1034 2494 7
1059 2459 1138 2501 τὸν]
1163 2461 1241 2494 τῶν
1267 2461 1311 2493 M
1323 2459 1328 2504 Ι

249 2507 366 2540 ταῦτα
381 2505 600 2549 νομίζεσθαι
618 2506 663 2538 Μ
675 2508 686 2543 {l
704 2506 722 2540 8
740 2500 794 2546 οὐ]
820 2500 903 2537 οὐδὲ
919 2506 950 2538 L
967 2505 980 2550 ss
1008 2508 1046 2540 11
1058 2519 1105 2548 sq.
1127 2505 1195 2539 τὸν
1211 2504 1329 2539 τόπον

250 2549 431 2595 πληρώσει
455 2552 486 2584 L
513 2551 526 2594 l]
556 2553 595 2584 17
622 2551 790 2592 ἐπισταίη
816 2551 1013 2592 Zachariae]
1045 2551 1192 2594 ἐπιβαίη
1219 2552 1296 2584 libri
1317 2549 1329 2595 ΙΙ

251 2599 293 2631 29
302 2599 423 2630 subscr.
435 2609 494 2629 om.
507 2597 550 2628 Μ
552 2596 615 2629 Iul.
630 2595 641 2638 ΙΙ
653 2595 719 2628 dat.
735 2595 801 2628 kal.
812 2596 843 2627 N
845 2606 896 2629 ov,
906 2614 947 2620 ——
957 2607 1045 2629 cone.
1059 2608 1089 2636 ς,
1107 2596 1242 2641 ἐγράφη
1256 2594 1326 2641 πρὸ

250 2641 276 2675 ε’
294 2638 488 2675 καλανδῶν
505 2642 722 2685 Νοεμβρίων
739 2638 923 2683 βασιλείας
940 2637 1193 2675 ’[ουστινιανοῦ
1217 2639 1259 2674 τὸ
1276 2640 1327 2686 ιγ’

250 2683 422 2720 ὑπατείας
449 2682 623 2719 Ἀπίωνος
654 2688 729 2719 ΑτΙι.
777 2685 994 2730 ἐξεφωνήθη
1026 2688 1113 2729 μηνὶ
1147 2688 1328 2730 νοεμβρίῳ

250 2729 433 2775 βασιλείας
456 2732 528 2764 ἔτει
553 2730 600 2776 ιγ’
626 2727 783 2773 ὑπατεία
804 2727 966 2765 Ἀπίονος
991 2733 1112 2765 Τήεοά.
1153 2732 1329 2765 Praestare

253 2785 358 2811 notam
382 2778 449 2810 diei
468 2778 500 2809 in
518 2788 537 2812 ς
557 2789 651 2820 quam
670 2778 760 2819 apud
775 2776 850 2810 Am.
869 2778 1021 2810 traditam
1042 2790 1080 2810 ex
1098 2778 1330 2820 subscriptione

252 2834 321 2856 nov.
346 2834 414 2865 seq.
439 2822 542 2865 efficit
565 2822 754 2855 Zachariae

298 2913 314 2946 1
339 2911 387 2943 Et
410 2923 469 2944 om.
495 2911 547 2944 1⁷¹
572 2910 585 2953 ΙΙ
613 2912 633 2945 2
657 2910 832 2952 cingulum
854 2910 889 2943 R
918 2909 930 2953 ΙΙ
957 2912 990 2943 et
1012 2911 1264 2953 gubernantem]
1298 2912 1330 2944 et

253 2970 312 2990 om.
333 2955 447 3000 V¹113
470 2955 614 2989 iudicari
638 2956 733 2989 Beck
748 2955 762 2999 ΙΙ
779 2956 801 2988 4
824 2955 937 2996 sicuti]
963 2969 1022 2989 om.
1044 2956 1095 2990 V¹
1126 2958 1165 2989 ut
1197 2955 1247 2990 V³
1261 2955 1274 2999 ΙΙ
1292 2955 1329 2988 in

252 3000 456 3044 provinciam
479 3001 633 3046 vul9.1]5
658 3001 728 3044 ipse
753 3001 858 3041 Beck]
883 3002 955 3043 ipsa
980 3001 1057 3035 libri
1078 3001 1183 3043 ipsam
1206 3001 1294 3045 vulq.
1317 3000 1330 3044 ΙΙ

1396 2414 1568 2447 accesserit
1601 2414 1695 2455 Val]
1734 2414 1933 2448 accesserint
1956 2414 2128 2458 RTvulq.
2158 2414 2171 2459 ΙΙ
2198 2415 2294 2448 illinc
2323 2416 2471 2458 accipere

1396 2459 1531 2502 publica
1554 2459 1775 2492 emolumenta
1799 2461 1893 2493 Beck
1919 2460 1932 2502 ΙΙ
1963 2461 1983 2492 6
2006 2469 2082 2492 vero
2107 2462 2226 2494 addidi
2247 2463 2369 2502 (autem
2393 2463 2469 2494 add.

1398 2506 1503 2547 Beck)
1522 2503 1534 2549 ΙΙ
1550 2505 1609 2546 qui
1631 2505 1667 2536 in
1688 2504 1796 2545 rebus]
1822 2505 1880 2546 qui
1903 2504 2053 2537 omnium
2075 2505 2111 2537 in
2135 2505 2232 2538 rebus
2256 2505 2306 2539 V²
2322 2508 2354 2539 in
2371 2519 2436 2540 ras.
2459 2505 2472 2550 ΙΙ

1398 2553 1415 2584 7
1435 2550 1547 2583 existit
1562 2551 1653 2583 Beck
1672 2549 1684 2593 ΙΙ
1699 2549 1846 2591 accipere
1865 2549 1918 2593 ΤΙΙ
1937 2549 2096 2590 omnium]
2122 2552 2232 2584 uirum
2253 2551 2305 2584 R⁰
2323 2551 2335 2591 ΙΙ
2351 2552 2370 2585 8
2395 2562 2470 2594 por-

1398 2595 1501 2628 tabile
1530 2595 1584 2628 T“
1609 2594 1621 2638 ΙΙ
1646 2596 1665 2628 9
1689 2597 1822 2627 statu-0
1842 2595 1893 2628 Va
1917 2594 1931 2636 ΙΙ
1955 2594 2061 2638 aliqui
2084 2595 2132 2628 V¹
2162 2595 2175 2639 ΙΙ
2204 2598 2244 2630 10
2268 2595 2472 2629 ordinandus

1400 2641 1432 2673 T
1439 2641 1449 2661 ¹
1466 2640 1478 2684 ΙΙ
1499 2642 1535 2674 11
1563 2641 1730 2672 hominem
1754 2658 1797 2664 —
1819 2639 1992 2672 habentem
2018 2641 2103 2681 libri,
2129 2654 2210 2674 corr.
2224 2642 2310 2685 vuly.
2329 2640 2342 2684 ΙΙ
2363 2642 2403 2675 12
2418 2641 2471 2674 illi

1407 2686 1453 2718 V¹
1470 2688 1481 2726 ΙΙ
1509 2683 1720 2718 discendente
1744 2685 1776 2717 R
1807 2684 2022 2718 descendente
2044 2685 2091 2717 V¹
2107 2685 2119 2728 ΙΙ
2148 2687 2189 2719 14
2213 2686 2471 2719 emolumentum

1398 2730 1446 2763 R¹
1464 2730 1476 2774 ΙΙ
1494 2732 1580 2771 eum]
1604 2729 1721 2763 cuius?
1745 2729 1794 2762 R¹
1811 2729 1824 2772 ΙΙ
1851 2732 1892 2764 15
1916 2731 2019 2772 ponat
2044 2730 2089 2762 [θ’
2112 2731 2124 2773 u
2150 2731 2303 2773 deponet]
2328 2731 2471 2774 deponat

1405 2775 1482 2809 VT²
1497 2775 1510 2819 ΙΙ
1528 2776 1605 2808 dum
1629 2787 1688 2807 om.
1710 2774 1766 2818 Vl]
1787 2776 1827 2808 16
1851 2773 1956 2807 solum
1981 2774 2062 2806 duos
2083 2774 2139 2819 Vl]
2156 2777 2195 2809 21
2219 2775 2390 2809 eelsitudis
2409 2776 2444 2809 V
2459 2776 2470 2818 ΙΙ

1397 2821 1440 2854 22
1470 2820 1642 2853 adstetisse
1675 2819 1706 2853 V
1729 2819 1741 2863 ΙΙ
1776 2829 1986 2862 nnponere
2020 2820 2068 2852 V¹
2094 2820 2106 2863 ΙΙ
2140 2821 2182 2854 23
2213 2831 2251 2853 ea
2281 2822 2381 2865 vulq]
2416 2831 2470 2853 eas

1398 2867 1476 2899 libri
1491 2865 1503 2908 ΙΙ
1529 2866 1571 2899 24
1588 2864 1773 2908 depositum
1792 2866 1822 2897 R
1838 2865 1850 2908 ΙΙ
1875 2866 1916 2898 27
1938 2863 2034 2896 nobis
2058 2878 2115 2898 om.
2134 2866 2165 2898 Τ
2177 2865 2189 2908 ΙΙ
2206 2866 2248 2899 29
2260 2867 2382 2899 subscr.
2403 2865 2468 2898 dat.

1397 2909 1463 2942 kal.
1489 2917 1532 2943 no
1553 2911 1673 2944 Bamb.
1686 2911 1730 2943 II
1755 2910 1867 2943 datum
1888 2909 1952 2942 kls.
1977 2909 2166 2943 nouembris
2186 2914 2236 2953 εἶ).
2258 2910 2471 2952 Imperatoris

1397 2955 1531 2988 Iustini.
1561 2965 1682 2998 prepo.>
1706 2965 1794 2987 anno
1817 2954 1918 2988 XIII.
1949 2955 2068 2997 apione
2100 2955 2173 2988 uiro
2204 2954 2387 2988 clarissimo
2419 2957 2469 2989 od.

1395 3002 1513 3043 princ„
1538 3013 1596 3033 om.
1614 3001 1684 3034 rell.
