2580 4022
167 146 226 175 υτ
254 147 314 176 DE
345 146 516 177 CETERO
547 147 730 179 NULLAM
760 147 1003 179 LICENTIAM
1242 135 1317 182 711
2032 138 2139 180 Nov.
2164 136 2313 179 CXLV
2344 150 2404 190 pr.

660 316 753 360 Hui}
1791 329 1929 365 exnv.
2128 328 2236 363 Auth.
2257 326 2407 361 cxxm

211 403 345 437 ΩΣΤΕ
371 403 480 437 ΤΟΥ
504 404 696 439 AOIIIOY
719 406 994 441 ΜΗΔΕΜΙΑΝ
1019 407 1199 441 ΑΔΕῙΑΝ
1381 407 1445 442 UT
1482 408 1548 442 DE
1588 408 1782 442 CETERO
1820 408 2025 443 NULLAM
2061 406 2335 442 LICENTIAM

165 449 312 482 EXEIN
352 449 457 482 ΤΟΝ
505 449 680 484 ΔΟΥΚΑ
726 453 856 486 ΗΤΟΙ
903 453 1243 486 ΒΙΟΚΩΛΥΤΗΝ
1314 452 1513 487 ΗΑΒΕΛΤ
1550 453 1650 487 DUX
1681 453 1778 488 AUT
1815 453 2090 488 BlooOLYTA
2125 452 2308 486 LYDIAE
2341 451 2404 485 ET

164 494 313 527 ΚΑΤΑ
337 494 565 528 ΦΡΥΓΙΑΝ
595 496 873 531 ΕΚΑΤΕΡΑΝ
905 498 998 531 ΚΑΙ
1028 498 1244 531 ΠΙΣΙΔΙΑΝ
1314 497 1594 533 LYCAONIAE
1639 498 1690 533 IN
1735 498 1989 533 PHRYGIAM
2029 497 2298 540 UTRAMQUE
2340 496 2404 530 ET

163 538 532 573 ΠΑΡΑΓΙΝΕΣΘΑΙ
547 541 583 573 H
599 542 752 575 ΤΙΝΑΣ
767 543 871 576 ΤΩΝ
885 543 1080 576 ΑΥΤΟΙΣ
1095 543 1245 576 ΠΡΟΣ-
1282 543 1300 574 5
1439 543 1657 578 PISIDIAM
1681 543 1936 580 ADVENJRE
1960 543 2025 578 ET
2052 542 2279 587 RELIQUA.

162 584 415 618 ΗΚΟΝΤΩΝ
437 586 682 620 ΣΤΕΛΛΕΙΝ
701 588 794 621 ΚΑΙ
810 588 1060 621 ΣΥΝΕΧΕΙΝ
1079 589 1245 627 ΤΙΝΑΣ,

162 629 294 662 ΑΛΛΑ
327 629 468 663 ΜΗΔΕ
494 631 634 664 ΤΟΥΣ
661 632 765 666 ΤΩΝ
787 633 965 666 ΑΥΤῼΝ
989 634 1246 667 ΕΠΑΡΧΙΩΝ

162 674 368 707 ΑΠΙΕΝΑΙ
397 675 531 709 ΠΡΟΣ
561 677 701 710 ΤΟΥΣ
733 678 837 711 ΤΑΣ
868 678 1139 711 ΤΟῙΑΥΤΑΣ
1164 679 1247 712 AP-

161 719 265 752 ΧΑΣ
290 720 534 754 ΕΧΟΝΤΑΣ
559 722 640 755 ΕΠῙ
659 723 726 755 ΤΕ
745 723 1029 756 ΛΥΚΑΟΝΙΑΙ
1053 724 1146 756 ΚΑΙ
1165 724 1247 757 AY-

161 764 259 797 ΔΙΑΙ
283 765 377 798 ΚΑΙ
395 766 550 799 ΤΙΝΑΣ
574 762 684 800 IIAP'
700 768 895 801 ΑΥΤΟΙΣ
911 768 1015 801 ΥΠΟ
1035 769 1247 802 MEM¹111N
1263 768 1302 801 10

160 810 453 850 ΠΟΙΕΙΣΘΑῙ,
495 811 600 845 ΤΩΝ
632 812 920 847 ΠΟΛΙΤΙΚῼΝ
955 814 1247 847 ΑΡΧΟΝΤΩΝ

160 855 356 889 ΙΚΑΝΩΝ
390 857 744 890 ΚΑΘΕΣΤΩΤῼΝ
778 859 900 891 ΤΑΙΣ
934 858 1246 892 ΑΝΑΦΥΟΜΕ-

324 901 442 934 ΝΑΙΣ
463 901 779 936 ΥΠΟΘΕΣΕΣΙΝ
804 901 1079 940 ΕΠΕΞΙΕΝΑῙ.

159 962 196 999 Ὁ
220 963 327 999 αὐτὸς
350 965 515 1009 βασιλεὺς
529 963 744 1011 Ἀρεοβίνὸῳ
765 967 911 1012 ἐπάρχῳ
932 972 1169 1014 πραιτωρίων
1186 971 1246 1002 καὶ
1448 968 1545 1003 Idem
1569 969 1661 1013 Aug.
1686 969 1904 1005 Ariobindae
1929 969 2181 1015 gloriosissimo
2206 980 2266 1014 pp.

160 1007 234 1044 ἀπὸ
261 1009 431 1055 ἐπάρχων
454 1013 517 1054 τῆς
539 1010 750 1056 εὗὸαίμονος
773 1013 912 1047 πόλεως
928 1017 986 1047 καὶ
1003 1013 1244 1060 στρατηλάτῃ.
1260 1015 1300 1047 15

168 1122 175 1131 Ι
202 1078 497 1132 <Προοίμ,ιον.>
550 1082 625 1113 Τοῖς
649 1076 702 1112 ἀεὶ
726 1085 1022 1134 παρεμπίπτουσι
1045 1081 1114 1124 τὴν
1139 1092 1244 1125 προς-
1358 1079 1646 1125 (Praefatio.)
1693 1081 1758 1116 His
1791 1092 1882 1126 quae
1909 1092 2048 1126 semper
2071 1082 2234 1117 incidunt
2259 1091 2401 1126 compe-

158 1135 314 1165 ηκουσαν
336 1124 508 1157 ἑκαστοτε
531 1124 737 1169 θεραπείαν
761 1130 991 1171 ευρίσκοντες,
1025 1124 1174 1160 ἐπειδὰν
1198 1126 1244 1160 τὰ
1313 1127 1446 1159 tentem
1467 1125 1613 1169 Singulis
1638 1126 1849 1161 medicinam
1872 1128 2101 1166 invenientes,
2128 1127 2210 1172 quia
2230 1126 2402 1161 utilitates

158 1169 220 1209 τῆς
254 1172 372 1212 χρείας
400 1167 585 1215 παρέλθῃ,
620 1168 731 1204 πάλιν
761 1172 823 1213 τῆς
857 1174 1031 1216 προτέρας
1061 1171 1244 1217 γινόμεθα
1314 1172 1478 1214 quaeret,
1510 1171 1637 1205 iterum
1668 1172 1797 1216 prioris
1829 1172 2002 1207 efficimur
2034 1173 2185 1216 ordinis,
2218 1182 2330 1216 usque
2356 1171 2402 1206 ad

157 1212 307 1255 τάξεως,
338 1215 439 1257 μέχρι
471 1213 585 1257 μόνου
617 1215 679 1249 τοῦ
712 1217 956 1258 πεπονηκότος
987 1216 1054 1259 τὴν
1082 1217 1245 1260 ἰατρείαν
1314 1215 1428 1249 solum
1452 1215 1628 1250 dolentem
1652 1217 1862 1252 medicinam
1887 1218 2064 1252 sistentes.
2113 1217 2214 1261 Quod
2242 1217 2313 1252 tale
2337 1217 2401 1250 ali-

159 1257 339 1292 ἱστιῡντες.
388 1259 516 1292 ὁποῖον
553 1258 595 1302 δή
631 1273 668 1293 τι
704 1264 764 1293 καὶ
796 1257 815 1294 ὁ
849 1262 979 1305 παρών
1011 1259 1115 1304 ἡμῶν
1146 1262 1244 1295 θεῖος
1259 1262 1300 1294 20
1314 1260 1398 1304 quid
1424 1262 1459 1294 et
1482 1271 1652 1305 praesens
1677 1265 1799 1297 nostra
1824 1273 1928 1297 sacra
1952 1263 2108 1298 vnltlex.
2150 1263 2291 1297 Modice
2309 1261 2402 1296 enim

156 1301 327 1345 βούλεται
348 1302 466 1346 νόμος.
514 1300 624 1350 ὀλίγῳ
650 1305 718 1349 γὰρ
741 1303 921 1351 πρότερον
945 1307 1053 1340 τοῦτο
1076 1309 1143 1350 μὲν
1158 1306 1243 1340 ἀτα-
1312 1306 1411 1349 prius
1436 1306 1534 1340 aliud
1559 1307 1698 1350 quidem
1722 1307 2061 1352 indisciplinationes
2085 1309 2279 1352 populares
2304 1306 2402 1341 aliud

158 1348 234 1387 ξίας
258 1346 432 1391 ὃημώὸεις
455 1352 563 1383 τοῦτο
589 1348 627 1383 δὲ
652 1349 797 1395 λῃστῶν
820 1350 1015 1396 ἐπιδρομὰς
1036 1351 1130 1385 κατὰ
1148 1355 1242 1396 Φρυ-
1312 1360 1394 1385 vero
1427 1351 1605 1386 latronum
1636 1351 1801 1387 incursus
1826 1353 1862 1387 in
1887 1353 2075 1397 Phrygiam
2100 1355 2207 1397 atque
2232 1353 2402 1387 Pisidiam

156 1396 241 1438 γίαν
272 1394 447 1436 ἑκατέραν
474 1397 533 1427 καὶ
558 1393 731 1428 Πισιδίαν
760 1397 932 1442 γίνεσθαι
959 1396 1163 1441 μαθόντες,
1197 1393 1245 1431 ὥς
1312 1395 1393 1430 fieri
1422 1396 1617 1438 discentes,
1650 1407 1692 1431 eo
1723 1397 1817 1441 quod
1849 1398 1985 1433 civilem
2014 1399 2307 1442 gubernationem
2339 1407 2400 1432 ex-

156 1437 345 1481 πολιτικὴν
370 1437 545 1481 διοίκησιν
570 1442 753 1483 ἐκβαίνειν
775 1440 843 1484 τὴν
858 1443 923 1475 τοῦ
940 1439 1150 1487 πράγματος
1167 1444 1242 1476 ἐπι·
1313 1441 1417 1475 cedat
1452 1442 1503 1476 rei
1539 1442 1761 1484 sollicitudo,
1797 1445 1871 1477 tam
1906 1443 1962 1478 his
1998 1453 2103 1488 quam
2130 1443 2334 1488 Lycaoniae
2366 1445 2402 1476 et

155 1481 311 1526 μέλειαν,
336 1484 485 1517 ταύταις
508 1498 547 1518 τε
567 1488 627 1518 καὶ
652 1483 742 1528 πρός
762 1499 803 1532 ye
827 1489 1015 1529 Λυκαονία
1039 1490 1100 1520 καὶ
1120 1485 1243 1530 Λυδίᾳ
1257 1486 1298 1519 25
1311 1485 1446 1530 Lydiae
1466 1486 1652 1521 militarem
1669 1488 2011 1524 administrationem
2028 1488 2309 1533 praeposuimus,
2336 1487 2400 1521 du-

156 1528 423 1572 στρατιωτικὴν
459 1528 574 1574 ἀρχὴν
610 1528 866 1575 ἐπεστήσαμεν,
903 1530 1015 1565 δοῦκα
1050 1530 1130 1574 ἦτοι
1165 1536 1240 1576 βιο-
1313 1541 1388 1566 cem
1410 1532 1519 1576 (aut)
1542 1533 1757 1577 biocolytam
1774 1534 1997 1568 nominantes
2013 1544 2091 1568 eum
2109 1533 2170 1577 qui
2185 1544 2292 1578 Super
2308 1533 2402 1567 hanc

155 1572 320 1616 κωλύτην
351 1570 598 1618 ὀνομάσαντες
624 1575 692 1609 τὸν
717 1577 777 1610 ἐπὶ
800 1577 927 1611 τούτου
951 1577 1014 1610 τοῦ
1037 1579 1163 1622 μέρους
1186 1590 1239 1611 τε-
1311 1577 1496 1612 ordinatus
1530 1579 1584 1612 est
1618 1581 1768 1622 partem.
1816 1579 1886 1613 Sed
1917 1589 2014 1618 nuno
2047 1579 2212 1613 adierunt
2244 1588 2308 1613 nos
2341 1577 2402 1622 qui

289 1676 376 1709 Nov.
398 1676 604 1718 C'XLV(=
621 1677 771 1710 Anthene.
794 1678 971 1720 CXXIII)
1002 1679 1126 1713 Graece
1151 1687 1238 1713 extat
1261 1681 1293 1712 in
1315 1680 1399 1719 ML,
1428 1681 1559 1712 rubrica
1585 1687 1613 1712 et
1635 1693 1661 1712 c.
1683 1683 1696 1714 1
1722 1681 1961 1723 (Θεσπίζομεν
1988 1679 2191 1727 ἐξῃρῆσθαι
2215 1704 2329 1713 .....
2332 1681 2344 1721 )
2369 1681 2401 1712 in

155 1720 190 1752 B
209 1722 240 1761 6,
257 1728 305 1754 20.
352 1721 394 1753 Iu
419 1722 466 1754 M
484 1723 552 1754 loco
577 1734 647 1755 nov.
670 1723 832 1756 CXLIII
851 1731 880 1755 et
903 1726 1034 1757 rubrica
1059 1732 1089 1757 et
1108 1737 1178 1767 cap.
1200 1727 1214 1757 1
1243 1725 1482 1766 (Θεσπίζομεν
1507 1723 1710 1770 ἐξῃρῆσθαι
1737 1750 1849 1758 .....
1853 1731 1863 1765 )
1891 1727 2020 1768 pariter
2046 1733 2141 1768 atque
2163 1727 2196 1758 in
2218 1725 2254 1757 Β
2279 1726 2402 1768 scripta

159 1766 326 1798 exhibetur
352 1767 476 1799 adiecto
503 1768 592 1800 brevi
611 1768 748 1810 epiloyo,
771 1769 915 1810 sequitur
938 1770 1046 1802 statim
1070 1777 1106 1802 ut
1131 1782 1161 1802 n.
1185 1770 1460 1813 C'XLVinteyra
1484 1771 1621 1803 novella.
1648 1788 1689 1794 —
1715 1771 1806 1813 Epic.
1827 1771 1947 1804 Theod.
1968 1772 2043 1812 145,
2067 1772 2188 1804 Athon.
2208 1771 2240 1813 4,
2256 1777 2302 1804 23.

1209 1924 1302 1960 CXL
1313 1925 1352 1960 V.

153 1999 226 2035 NE
260 1999 429 2034 ULLAM
459 1998 519 2034 IN
546 1999 824 2035 POSTERUM
851 2000 1186 2037 FACULTATEM
1217 2002 1427 2037 HABEAT
1451 2001 1563 2037 DUX
1590 2001 1689 2037 SEU
1720 2000 2006 2038 BIOCOLYTA
2040 2002 2101 2038 IN
2127 2003 2402 2045 UTRAMQUE

152 2043 430 2079 PHRYGIAM
462 2044 531 2078 ΕΤ
559 2043 803 2079 PISIDIAM
835 2045 1095 2080 VENIENDI
1122 2046 1225 2081 AUT
1250 2046 1465 2088 ALIQUOS
1495 2046 1570 2081 EX
1599 2046 1673 2080 IIS
1703 2046 1794 2088 QUI
1821 2047 1889 2081 AD
1921 2046 2071 2083 IPSOS
2101 2048 2406 2083 PERTINENT

152 2087 412 2124 MITTENDI
431 2088 500 2123 ET
517 2087 759 2130 QUOSDAM
779 2089 1272 2131 COMPREHENDENDI,
1299 2090 1398 2125 SED
1423 2090 1488 2124 UT
1507 2090 1582 2124 NE
1603 2090 2191 2135 HABITATORESQUJDEM
2212 2092 2399 2127 EARUN-

152 2133 262 2169 DEM
291 2132 691 2168 PROVINCIARUM
719 2132 1011 2168 DISCEDANT
1036 2134 1102 2168 AD
1136 2134 1234 2170 EOS
1263 2134 1356 2177 QUI
1383 2133 1641 2170 EIUSMODI
1668 2134 2017 2171 MAGISTRATUS
2050 2136 2111 2171 IN
2141 2136 2399 2173 LYCAONIA

152 2178 222 2213 ET
257 2177 419 2213 LYDIA
462 2177 675 2218 GERUNT,
719 2177 784 2212 ET
817 2177 1131 2220 QUERELLAM
1167 2178 1359 2214 CONTRA
1395 2178 1612 2221 ALIQUOS
1635 2178 1771 2214 APUD
1808 2179 1906 2215 EOS
1939 2179 2259 2221 INSTITUANT,
2298 2181 2404 2217 CUM

154 2222 362 2260 CIVILES
385 2221 731 2258 MAGISTRATUS
753 2222 938 2258 IDONEI
956 2222 1157 2258 SINTAD
1175 2223 1360 2259 CAUSAS
1374 2222 1505 2265 QUAE
1523 2223 1834 2259 EMERSURAE
1850 2224 1973 2260 SINT
1984 2224 2397 2269 PERSEQUENDAS.

272 2290 374 2326 Idem
399 2290 584 2335 Auqustus
608 2289 814 2325 Areobindo
830 2291 1027 2336 praefecto
1046 2290 1240 2336 praetorio
1266 2294 1301 2325 et
1320 2291 1560 2336 eoepraefecto
1583 2290 1705 2336 felicis
1729 2291 1828 2326 urbis
1852 2295 1887 2327 et
1910 2293 2086 2338 maqistro
2111 2294 2274 2329 militum.

291 2357 552 2402 Praefatio.
603 2356 688 2392 Cum
712 2357 757 2391 iis
781 2368 874 2402 quae
895 2368 1038 2402 semper
1059 2358 1224 2392 incidunt
1247 2356 1395 2403 diqnum
1415 2368 1486 2403 per
1508 2357 1654 2402 sinqula
1678 2358 1872 2393 remedium
1895 2360 2132 2404 reperiamus,
2157 2361 2219 2396 ubi
2243 2362 2397 2397 necessi-

154 2407 211 2438 tas
236 2403 443 2448 praeteriit,
476 2413 605 2436 rursus
636 2402 674 2436 iu
714 2403 862 2436 >riorem
896 2403 1058 2437 ordinem
1091 2402 1317 2445 revertimur,
1349 2404 1483 2481 quiplpe
1513 2404 1575 2447 qui
1608 2403 1645 2437 iu
1673 2414 1716 2438 ea
1748 2403 1943 2439 dumtaxat
1965 2409 2074 2449 parte
2099 2416 2192 2450 quae
2216 2406 2398 2442 laboravit

150 2447 362 2483 medicinam
398 2446 636 2481 cohibeamus.
714 2447 771 2481 ale
806 2446 896 2492 quid
929 2447 1036 2481 etiam
1069 2458 1244 2493 praesens
1281 2458 1389 2482 sacra
1433 2448 1491 2482 'ex
1529 2450 1657 2482 nostra
1690 2447 1776 2483 vult.
1826 2448 1920 2482 Nam
1954 2459 2032 2483 cum
2056 2449 2174 2495 paulo
2206 2455 2290 2486 ante
2324 2456 2396 2486 tam

154 2494 280 2528 turbas
304 2491 436 2533 civiles,
470 2503 578 2543 quam
603 2492 786 2526 latronum
810 2493 1035 2526 incursiones
1056 2503 1124 2538 per
1148 2491 1348 2537 Plzryqiam
1373 2496 1563 2537 utramque
1586 2496 1621 2527 et
1645 2492 1820 2527 Pisidiam
1841 2494 1924 2536 fieri
1948 2496 2255 2539 comperissemus,
2280 2496 2332 2530 ita
2356 2500 2396 2530 ut

151 2538 228 2572 eius
252 2538 306 2572 rei
330 2548 419 2572 cura
443 2537 579 2572 civilem
604 2536 954 2571 administrationem
980 2537 1182 2578 excederet,
1207 2542 1242 2571 et
1266 2536 1322 2571 his
1340 2538 1543 2582 provinciis
1560 2541 1594 2572 et
1611 2542 1803 2583 praeterea
1820 2537 2030 2583 Lycaoniae
2053 2544 2088 2574 et
2102 2539 2242 2584 Lydiae
2265 2541 2395 2576 milita-

150 2594 225 2618 rem
257 2582 508 2629 maqistratum
535 2582 792 2627 praefecimus,
826 2581 928 2616 ducis
959 2592 1022 2616 seu
1055 2581 1258 2626 biocolytae
1289 2583 1432 2616 nomine
1462 2582 1631 2627 imposito
1659 2582 1693 2617 ei
1717 2583 1782 2627 qui
1803 2583 1853 2617 ad
1875 2583 1969 2618 lianc
1991 2594 2066 2619 rem
2091 2586 2306 2620 constitutus
2329 2590 2393 2621 est.

196 2741 216 2773 2
247 2742 333 2772 rubr.
359 2740 448 2781 Περὶ
479 2738 542 2770 τοῦ
573 2735 698 2770 domuis-
729 2734 752 2779 ἢ
784 2736 1006 2781 βιοκιολύτου
1030 2739 1236 2771 Λυκαονίας
1305 2734 1498 2770 λυκαονίαν
1528 2739 1586 2770 καὶ
1619 2736 1746 2770 λυδίαν
1778 2739 1824 2771 ,Μ
1850 2738 1862 2783 ΙΙ
1894 2741 1936 2773 26
1967 2738 2394 2784 ἐπεστήσαμεν-τετα-

150 2787 209 2817 aaz
232 2781 370 2816 Λυδίας
402 2784 520 2816 leeod.
553 2783 607 2825 (ef.
634 2786 664 2823 ς)
693 2783 705 2826 11
736 2785 754 2816 3
786 2783 851 2816 τὸν
884 2797 940 2816 om.
968 2784 1018 2815 B⁰
1047 2784 1058 2825 ΙΙ
1087 2781 1180 2826 ἤτοι]
1213 2779 1235 2823 ἢ
1303 2782 1449 2826 γμένον]
1468 2785 1513 2815 ad
1527 2786 1779 2816 constitutionem
1798 2796 1880 2817 nunc
1897 2786 2096 2827 deperditam
2114 2787 2248 2819 novellis
2264 2789 2400 2820 XXIV

149 2829 215 2862 τὸν
248 2830 283 2861 Β
324 2825 346 2869 ἢ
379 2829 444 2861 ind.
478 2829 553 2860 Atle.
585 2828 596 2870 Η
624 2831 704 2870 βίας
736 2826 900 2869 κωλυτὴν
931 2829 1005 2861 Aah.
1035 2827 1046 2872 Η
1079 2830 1098 2860 4
1130 2826 1234 2867 κατὰ]
1306 2835 1335 2859 et
1358 2827 1474 2860 XXV
1491 2829 1703 2869 recentiorem,
1723 2830 1873 2870 fortasse
1898 2831 2062 2872 aequalem
2088 2843 2158 2864 nov.
2183 2833 2277 2865 XLI
2295 2836 2394 2876 refert

149 2877 209 2907 καὶ
234 2872 325 2906 κατὰ
355 2874 401 2906 Βε
419 2874 430 2914 Η
453 2874 512 2905 καὶ
536 2870 710 2905 Πισιδίαν
732 2874 782 2905 BC
806 2875 881 2904 Alli.
900 2875 929 2914 ς]
959 2886 1015 2905 om.
1043 2872 1168 2905 MLBs
1186 2872 1197 2915 Η
1215 2874 1234 2905 6
1306 2872 1492 2905 Zachariae

149 2916 321 2958 στέλλειν]
344 2919 384 2950 ἐν
408 2914 530 2949 αὐταῖς
554 2915 713 2949 στέλλειν
737 2918 810 2949 Ath.
838 2917 848 2958 ΙΙ
873 2920 890 2949 7
912 2915 992 2950 τοὺς
1012 2918 1089 2949 τῶν
1115 2911 1236 2949 αὐτῶν

149 2963 334 3006 ἐπαρχιῶν
358 2963 498 2994 ἐπιέναι
518 2962 568 2993 B⁰
591 2961 673 2993 τοὺς
696 2961 772 2993 τῶν
797 2962 980 3004 ἐπαρχιῶν
1005 2957 1115 2994 α’ὗτῐιν
1139 2959 1236 2994 ‹init-

149 3021 209 3041 ναι
235 3009 266 3039 L
287 3004 367 3039 τοὺς
392 3006 577 3038 οἰκοῦντας
599 3003 708 3048 (τὰς)
732 3001 840 3038 αὐτὰς
864 3008 1033 3048 ἐπαρχίας
1053 3004 1236 3038 obvanam
1349 3018 1418 3038 nov.
1444 3006 1539 3038 CXL
1551 3007 1635 3037 V=
1652 3008 1749 3039 Azali.
1779 3008 1943 3040 CXXIII
1968 3010 2050 3041 inter
2079 3017 2328 3053 extravaqantes
2358 3013 2390 3043 in

149 3050 419 3096 παραγίνεσθαι
443 3051 518 3082 Aeh.
547 3052 558 3091 ΙΙ
592 3051 609 3082 8
640 3049 721 3082 τοὺς
745 3063 802 3082 om.
824 3052 873 3082 La
901 3051 912 3092 ΙΙ
941 3050 1235 3092 τας-ἔχοντας]
1305 3052 1483 3093 appendice
1519 3052 1559 3083 ab
1596 3053 1662 3084 alio
1694 3054 1827 3085 librario
1859 3054 2011 3095 scriptam
2044 3056 2168 3087 exhibet
2194 3056 2271 3095 Tf.
2301 3057 2388 3093 1501„

149 3095 239 3129 κατὰ
271 3094 400 3139 καιρὸν
431 3093 495 3127 τοὶς
527 3090 636 3126 αὗτάς
666 3096 813 3135 ἔχοντας
841 3093 946 3135 ἀοχας
970 3096 1046 3128 Ach.
1074 3096 1085 3137 ΙΙ
1117 3097 1136 3128 9
1160 3096 1235 3128 Λυ-
1305 3098 1374 3128 item
1401 3108 1427 3135 r,
1458 3097 1560 3138 quis.
1588 3098 1628 3129 87
1667 3098 1757 3129 initio
1793 3098 1919 3129 mutilus
1955 3099 2068 3140 incipit
2102 3111 2123 3131 a
2157 3102 2262 3132 verbis
2292 3100 2392 3133 habet

148 3143 292 3173 καονίας
316 3142 375 3172 καὶ
401 3141 555 3183 Φρυγίας
578 3140 654 3171 ΑιΙι.
686 3140 698 3182 ΙΙ
729 3137 811 3182 παρ’
843 3125 960 3172 αῗιτοῖς
985 3153 1042 3172 om.
1069 3141 1142 3172 Ath.
1164 3141 1175 3182 ΙΙ
1196 3143 1234 3173 10
1303 3139 1453 3171 fidutiam
1481 3142 1512 3172 et
1537 3141 1803 3183 conprehendere
1830 3141 2021 3174 innoeentes
2045 3144 2134 3183 (712,
2156 3146 2200 3184 12)
2224 3143 2235 3186 ΙΙ
2264 3146 2282 3177 2
2303 3148 2389 3178 rubr.

148 3184 219 3219 ὑπὸ
244 3188 394 3228 μέμψεις
419 3187 535 3218 ποιεῖν
559 3184 634 3216 Aeli.
655 3183 666 3226 Η
690 3185 725 3216 12
751 3182 898 3225 ἱκανῶν]
924 3185 1000 3217 τῶν
1025 3183 1162 3217 ἱκανῶν
1186 3186 1236 3217 Bc
1305 3198 1362 3217 om.
1391 3186 1420 3216 V
1440 3184 1451 3226 ΙΙ
1478 3187 1496 3218 3
1522 3185 1663 3217 habebat
1690 3187 1744 3227 ΤΗ
1763 3186 1923 3218 bioeolita
1949 3186 2030 3218 lidie
2054 3190 2086 3219 et
2108 3188 2249 3220 licaonic
2271 3190 2306 3220 in
2331 3190 2390 3221 fri-

147 3234 157 3270 i‘
178 3232 216 3264 13
248 3227 441 3262 ὑποθέσεις
468 3230 515 3260 B⁰
543 3231 773 3271 χρηματικαῖς
796 3225 1018 3261 ὑποθέσεσιν
1043 3231 1117 3262 Ath.
1149 3230 1160 3271 ΙΙ
1194 3231 1234 3262 14
1303 3229 1391 3270 giam
1418 3230 1450 3261 T
1469 3230 1511 3269 (et
1535 3232 1580 3262 ita
1614 3231 1675 3262 VT
1696 3234 1888 3270 constanter)
1920 3231 1931 3271 ΙΙ
1959 3234 1978 3264 5
2003 3232 2126 3273 pisidia
2151 3234 2182 3266 Τ
2201 3238 2212 3275 ΙΙ
2241 3236 2280 3267 14
2305 3235 2390 3266 ario-

148 3272 329 3317 (Ξοεβίνὸω
356 3275 397 3306 ΑΙ
432 3269 621 3315 ἅρεουίνὸα
646 3275 721 3306 Ath.
748 3275 815 3306 cod.
846 3274 857 3315 H
890 3276 927 3307 17
961 3275 1040 3315 quia
1072 3274 1234 3306 utilitates
1304 3274 1405 3305 uindo
1431 3275 1498 3313 VT,
1530 3274 1719 3307 Areobindo
1742 3276 1829 3318 vulg).
1860 3275 1871 3319 ΙΙ
1902 3276 2138 3316 gloriosissimo
2169 3289 2224 3320 pp.
2251 3291 2308 3311 om.
2336 3280 2366 3311 T
2379 3278 2390 3324 ΙΙ

148 3309 306 3361 quaeret?
326 3331 345 3354 ς
362 3319 373 3360 ΙΙ
393 3321 433 3352 23
459 3318 586 3362 ἑτέραν
605 3319 653 3353 Μ.
671 3331 727 3350 om.
747 3330 766 3353 ς
785 3318 795 3357 Η
813 3320 855 3351 24
877 3327 951 3360 post
974 3318 1042 3359 τήν
1063 3319 1126 3351 τοῦ
1143 3318 1234 3363 πρά·
1307 3321 1346 3352 16
1370 3319 1430 3350 Eis
1455 3329 1538 3359 quae
1565 3320 1596 3351 Τ
1614 3320 1743 3361 Hisque
1770 3321 1801 3353 V
1818 3321 1830 3363 11
1857 3323 1895 3354 17
1919 3321 2110 3354 *utilitates
2136 3326 2271 3363 quaeret
2294 3325 2389 3366 (sore.

146 3375 279 3410 γματος
303 3366 335 3397 in
361 3365 391 3395 L
414 3365 560 3405 pei-yitur
590 3359 681 3395 ἀλλὰ
713 3359 803 3405 μηδὲ
833 3365 905 3395 τοῖς
937 3360 1003 3404 ἤδη
1038 3364 1076 3394 ἐκ
1107 3364 1236 3405 ταύτης
1300 3371 1448 3406 praestat
1472 3366 1660 3405 quaerunt)]
1686 3364 1849 3397 utilitates
1870 3366 2063 3404 (utilitatem
2083 3368 2130 3406 Τ)
2156 3378 2222 3408 qua
2246 3369 2293 3400 rei
2316 3370 2392 3402 libri

146 3422 214 3451 μου
239 3409 298 3451 τῆς
325 3405 501 3449 διαθήκης
525 3405 598 3439 κτλ.
612 3421 738 3440 :noa
761 3408 937 3450 CLIXpr.
956 3403 1037 3451 (ὅρα
1053 3405 1102 3450 μὴ
1118 3406 1233 3442 πολλοὶ
1303 3412 1399 3449 (quae
1424 3408 1582 3440 utilitatis
1605 3413 1683 3441 sunt
1706 3410 1939 3452 praeterierint
1955 3413 2053 3454 only.)
2071 3416 2082 3454 ΙΙ
2105 3413 2143 3445 18
2168 3413 2297 3454 priores
2319 3413 2390 3446 effi-

147 3453 313 3495 λείπηται
345 3451 404 3485 διὰ
434 3451 475 3485 τὸ
508 3450 655 3486 πάντως
684 3448 905 3496 ἀσύμφωνον
928 3453 990 3494 τῆς
1014 3453 1152 3486 ἐννοίας
1176 3455 1235 3486 ad·
1304 3455 1410 3485 cimur
1434 3453 1565 3485 ordines
1591 3455 1675 3494 libri,
1699 3467 1779 3487 corr.
1804 3456 1891 3498 vulq.
1917 3455 1928 3498 ΙΙ
1958 3458 1997 3489 19
2026 3457 2206 3489 medicinas
2230 3458 2289 3501 VH
2317 3459 2390 3490 *si-

146 3507 237 3532 notat
268 3512 307 3531 m.
335 3501 349 3532 1
385 3500 416 3531 in
449 3500 583 3539 marest),
616 3510 698 3539 quae
731 3500 835 3529 media
870 3500 1016 3540 leyuntur
1042 3499 1116 3531 inde
1137 3511 1158 3530 a
1180 3511 1232 3530 υυ,
1303 3500 1435 3538 stentes]
1460 3498 1658 3531 sustinentes
1682 3499 1912 3540 (sustinentem
1931 3501 1977 3542 T)
1999 3501 2076 3534 libri
2092 3501 2104 3544 ΙΙ
2122 3503 2161 3536 21
2188 3502 2291 3534 alium
2315 3503 2389 3544 qui-

147 3542 354 3583 ἐπιμέλειαν
386 3541 532 3575 ταιῗταις
562 3554 602 3575 τε
620 3562 661 3566 -
683 3542 807 3575 CLIX.
822 3555 875 3585 pr.
899 3542 953 3575 τῶ
981 3538 1078 3575 αὐτῶ
1103 3541 1233 3586 seyers-
1304 3543 1377 3574 dem
1407 3542 1710 3584 indisciplinatores
1742 3544 1886 3586 plurales
1917 3544 2019 3577 alium
2047 3546 2079 3578 T
2102 3546 2114 3589 ΙΙ
2144 3548 2185 3580 22
2209 3548 2390 3591 Phrygiam

148 3587 272 3621 στάτω
286 3601 353 3631 μου
367 3587 504 3633 ἐγγόνω
514 3595 723 3630 praepostere
736 3589 861 3619 intrusa
873 3595 946 3620 sunt
958 3600 1027 3620 nov.
1042 3588 1240 3620 CXXXIII
1304 3590 1415 3628 atque]
1438 3588 1636 3629 frigiamque
1663 3589 1797 3630 T¹21123
1820 3589 1954 3621 excedat
1978 3591 2026 3622 rei
2050 3591 2161 3633 Kroll]
2186 3593 2248 3624 scit
2272 3594 2340 3626 arei
2362 3593 2398 3627 V

147 3645 219 3675 cap.
246 3635 283 3665 6:
316 3635 355 3666 de
386 3646 446 3675 quo
477 3645 585 3664 errore
614 3645 651 3664 ez·
676 3633 787 3664 ordine
813 3633 944 3664 duorum
966 3633 1133 3676 archetypi
1156 3646 1237 3675 qua·
1304 3632 1433 3664 scindat
1456 3633 1505 3664 rei
1532 3634 1563 3665 T
1585 3637 1595 3674 ΙΙ
1621 3635 1663 3666 24
1686 3633 1847 3665 licaoniee
1869 3635 1900 3666 V
1918 3634 1930 3677 ΙΙ
1957 3635 1998 3668 25
2022 3635 2166 3670 militare
2190 3638 2245 3682 ΤΗ
2265 3639 2307 3671 26
2331 3639 2390 3672 aut

149 3679 322 3711 term'onum
355 3680 480 3710 turbato
513 3679 683 3720 repetendo
718 3678 854 3710 diximus
886 3678 931 3710 ad
954 3690 988 3720 p.
1007 3678 1081 3718 675,
1100 3685 1114 3710 2
1148 3677 1160 3720 ΙΙ
1193 3679 1234 3711 25
1307 3679 1424 3711 addidi
1447 3678 1515 3719 (seu
1542 3679 1618 3711 add.
1643 3679 1742 3723 vuly.)
1769 3679 1781 3723 ss
1804 3679 1987 3712 bictolitam
2013 3681 2045 3713 T
