2586 3990
110 98 167 128 ΕΤ
195 97 284 130 1)Εο
313 97 584 129 AMABILIBUS

118 194 191 230 ”τοι
207 199 271 231 τοῦ
289 195 417 243 κλήρου
434 194 454 239 ἢ
470 198 532 239 τῆς
549 196 810 241 ἐμπιστευθείσ
836 208 849 230 ς
866 194 965 240 αὐτῷ
984 194 1196 240 οἱαςδήποτε

110 210 318 285 διοικήσεως
339 241 638 288 γυμνωθήσεταψι,
666 242 743 275 τῶν
768 210 974 286 δεδομένων
998 240 1195 287 ἑκδικουμέ-

110 300 188 320 νων
210 288 263 330 τῷ
289 284 409 333 εὐαγεῖ
429 285 546 329 τόπῳ,
573 286 713 321 οὗτινος
736 287 779 321 τὸ
807 288 974 322 τοιοῦτον
1004 284 1197 332 πρόςωπον

109 331 178 374 τὴν
200 335 423 377 χειροτονίαν
447 330 470 374 ἢ
493 331 702 377 φρόντισμα
726 329 748 375 ἢ
775 331 951 376 διοίκησιν
975 331 1118 377 ἔλαβεν.
1166 333 1197 366 εἰ

111 373 151 409 δὲ
171 376 336 421 κοσμικὰς
357 376 408 419 εἴη
433 374 452 411 ὁ
478 376 682 421 λαμβάνων
706 375 727 420 ἢ
750 377 1122 431 μεσίτηςχινόμενος,
1154 378 1195 412 τὸ

111 419 225 465 δοθεζν
257 420 410 456 διπλοῦν
435 418 749 465 ἆπαιτηθήσεται,
781 426 840 456 καὶ
864 437 916 465 τῳ
943 422 1063 470 εὐαγεῖ
1089 421 1195 466 τόπῳ

111 467 150 499 ἐν
182 466 211 508 (ῥ
247 466 290 500 τὸ
327 467 494 501 τοιοῦτον
530 465 727 512 πρόςωπον
762 468 831 510 τὴν
863 466 1040 511 διοίκησιν
1075 466 1097 511 ἢ
1127 468 1196 511 τὴν

109 514 333 556 χειροτονίαν
368 510 391 555 ἢ
425 512 494 555 τὴν
530 510 708 558 φροντίδα
745 512 856 556 ἔλαβε
890 514 1120 558 παρεχέσθω.

109 557 132 591 2
182 557 226 589 Εἰ
246 554 288 589 δέ
304 568 356 590 τις
380 556 542 602 κληρικὸς
564 556 775 612 οἰουδήποτε
797 558 948 602 βαθμοῦ
974 556 997 600 ἢ
1018 556 1197 601 διοικητὴς

1185 82 1268 130 607

1869 86 1977 132 Nov.
1994 67 2176 132 cxxin
2211 90 2273 132 16.
2301 91 2352 132 17

1264 199 1327 232 aut
1362 196 1564 233 huiusmodi
1605 197 1699 232 clero
1736 198 1945 234 commissae
1986 198 2053 234 sibi
2097 199 2352 245 cuiuscumque

1264 242 1531 286 gubernationis
1556 242 1760 286 nudabitur,
1793 243 1849 278 his
1875 253 1966 288 quae
1988 244 2214 288 accipiuntur
2238 245 2351 280 vindi-

1266 287 1388 322 candis
1413 288 1606 323 venerabili
1630 288 1709 323 loco
1742 287 1843 323 cuius
1868 289 1951 324 talis
1976 299 2129 333 persona
2155 290 2350 326 ordinatio·

1264 341 1345 367 nem
1378 334 1441 367 aut
1474 333 1749 368 sollicitudinem
1783 334 1847 368 aut
1878 334 2174 378 gubernationem
2205 336 2350 379 accipit.

1232 377 1302 412 5Si
1338 379 1457 413 autem
1494 378 1688 414 saecularis
1724 378 1772 413 sit
1808 378 1868 423 qui
1905 380 2045 424 accepit
2081 384 2144 414 aut
2179 381 2353 415 mediator

1263 422 1383 458 factus
1403 425 1466 465 est,
1493 424 1589 468 quod
1606 423 1729 458 datum
1747 426 1801 458 est
1825 423 1972 468 duplum
1992 425 2167 468 repetitur
2191 428 2226 460 et
2246 436 2351 460 vene-

1264 467 1369 502 rabili
1392 468 1472 503 loco
1504 469 1540 503 in
1567 479 1634 512 quo
1666 468 1749 503 talis
1783 479 1940 512 persona
1963 469 2256 514 gubernationem
2289 473 2353 505 aut

1265 512 1522 548 ordinationem
1554 515 1618 548 aut
1643 513 1917 548 sollicitudinem
1941 515 2100 559 suscepit
2124 516 2350 559 praebeatur.

1266 558 1290 592 2
1338 558 1376 592 Si
1400 559 1478 602 quis
1503 562 1622 593 autem
1648 558 1797 593 clericus
1823 559 2012 594 cuiuslibet
2034 559 2167 603 gradus
2193 561 2265 596 sive
2289 571 2351 604 gu-

110 599 322 644 οἱουδήποτε
347 600 493 648 ε1’·αγοῦς
517 603 614 637 οἴκου
635 617 655 646 η
676 603 746 647 πρὸ
772 603 833 645 τῆς
847 607 1068 658 χειροτονίας
1091 601 1113 646 ἢ
1134 605 1196 646 τῆς
1213 606 1252 638 10
1266 603 1436 638 bernator
1460 603 1652 638 cuiuslibet
1676 604 1888 638 venerabilis
1914 604 2039 639 domus
2063 606 2126 639 aut
2150 609 2233 640 ante
2258 606 2351 640 ordi-

110 647 410 690 ἐμπιστευθείσης
444 645 540 690 αὐτῷ
567 646 777 691 οἱαςδήποτε
810 645 1016 691 διοικήσεως
1040 662 1062 691 η
1088 660 1195 694 φρον-

110 689 206 726 τίδος
236 690 256 733 ἢ
278 692 370 735 μετὰ
395 694 511 726 ταῦτα
536 693 703 739 βουληθῇ
736 707 772 727 τι
795 694 873 737 τοΞν
901 691 1006 727 ἰδίων
1030 692 1192 740 πραγμά-

109 749 186 789 των
211 741 446 792 προςαγῗαγεῖν
469 740 513 785 τῇ
540 737 725 782 ἐκκλησίᾳ,
757 740 796 772 ἐν
827 739 849 784 ᾑ
872 742 1144 784 χειροτονεῖται,
1174 736 1196 780 ἢ

757 781 773 792 Ἀ

108 794 161 823 τῳ
180 795 297 825 τοπῳ,
315 795 456 817 ουτινος
472 784 540 838 τῂν
557 781 733 826 διοίκησιν
749 797 771 826 η
789 783 857 836 τὴν
873 781 1050 828 φροντίδα
1067 780 1194 818 ἀναδέ-

1266 649 1447 683 nationem
1468 649 1691 684 commissam
1718 649 1784 683 sibi
1805 649 2060 693 cuiuscumque
2083 650 2351 692 gubernationis

1267 696 1330 728 aut
1354 693 1604 729 sollicitudinis
1638 696 1701 728 aut
1725 697 1851 738 postea
1874 694 2008 738 aliquid
2033 695 2183 729 voluerit
2207 705 2352 730 suarum

1265 748 1383 773 rerum
1410 739 1536 774 offerre
1560 739 1742 781 ecclesiae,
1775 739 1812 773 in
1837 749 1908 783 qua
1938 739 2134 782 ordinatur,
2166 742 2229 774 aut
2260 741 2352 782 loco,

1267 783 1368 818 cuius
1390 784 1684 828 gubernationem
1706 787 1769 818 aut
1786 784 2061 819 sollicitudinem
2082 786 2254 830 suscepit,
2280 796 2352 820 non

108 839 220 869 χεται,
248 825 288 860 οὐ
317 827 435 872 μόνον
464 841 505 862 ου
535 827 721 883 κωλύομεν
751 841 859 883 τουτο
882 829 1072 874 γίνεσθαι,
1105 825 1196 862 ἀλλὰ
1213 831 1251 862 15
1267 829 1381 863 solum
1413 839 1486 864 non
1516 829 1746 874 prohibemus
1777 829 1846 864 hoc
1877 829 1971 871 fieri,
2009 830 2072 865 sed
2103 831 2211 865 etiam
2241 830 2352 874 magis

109 876 168 905 καὶ
193 871 331 916 μᾶλλον
355 877 606 919 προτρέπομεν
631 874 761 908 αυτούς
784 887 830 907 τα
848 876 1000 908 τοιαῦτα
1025 872 1116 919 ὑπὲρ
1136 874 1197 916 τῆς

109 922 288 964 σωτηρίας
319 920 381 962 τῆς
412 917 504 952 ἰδίας
534 920 647 964 ψυχῆς
679 922 805 954 ποιεῖν.
853 915 950 963 ἡμεῖς
981 918 1050 966 γὰρ
1080 921 1198 953 ἐκεῖνα

109 962 225 1006 μόνον
257 961 431 997 δίδοσθαι
462 962 659 1008 κωλύομεν,
695 960 804 998 ἅτινα
840 962 962 998 ἰδικοῖς
997 964 1198 1010 προςιόποις

109 1011 182 1042 τισὶ
206 1012 418 1053 παρέχεται,
443 1006 483 1042 οὐ
501 1010 574 1053 μὴν
593 1009 639 1042 τὰ
658 1012 735 1043 ταῖς
756 1007 977 1055 ἁγιωτάταις
1001 1009 1199 1054 ἐκκλησίαις

109 1055 170 1086 καὶ
193 1056 265 1087 τοῖς
290 1053 409 1088 ἄλλοις
429 1051 596 1097 εὖαγέσιν
620 1054 728 1089 οἴκοις
751 1054 1032 1101 προςφερόμενα.

1266 873 1455 909 invitamus
1489 883 1549 909 eos
1579 875 1667 909 talia
1699 884 1764 919 pro
1789 875 1904 910 salute
1935 874 2074 910 animae
2106 885 2192 910 suae
2222 875 2352 910 facere.

1266 919 1342 954 Nos
1367 919 1459 954 enim
1483 919 1545 954 illa
1569 919 1683 954 solum
1713 920 1790 954 dari
1813 919 2043 964 prohibemus
2076 930 2166 965 quae
2197 920 2352 965 propriis

1266 965 1429 1008 personis
1466 965 1677 1009 quibusdam
1714 965 1946 1010 praebentur,
1985 975 2058 1001 non
2094 975 2186 1010 quae
2218 965 2353 1001 sanctis

1267 1010 1429 1045 ecclesiis
1454 1014 1517 1045 aut
1541 1011 1618 1046 aliis
1644 1010 1906 1046 venerabilibus
1929 1011 2019 1046 locis
2044 1009 2251 1047 offerentur.

1080 1167 1238 1204 CAPUT
1263 1167 1378 1204 XVII.

176 1231 263 1268 Ἐὰν
288 1232 412 1268 δοῦλος
436 1232 573 1268 εἰδότος
601 1237 660 1268 καὶ
685 1233 749 1269 οὐκ
775 1232 1024 1282 ἀντιλέγοντος
1054 1238 1119 1270 τοῦ
1144 1234 1198 1269 δε-

109 1278 247 1314 σπότου
279 1281 318 1313 ἐν
339 1279 458 1325 κλήρῳ
483 1279 671 1327 καταλεγῇ,
706 1279 880 1321 ἑξαῦτοῦ
914 1283 979 1315 τοῦ
1004 1281 1197 1328 καταλεγῆ·

108 1338 170 1359 ναι
202 1323 390 1370 ἐλεύθερος
422 1328 481 1358 καὶ
513 1323 654 1371 εὐγενὴς
687 1327 791 1360 ἔστω.
841 1327 871 1360 εἰ
894 1327 964 1373 γὰρ
983 1323 1199 1373 ἀγνοοῦντος

109 1371 173 1404 τοῦ
200 1368 380 1404 δεσπότου
412 1367 433 1413 ἡ
467 1375 668 1413 χειροτονία
698 1374 864 1417 γένηται,
898 1372 1031 1412 ἐξέστω
1063 1373 1115 1415 τῷ
1144 1371 1197 1406 δε-

1336 1236 1373 1271 Si
1398 1246 1520 1271 servus
1547 1236 1682 1271 soiente
1707 1239 1742 1271 et
1765 1247 1837 1272 non
1863 1238 2130 1274 contradicente
2152 1238 2293 1274 domino
2316 1239 2354 1273 in

1270 1282 1364 1316 clero
1390 1282 1575 1316 ordinatus
1599 1282 1718 1325 fucrit,
1752 1292 1796 1317 ex
1819 1282 1887 1317 hoc
1912 1284 1989 1328 ipso
2019 1284 2113 1328 quod
2138 1285 2354 1319 constitutus

1268 1329 1324 1362 est
1347 1327 1436 1362 liber
1461 1330 1495 1361 et
1519 1327 1692 1371 ingenuus
1717 1328 1794 1362 erit.
1844 1327 1882 1362 Si
1902 1338 1985 1364 vero
2007 1329 2190 1373 ignorante
2211 1329 2353 1365 domino

1268 1372 1445 1407 ordinatio
1471 1371 1544 1414 fiat,
1570 1372 1655 1407 licet
1679 1372 1821 1408 domino
1846 1373 1940 1408 intra
1965 1374 2119 1418 spatium
2143 1375 2248 1409 unius
2270 1374 2355 1409 anni

109 1414 229 1459 σπότη
247 1415 331 1449 εἴσω
352 1416 579 1461 προθεσμίας
599 1418 764 1450 ἑνιαυτου
791 1420 850 1450 καὶ
865 1431 980 1462 μονου
1001 1417 1069 1460 τὴν
1085 1418 1197 1460 τύχην
1213 1420 1253 1451 25
1268 1421 1303 1452 et
1335 1418 1498 1454 servilem
1529 1418 1708 1453 fortunam
1738 1419 1893 1463 probare
1924 1422 1958 1453 et
1989 1430 2093 1455 Suum
2124 1431 2264 1455 servum
2294 1430 2354 1454 ac-

109 1452 366 1495 ἇποδεικνύναι
391 1464 449 1494 καὶ
474 1461 541 1494 τὸν
560 1459 652 1495 ἴδιον
675 1460 803 1495 δοῦλον
824 1458 1108 1507 ἀναλαμβάνειν.
1153 1463 1199 1496 Εἰ

111 1503 149 1539 δὲ
174 1504 295 1539 δοῦλος
327 1507 397 1540 εἴτε
421 1504 557 1540 εἰδότος
585 1507 655 1541 εἴτε
680 1504 897 1554 ἀγνοοῦντος
920 1509 984 1542 τοῦ
1010 1506 1199 1550 δεσπότου,

110 1551 278 1596 καθάπερ
311 1550 511 1598 εἰρήκαμεν,
550 1553 588 1585 ἐκ
619 1554 685 1586 τοῦ
716 1551 957 1599 καταλεγῆναι
991 1554 1046 1597 τῷ
1077 1551 1196 1599 κλήρῳ

111 1595 299 1641 ἐλεύθερος
333 1595 524 1643 γενόμενος
560 1597 630 1640 τὴν
666 1597 963 1641 ἐκκλησιαστικὴν
997 1596 1198 1643 ’ὑπηρεσίαν

1269 1463 1399 1507 cipere.
1448 1463 1486 1498 Si
1505 1473 1587 1498 vero
1612 1473 1734 1498 servus
1759 1464 1894 1499 sciente
1915 1465 2056 1501 domino
2082 1466 2155 1500 sive
2175 1465 2355 1500 nesciente

1270 1509 1376 1543 sicuti
1411 1508 1562 1544 diximus
1602 1519 1661 1551 eo,
1702 1509 1796 1553 quod
1830 1509 1867 1544 in
1904 1509 1998 1545 clero
2035 1511 2253 1546 constitutus
2288 1512 2354 1552 est,

1267 1554 1357 1588 liber
1389 1554 1508 1589 factus
1542 1554 1824 1589 ecclesiasticum
1850 1555 2083 1591 ministerium
2106 1556 2288 1601 reliquerit
2320 1557 2356 1590 et

1268 1600 1314 1635 ad
1338 1600 1558 1635 saecularem
1581 1599 1765 1635 transierit
1788 1599 1913 1643 vitam,
1945 1610 2010 1637 suo
2035 1601 2177 1638 domino
2209 1601 2256 1637 ad
2279 1610 2354 1637 ser-

110 1640 303 1676 καταλίποι
326 1645 385 1675 καὶ
402 1643 449 1676 εἰς
465 1643 532 1675 τὸν
549 1642 722 1686 κοσμικὸν
732 1642 910 1698 μετέλθοι
926 1647 1020 1688 βίον,
1044 1645 1097 1687 τῷ
1115 1642 1197 1687 ἰδίῳ
1212 1647 1253 1679 30
1269 1644 1393 1679 vitium
1418 1644 1664 1680 contradatur.

111 1685 271 1733 δεσπότῃ
295 1687 343 1721 εἰς
366 1685 531 1722 δουλείαν
559 1685 841 1733 παραδιδοσθω.

182 1792 208 1813 c.
223 1779 340 1812 XVII
349 1792 402 1822 pr.
428 1791 465 1812 ea>
487 1780 515 1812 S
538 1781 652 1821 repetit
672 1780 806 1813 Nomoc.
823 1781 855 1813 L
874 1782 919 1813 tit.
934 1781 976 1814 33
988 1794 1024 1824 p.
1041 1782 1106 1814 640
1129 1781 1247 1820 Voell.;
1274 1793 1311 1814 eoe
1329 1782 1364 1814 B
1379 1794 1431 1825 pr.
1449 1781 1630 1815 Nomocstm
1643 1783 1793 1816 XIVtit.
1809 1784 1839 1824 1,
1853 1790 1888 1817 36
1908 1790 1937 1817 et
1953 1785 1984 1825 9,
2000 1791 2050 1825 32,
2075 1783 2094 1825 ἓ
2112 1784 2127 1817 1
2147 1783 2191 1816 id.
2209 1784 2240 1824 1,
2253 1789 2298 1815 34.
2312 1800 2356 1807 —

111 1825 260 1857 Summas
285 1825 380 1857 habet
403 1825 536 1858 Nomoc.
554 1825 705 1858 XIVtit.
725 1826 802 1858 locis
820 1827 884 1867 cit,
907 1838 958 1869 pr.
982 1839 1134 1859 summam
1159 1827 1235 1860 Ath.
1261 1835 1408 1871 repetunt
1425 1828 1592 1870 paratitla
1617 1828 1692 1861 Ath.
1710 1829 1750 1862 18
1767 1833 1827 1870 §1‚
1862 1829 2028 1863 Theodori
2048 1841 2076 1863 c.
2092 1830 2135 1862 40
2158 1828 2356 1871 particulam

110 1870 208 1903 schol.
223 1870 253 1902 L
278 1877 308 1903 et
331 1867 402 1903 ΒΣ.
459 1870 496 1903 V.
519 1871 653 1904 23—26
676 1872 853 1904 summaria
879 1878 990 1905 extant
1011 1867 1105 1905 Ῥοπ.
1122 1873 1177 1914 24,
1192 1880 1233 1906 15.
1250 1879 1295 1907 43.

112 1981 208 2026 clero
239 1980 294 2016 vel
325 1981 514 2015 commissa
548 1980 616 2015 sibi
648 1981 900 2027 qualicumque
932 1982 1248 2017 administratione
1275 1982 1492 2028 privabitur,
1529 1987 1565 2018 et
1596 1995 1689 2028 quae
1725 1983 1812 2018 data
1847 1987 1933 2018 sunt
1960 1983 2132 2028 reliqioso
2168 1983 2248 2018 loco
2281 1983 2356 2019 vin-

115 2026 293 2068 dicentur,
326 2026 428 2060 cuius
462 2024 545 2060 talis
569 2036 735 2071 persona
766 2027 984 2062 creationem
1014 2027 1070 2062 vet
1092 2037 1217 2062 curam
1248 2027 1305 2063 vel
1334 2028 1687 2063 administrationem
1719 2028 1872 2074 accepit.
1921 2026 2060 2070 Quodsi
2083 2028 2198 2075 laicus
2220 2027 2270 2062 sit
2292 2028 2357 2073 qui

113 2071 254 2117 accepit
286 2070 343 2106 vel
372 2069 551 2104 mediator
580 2070 708 2115 factus
741 2075 811 2112 est,
846 2071 995 2117 duplum
1019 2072 1096 2106 eius
1125 2071 1226 2117 quod
1255 2072 1380 2107 datum
1403 2075 1459 2107 est
1491 2071 1535 2106 ab
1561 2083 1603 2107 eo
1629 2073 1809 2118 exiqetur,
1841 2077 1877 2108 et
1899 2072 2073 2118 retiqioso
2108 2073 2189 2108 loco
2221 2073 2259 2107 in
2282 2084 2355 2124 quo

112 2118 135 2152 2
185 2116 269 2151 tatis
296 2126 457 2162 persona
483 2114 835 2150 administrationem
867 2116 923 2151 vel
946 2117 1165 2151 creationem
1198 2116 1255 2152 vel
1277 2127 1402 2151 curam
1434 2118 1577 2162 accepit
1597 2122 1822 2163 praestetur.
1915 2117 1956 2152 Si
1981 2118 2063 2163 quis
2093 2128 2178 2153 vero
2205 2118 2356 2153 clericus

112 2162 368 2206 cuiuscumque
391 2160 530 2205 qradus
561 2160 617 2195 vel
641 2160 917 2196 administrator
941 2161 1196 2207 cuiuscumque
1220 2161 1416 2207 reliqiosae
1440 2161 1569 2196 domus
1601 2167 1664 2197 aut
1697 2167 1780 2197 ante
1804 2164 2021 2198 creationem
2053 2162 2111 2198 vel
2131 2164 2355 2199 commissam

112 2207 180 2242 sibi
204 2206 500 2252 qualemcumque
524 2205 871 2241 administrationem
895 2207 953 2242 vet
973 2217 1097 2241 curam
1122 2210 1187 2242 aut
1207 2212 1337 2252 postea
1361 2217 1411 2242 ex
1429 2207 1597 2252 propriis
1620 2207 1727 2242 rebus
1750 2208 1932 2250 ecclesiae,
1963 2208 2002 2242 in
2026 2219 2098 2253 qua
2120 2211 2277 2251 creatur,
2301 2208 2358 2243 vel

114 2252 205 2292 loco,
231 2251 333 2286 cuius
357 2250 707 2285 administrationem
740 2256 804 2285 aut
834 2262 957 2286 curam
982 2252 1121 2297 recipit,
1154 2251 1295 2304 aliquid
1319 2252 1453 2297 offerre
1477 2252 1649 2295 voluerit,
1681 2263 1756 2287 non
1783 2253 1899 2287 solum
1931 2264 2005 2288 non
2026 2252 2257 2305 prohibemus
2287 2252 2356 2288 lzoc

110 2297 203 2342 fieri,
227 2296 292 2331 sed
313 2295 438 2342 potius
461 2295 702 2330 exhortamur
725 2307 796 2338 eos,
822 2300 862 2331 ut
878 2307 953 2342 pro
978 2296 1095 2331 salute
1120 2308 1263 2332 animae
1284 2307 1372 2331 suae
1392 2295 1482 2332 llaec
1500 2297 1589 2332 talia
1603 2298 1759 2342 faciant.
1808 2298 1884 2333 Nos
1906 2299 1999 2333 enim
2023 2298 2088 2332 illa
2114 2301 2253 2345 tantum
2273 2297 2356 2333 dari

107 2341 354 2395 prohibemus,
386 2352 479 2386 quae
507 2341 664 2386 privatis
694 2341 907 2385 quibusdam
934 2342 1105 2387 personis
1133 2347 1382 2388 praestantur,
1412 2352 1479 2378 nec
1502 2353 1586 2377 vero
1610 2353 1704 2388 quae
1736 2344 1872 2378 sanctis
1901 2342 2061 2378 ecclesiis
2097 2342 2250 2388 aliisque
2272 2343 2355 2379 reli-

113 2387 227 2433 qzosis
250 2386 415 2421 domibus
439 2385 653 2431 offeruntur.

249 2431 362 2467 XVII.
412 2430 453 2465 Si
476 2442 600 2466 servus
623 2431 756 2466 sciente
786 2440 851 2465 nec
875 2431 1145 2466 contradicente
1169 2432 1314 2467 domino
1345 2432 1383 2467 in
1407 2432 1543 2467 clerum
1568 2432 1731 2468 adlectus
1753 2434 1816 2475 sit,
1849 2444 1899 2469 ex
1926 2433 2008 2480 ipsa
2040 2432 2242 2468 adlectione
2267 2432 2356 2468 liber

114 2481 147 2512 et
171 2477 350 2522 inqenuus
373 2477 431 2511 sit.
481 2475 574 2509 Nam
598 2476 630 2510 si
653 2477 846 2521 iqnorante
869 2475 1012 2510 domino
1037 2477 1173 2511 creatio
1196 2478 1303 2522 facta
1326 2478 1384 2519 sit,
1418 2477 1526 2513 liceat
1550 2477 1694 2513 domino
1718 2478 1816 2513 intra
1841 2478 1932 2513 anni
1952 2478 2060 2513 unius
2084 2479 2244 2526 spatium
2269 2489 2354 2513 con-

114 2522 290 2557 dicionem
321 2521 398 2556 eius
427 2521 585 2566 probare
614 2524 650 2556 et
679 2531 820 2555 servum
852 2531 956 2555 suum
985 2521 1158 2567 recipere.

1206 2522 1249 2557 Si
1274 2533 1358 2557 vero
1381 2533 1506 2558 servus
1537 2523 1611 2558 sive
1641 2523 1775 2558 sciente
1807 2523 1880 2558 sive
1909 2524 2102 2569 iqnorante
2130 2523 2274 2558 domino
2305 2534 2355 2558 ex

113 2567 315 2602 adlectione
338 2566 377 2601 in
401 2567 551 2608 clerum,
583 2567 691 2601 sicuti
713 2566 885 2607 diximus,
918 2566 1008 2601 tiber
1030 2567 1155 2611 factus
1178 2567 1456 2603 ecclesiasticum
1482 2567 1718 2603 ministerium
1741 2569 1930 2614 reliquerit
1961 2572 1997 2604 et
2021 2568 2071 2603 ad
2095 2568 2226 2604 laicam
2246 2569 2355 2604 vitam

116 2612 317 2653 transierit,
350 2611 494 2645 domino
517 2621 585 2646 suo
610 2611 648 2646 in
670 2611 877 2647 servitutem
904 2611 1084 2646 tradatur.

162 2716 176 2747 1
203 2711 284 2755 ἤτοι
300 2714 377 2753 τοῦ]
403 2716 461 2744 aut
477 2713 668 2745 huiusmodi
685 2715 718 2750 (i.
731 2727 756 2747 e.
775 2709 795 2754 ἢ
814 2713 990 2753 τοιούτου)
1016 2725 1034 2749 ς
1051 2714 1062 2757 ΙΙ
1081 2709 1103 2755 ἢ
1124 2713 1198 2755 τῆς]

114 2757 137 2802 ἢ
155 2772 279 2793 erasum
297 2761 329 2791 in
347 2760 388 2799 L,
407 2770 461 2791 om.
474 2770 492 2793 ς
508 2759 519 2801 l}
547 2760 565 2791 2
587 2758 665 2791 τῶν
683 2756 722 2790 δὲ
740 2756 942 2801 διδομένων
959 2759 1120 2791 Νονηοο.7η
1147 2758 1199 2790 his

115 2815 198 2848 quae
222 2804 435 2846 accipiuntur
460 2815 478 2839 ς
494 2804 506 2846 1]
531 2805 550 2836 3
574 2804 641 2845 τῷ]
664 2799 764 2836 αὐτῶ
787 2805 837 2836 La
855 2805 866 2846 ΙΙ
883 2802 1001 2846 τόπῳ]
1026 2802 1113 2836 οἴκω
1135 2804 1165 2835 L
1188 2803 1198 2846 l!

114 2850 265 2890 οὗτινος]
293 2850 330 2881 ἐν
355 2847 384 2880 ὠ
412 2849 462 2881 La
478 2847 490 2891 ΙΙ
516 2849 537 2881 4
562 2845 739 2893 φροντίδα
764 2849 873 2892 Epon.
893 2849 904 2891 11
930 2846 952 2890 ἢ
976 2846 1045 2890 τὴν
1069 2845 1198 2890 διοίκη-

114 2906 174 2927 σιν
198 2892 334 2936 ἔλαβον
355 2894 516 2926 Nomoc.m
541 2893 552 2936 ΙΙ
585 2897 603 2926 5
628 2895 649 2938 ῇ
675 2895 785 2936 Εραη.
813 2894 824 2936 Η
846 2892 973 2936 λαβὼν
997 2894 1162 2936 Ερανι.(ς)
1187 2893 1198 2937 Ι]

113 2937 304 2984 γενόμενος
323 2939 352 2969 L
366 2939 488 2980 Epan.‚
508 2938 555 2970 B⁸
576 2951 604 2970 υ.
619 2942 637 2971 l.
652 2940 696 2978 (ς)
715 2939 726 2981 ΙΙ
745 2940 764 2971 6
787 2935 902 2971 δοθὲν
927 2950 982 2971 om.
998 2939 1046 2971 La
1063 2938 1074 2982 ΙΙ
1095 2941 1111 2971 7
1130 2938 1198 2980 τὴν

114 2986 338 3026 χειροτονίαν
355 2980 377 3023 ἢ
393 2981 461 3024 τὴν
478 2979 654 3023 διοίκησιν
679 2980 702 3024 ἢ
725 2982 766 3016 τὸ
791 2983 998 3027 φρόντισμα
1011 2984 1169 3017 Nomoc.⁷'²
1187 2983 1198 3027 Η

115 3031 134 3062 9
156 3028 191 3060 εἴ
210 3038 263 3060 τις
288 3024 326 3059 δὲ
352 3028 380 3059 S
411 3027 440 3058 εἰ
465 3024 506 3059 δέ
528 3029 619 3059 ποτέ
639 3037 692 3059 τις
717 3028 768 3060 Bt
789 3030 801 3071 ΙΙ
830 3031 869 3062 10
893 3024 1041 3074 εὖαγοῦς
1064 3025 1198 3070 οἱουδή-

115 3085 204 3107 ποτε
219 3074 255 3114 S,
283 3068 495 3113 οἱανδήποτε
518 3084 573 3104 om.
589 3073 697 3115 Epan.
715 3073 726 3114 ἱ]
746 3072 854 3114 οἴκου]
879 3071 994 3106 τόπου
1021 3074 1165 3117 SEpan.

115 3116 136 3160 ἢ
160 3118 234 3159 τῆς]
259 3114 281 3158 ἢ
298 3116 368 3160 πρὸ
386 3117 447 3158 τῆς
469 3118 506 3158 S,
529 3113 550 3158 ἢ
576 3128 631 3149 om.
645 3129 664 3152 ς
681 3117 692 3159 11
721 3119 758 3151 11
786 3118 1040 3160 πιστευθείσης
1057 3120 1165 3162 Epan.

115 3160 327 3203 οἶαςδήποτε
353 3173 408 3194 om.
425 3163 451 3194 S
468 3161 479 3204 ΙΙ
502 3163 541 3195 12
566 3160 763 3204 βουληθείη
786 3164 813 3196 S
831 3163 842 3202 H
868 3165 908 3196 14
932 3163 1000 3205 τὴν
1025 3160 1201 3205 διοίκησιν

115 3205 136 3249 ἢ
153 3204 328 3251 φροντίδα
343 3208 373 3238 L
399 3205 468 3247 τὴν
485 3204 661 3250 φροντίδα
687 3204 708 3248 ἢ
731 3206 800 3249 τὴν
817 3205 994 3250 διοίκησιν
1011 3209 1171 3243 Νοπιοο.’η
1189 3207 1200 3253 ΙΙ

120 3255 158 3286 15
185 3248 227 3284 οὐ
251 3249 448 3294 κωλύομεν]
474 3248 515 3283 οὗ
542 3264 597 3284 om.
624 3252 780 3285 Nomoc.m
803 3252 814 3295 ΙΙ
844 3255 884 3285 16
910 3254 1149 3297 ἐπιτρέπομεν
1175 3255 1201 3286 S

117 3300 227 3339 Epan.
247 3296 258 3340 ss
274 3294 364 3338 ’ὑπὲρ
382 3299 559 3340 σωτηρίας
573 3298 730 3330 Νοηιοε.7η
750 3298 760 3335 ΙΙ
781 3299 820 3331 18
835 3295 959 3351 ,μόνον
973 3299 1088 3335 ΜΒῙς
1098 3300 1200 3341 (Iul.)]

116 3340 214 3386 μόνα
233 3342 346 3374 SLB⁰
356 3342 512 3375 Nomoc.m
532 3342 543 3384 ss
560 3337 585 3372 a*
610 3342 637 3374 S
653 3342 664 3385 ss
686 3344 725 3376 19
737 3355 783 3385 sq.
807 3354 847 3374 ου
869 3341 940 3385 μὴν
952 3363 993 3367 —
1008 3344 1200 3389 προς-φερό-

115 3410 208 3440 μενα
223 3409 278 3430 om.
291 3398 340 3429 Rs
354 3396 366 3441 ΙΙ
386 3393 502 3442 ἁγίαις
516 3398 566 3430 Bc
584 3393 610 3428 ‘a
627 3398 656 3429 L
669 3396 680 3442 Η
695 3399 735 3431 20
749 3397 867 3439 οἴκοις]
881 3399 963 3431 locis
978 3401 1011 3440 (ι’.
1024 3412 1048 3431 e.
1063 3397 1199 3441 τόποις)

116 3454 135 3478 ς
148 3442 211 3475 Iul.
227 3443 239 3485 ΙΙ
259 3443 512 3486 προφερόμενοι
531 3443 580 3475 B⁶
597 3442 608 3485 ΙΙ
628 3445 667 3476 21
693 3439 830 3476 εἰδότος
853 3444 917 3476 τοῦ
939 3441 1120 3478 δεσπότου
1141 3448 1200 3478 καὶ

115 3486 164 3529 μὴ
184 3484 432 3532 ἀντιλέγοντος
451 3489 479 3520 L
499 3487 509 3530 ΙΙ
529 3489 570 3520 22
595 3486 782 3533 καταλέγει
799 3489 998 3530 Nomocffle,
1012 3496 1045 3522 32
1061 3488 1074 3532 ΙΙ
1093 3502 1200 3523 κατα-

115 3532 272 3582 ταγῆναι
290 3534 473 3585 Splerique
492 3534 503 3575 ΙΙ
523 3535 567 3565 2ῑῖ
580 3534 687 3572 ἔστω]
714 3533 777 3566 erit
801 3535 834 3573 (i.
852 3547 877 3566 e.
896 3535 1009 3576 ἔσται)
1034 3547 1052 3570 ς
1069 3535 1081 3578 ss
1099 3531 1200 3580 ἀγνο-

117 3579 253 3617 ουντος]
278 3589 319 3610 ου
339 3577 506 3610 νοοῦντος
528 3579 555 3610 S
571 3578 583 3620 Ι]
610 3579 653 3611 24
677 3577 822 3619 ἐξέστω]
847 3579 927 3612 11001
950 3590 969 3616 ς
984 3580 996 3622 11
1023 3581 1064 3613 25
1085 3580 1201 3614 ἐνιαυ-
1226 3619 1228 3622 v

117 3621 180 3654 τοῦ
204 3623 263 3654 καὶ
287 3619 412 3665 μόνου]
445 3621 524 3655 ἑνὸς
549 3623 713 3656 ἐνιαυτοῦ
739 3623 768 3657 S
791 3623 803 3667 ΙΙ
827 3623 897 3666 τὴν
916 3623 1040 3667 τύχην]
1072 3621 1202 3658 τούτου

120 3665 190 3707 τὴν
205 3664 317 3709 τύχην
334 3668 361 3700 S
385 3670 416 3700 et
433 3668 583 3700 servilem
601 3668 769 3702 fortunam
793 3680 812 3706 ς
839 3669 851 3708 ΙΙ
885 3671 926 3704 26
952 3667 1202 3704 ἀποδεικνύειν

1269 2714 1297 2746 S
1314 2714 1325 2757 ΙΙ
1350 2711 1550 2758 ἀναλαβεῖν
1575 2717 1732 2748 Νο1ηο0.7”
1760 2715 1771 2758 ΙΙ
1802 2717 1842 2748 27
1869 2715 1938 2748 εἴτε
1963 2713 2111 2757 εἰδότος]
2136 2716 2207 2749 εἴτε
2232 2729 2286 2749 om.
2301 2729 2320 2752 ς
2343 2715 2355 2761 ss

1269 2760 1311 2792 29
1337 2755 1548 2804 ὑπηρεσίαν]
1574 2755 1799 2793 ἀκολουθίαν
1816 2760 2096 2802 N0m00.⁷¹21‚3en
2122 2762 2164 2795 30
2190 2760 2353 2794 καταλεί-

1267 2816 1330 2837 ποι
1349 2804 1395 2837 Br
1417 2803 1626 2850 καταλείψει
1644 2808 1685 2847 (υ.
1703 2809 1722 2839 1.
1740 2804 1952 2852 καταλείψῃ)
1971 2807 2000 2840 S
2016 2806 2028 2850 ΙΙ
2045 2804 2113 2839 τὸν
2130 2818 2186 2840 om.
2198 2808 2226 2840 S
2240 2807 2252 2851 ΙΙ
2270 2819 2354 2851 μετ-

1267 2847 1359 2895 έλθῃ
1385 2850 1413 2882 S
1429 2863 1510 2884 unus
1527 2851 1539 2894 ss
1566 2852 1607 2885 31
1634 2848 1910 2895 παραδίδοσθαι
1935 2851 2111 2885 Nomocflm
2126 2854 2156 2895 1,
2169 2859 2205 2887 36

1316 2953 1330 2984 1
1351 2950 1511 2992 cuiusque
1525 2952 1600 2984 RV
1613 2951 1624 2994 Η
1644 2952 1662 2983 2
1678 2951 1979 2992 gubernationibus
1996 2952 2044 2984 R*
2063 2951 2076 2995 ΙΙ
2094 2953 2146 2985 his
2164 2955 2259 2994 quae]
2283 2953 2354 2984 his-

1268 3005 1331 3036 quc
1352 2995 1386 3027 V
1415 2996 1444 3028 is
1469 2996 1527 3037 qui
1552 2996 1601 3029 R¹
1629 2997 1640 3039 ΙΙ
1671 2998 1692 3028 4
1716 2996 1843 3038 accepit
1869 2996 2003 3039 Tvulq.
2033 2996 2046 3039 ΙΙ
2076 2999 2094 3029 5
2120 3000 2190 3037 aut]
2225 2999 2263 3029 ut
2287 2997 2320 3028 R
2343 2995 2355 3041 ΙΙ

1268 3042 1288 3073 6
1314 3041 1435 3082 repetit
1454 3041 1489 3074 V
1506 3042 1635 3083 repitur
1651 3040 1699 3073 R¹
1717 3041 1729 3083 11
1757 3043 1776 3074 8
1800 3041 1946 3082 suscepit
1966 3042 2066 3082 Val]
2092 3043 2273 3084 susceperit
2290 3042 2360 3074 ΒΤ

1268 3087 1354 3128 vulq.
1374 3085 1385 3128 ΙΙ
1409 3087 1428 3118 9
1443 3088 1529 3119 rubr.
1557 3087 1604 3118 De
1630 3085 1969 3118 amministratoribus
1993 3086 2238 3119 uenerabilium
2263 3086 2354 3119 loco-

1269 3141 1341 3162 rum
1364 3141 1439 3162 suas
1460 3142 1512 3163 res
1536 3131 1751 3163 offerentibus
1780 3131 1811 3163 T
1828 3133 1859 3163 in
1877 3143 1979 3173 marq.
2002 3132 2053 3172 (eat
2065 3132 2142 3172 Iul.)
2160 3131 2171 3174 ΙΙ
2199 3134 2235 3164 11
2265 3142 2353 3164 com-

1269 3175 1368 3208 missa
1393 3176 1440 3207 R¹
1467 3175 1479 3219 ΙΙ
1511 3177 1551 3209 12
1573 3178 1631 3207 aut
1650 3177 1763 3217 postea
1789 3174 1949 3218 T³vzilq.]
1981 3178 2095 3218 postea
2119 3176 2245 3209 RVT2
2279 3179 2354 3219 post

1272 3219 1322 3253 Τ1
1341 3219 1353 3263 ΙΙ
1373 3221 1412 3254 13
1434 3230 1546 3253 rerum
1572 3232 1627 3253 om.
1651 3221 1683 3253 V
1695 3221 1706 3263 ss
1724 3220 1858 3253 ecclesie
1875 3221 1992 3252 offerre
2011 3222 2043 3253 T
2055 3220 2067 3263 ΙΙ
2085 3221 2257 3254 ordinatus
2276 3221 2325 3254 Τ1
2342 3220 2354 3266 Η

1272 3267 1313 3299 14
1336 3267 1416 3306 non]
1442 3267 1474 3297 et
1498 3276 1565 3298 non
1590 3266 1638 3298 R¹
1663 3264 1675 3308 ΙΙ
1703 3267 1743 3299 15
1769 3276 1835 3297 11011
1862 3277 1917 3298 om.
1934 3265 2044 3298 R¹T¹
2063 3266 2074 3308 ΙΙ
2102 3268 2142 3300 16
2167 3266 2275 3299 faeere
2296 3277 2352 3300 om.

1273 3310 1317 3343 [2¹
1334 3310 1346 3355 ΙΙ
1377 3312 1414 3343 17
1440 3321 1507 3343 11011
1529 3310 1576 3343 V¹
1595 3310 1607 3353 11
1633 3311 1721 3342 enim
1746 3322 1800 3343 om.
1819 3311 1865 3343 T¹
1883 3310 1895 3354 ss
1920 3310 2026 3343 solum
2051 3310 2112 3343 illa
2133 3311 2189 3354 VH
2207 3322 2273 3352 qua
2293 3311 2328 3344 V
2351 3311 2355 3357 Ι

1273 3357 1312 3389 19
1338 3358 1407 3396 aut]
1434 3358 1492 3387 aut
1515 3356 1551 3388 in
1578 3355 1626 3388 Τι
1645 3355 1656 3398 Ι]
1674 3356 1749 3387 aliis
1776 3354 1942 3398 om.RV{{
1961 3355 2262 3388 uenerabilioribus
2285 3356 2318 3388 R
2348 3358 2353 3400 l

1270 3401 1457 3433 offeruntur
1475 3401 1523 3433 R2
1536 3402 1621 3443 vulq.
1641 3401 1652 3443 ΙΙ
1671 3402 1711 3434 21
1724 3403 1809 3434 rubr.
1837 3400 1873 3432 Si
1893 3410 2008 3432 seruus
2033 3401 2173 3434 clericus
2191 3402 2250 3434 fiat
2276 3402 2308 3434 T
2320 3402 2353 3434 in

1271 3458 1372 3488 mar-9.
1388 3447 1438 3486 (ex
1451 3446 1528 3486 Iul.)
1546 3446 1557 3488 ΙΙ
1576 3446 1769 3478 condicente
1794 3447 1825 3478 R
1842 3445 1853 3488 ΙΙ
1874 3446 1915 3479 22
1936 3446 2004 3478 fuit
2025 3447 2074 3479 V¹
2098 3447 2156 3478 fiat
2174 3447 2206 3479 R
2231 3448 2278 3479 est
2299 3446 2354 3488 ΤΗ

1270 3492 1333 3522 1100
1357 3502 1412 3523 om.
1429 3491 1480 3523 Τα
1513 3490 1524 3534 ΙΙ
1552 3492 1713 3523 constitus
1741 3490 1791 3523 T¹
1817 3492 1874 3532 (id.
1901 3493 1956 3532 27)
1988 3490 2000 3534 ΙΙ
2025 3492 2067 3525 23
2092 3491 2284 3533 ingenuerit
2304 3491 2350 3524 V¹

1270 3536 1437 3576 ingenuus
1462 3538 1510 3567 est
1530 3535 1579 3568 V³
1603 3539 1614 3579 ΙΙ
1642 3536 1818 3577 ignorante
1842 3535 1987 3575 domino]
2022 3549 2175 3567 nun*
2200 3538 2248 3570 R¹
2273 3536 2286 3578 ΙΙ
2310 3537 2353 3569 24

1270 3580 1359 3613 inter
1380 3580 1424 3614 V¹
1446 3581 1535 3613 intra
1554 3581 1591 3612 in
1617 3582 1650 3614 T
1659 3581 1668 3601 ¹
1693 3582 1704 3623 ΙΙ
1732 3582 1773 3614 25
1799 3582 1831 3613 et
1855 3580 2019 3622 servilem]
2045 3583 2078 3614 et
2103 3594 2159 3615 om.
2176 3581 2231 3625 ΤΙΙ
2257 3591 2354 3614 seruo

1271 3627 1317 3658 R¹
1343 3625 1355 3669 Ι]
1381 3627 1422 3659 27
1449 3628 1496 3659 est
1519 3637 1573 3659 om.
1591 3626 1635 3658 R·
1650 3627 1681 3659 T
1701 3626 1713 3670 ΙΙ
1738 3627 1780 3659 28
1805 3625 1988 3658 misterium
2009 3627 2116 3660 RVT
2137 3627 2148 3671 ΙΙ
2174 3627 2215 3660 29
2237 3636 2352 3660 secun-

1272 3671 1382 3703 darem
1404 3671 1437 3705 V
