2586 3990
244 135 351 181 Nov.
374 136 556 181 CXXXI
587 140 636 179 15
667 149 734 192 ep.

1307 131 1392 181 664

1813 149 1874 181 DE
1900 149 2250 204 EchESLsSTIcIS
2277 152 2453 185 TITULIS

1218 265 1376 302 CAPUT
1398 267 1477 304 XV.

310 335 354 369 Οἱ
380 332 420 368 δὲ
441 331 710 380 ὄρφανοτρόφοι
741 335 953 381 ἐπιτρόπων
983 336 1043 368 καὶ
1073 334 1314 380 κουρατώρων

241 378 346 419 τάξιν
370 381 559 422 ἐχέτωσαν,
590 376 688 413 οὕτω
710 383 834 424 μέντοι
858 381 918 414 ἴνα
941 382 1001 413 καὶ
1022 382 1129 424 χωρὶς
1152 377 1314 414 ἱκανοὸο-

241 428 318 458 σίας
340 427 398 458 καὶ
415 423 571 470 eudymos
594 426 654 457 καὶ
670 423 873 470 ἐνάγωνται
897 427 979 468 περὶ
994 425 1072 458 τῶν
1088 424 1314 471 πραγμάτων

240 470 316 502 τῶν
339 471 411 522 τοῖς
434 465 603 514 ὀρφανοῖς
624 472 751 514 κυρίως
773 471 833 503 καὶ
854 466 973 503 αὐτοῖς
986 471 1067 522 ςτοῖς
1090 465 1313 524 ὄρφανοτρο-

1425 334 1715 380 orphanotrophi
1738 344 1820 371 vero
1838 337 1996 373 tutorum
2019 339 2055 374 et
2076 343 2278 375 curatorum
2304 339 2453 384 fungan-

1381 382 1440 414 tur
1460 378 1590 422 officio,
1615 378 1666 414 ita
1684 383 1803 415 tamen
1826 384 1867 415 ut
1890 384 1927 416 et
1949 382 2024 418 sine
2047 384 2278 420 satisdatione
2297 385 2351 429 (et
2369 395 2453 420 con-

1382 423 1541 468 veniant>
1563 427 1600 459 et
1619 425 1873 461 conveniantur
1895 426 1938 460 de
1955 427 2061 465 rebus
2083 429 2395 475 orphanotrophiis
2417 431 2455 466 et

1382 468 1470 513 ipsis
1504 469 1655 514 propriis
1691 470 1860 515 orphanis
1895 473 2185 517 competentibus.
2233 474 2305 509 Res
2335 477 2455 510 autem

240 517 348 567 mesoag-
372 511 595 556 ανηκόντων.
631 512 677 547 τὰ
695 511 735 547 δὲ
755 513 958 561 πράγματα,
981 510 1073 562 άπερ
1093 512 1219 556 ὲτυχόν
1241 527 1314 547 τινι
1351 516 1369 547 5
1384 515 1623 558 competentes
1646 514 1754 550 alicui
1773 516 2012 560 orphanorum
2034 518 2185 562 publicis
2209 519 2455 564 praesentibus

238 571 314 591 των
327 559 501 604 ορφανᾰίν
514 555 707 604 διαφέρειν,
721 556 904 602 δημοσίων
915 557 1167 603 ταβουλαρίων
1179 555 1314 603 παρόν-

237 615 315 636 των
336 606 396 636 καὶ
420 601 693 647 ὑπομνημάτων
713 607 976 648 πραττομένων
1000 605 1040 638 ἐν
1061 605 1129 647 μὲν
1152 604 1195 649 τῇ
1212 606 1313 647 βασι-

238 645 310 680 λίδι
333 646 436 682 πόλει
459 648 559 692 παρὰ
578 649 630 690 τῷ
646 652 832 695 μαγίστρῳ
856 650 933 683 τῶν
948 649 1104 692 κήνσων,
1129 650 1167 682 ἐν
1184 646 1224 681 δὲ
1239 651 1315 682 ταῖς

238 693 422 747 ἐπαρχίαις
452 693 550 737 παρὰ
574 695 647 727 τοῖς
670 692 839 738 ἄρχουσιν
871 690 994 728 αὐτῶν
1022 691 1044 736 ἢ
1070 696 1142 727 τοῖς
1166 690 1315 727 ἐκδίκοις

1383 558 1567 594 tabulariis
1598 562 1635 594 et
1665 560 1731 595 sub
1755 560 1864 604 gestis
1891 565 2195 599 monumentorum
2225 564 2262 599 in
2285 565 2354 600 hac
2378 564 2454 610 qui-

1383 603 1462 639 dem
1485 603 1582 647 regia
1599 604 1739 640 civitate
1761 605 1858 650 apud
1873 605 2079 650 magistrum
2103 618 2228 645 census
2252 609 2393 652 habitis,
2418 610 2455 644 in

1407 647 1574 684 rovinciis
1598 651 1716 684 autem
1739 651 1835 695 apud
1857 650 1991 686 iudices
2023 661 2143 687 earum
2166 657 2230 688 aut
2252 653 2454 690 defensores

1396 703 1541 728 ocorum
1569 695 1876 739 orphanotrophos
1901 695 2063 740 accipere
2086 701 2122 732 et
2144 698 2334 741 custodire,
2366 702 2402 734 et
2425 700 2455 734 si

237 750 314 771 των
329 749 458 772 τοπων
486 736 688 782 λαμβάνειν
703 738 784 772 τοὺς
800 736 1092 784 ὄρφανοτρόφους
1107 741 1167 772 καὶ
1183 736 1313 784 φυλάτ·
1330 739 1368 772 10
1382 738 1620 774 necessarium
1651 740 1870 792 putaverint,
1907 741 2013 776 etiam
2047 741 2201 779 alienare
2235 745 2271 779 et
2305 744 2455 788 pretium

237 795 325 825 τειν,
349 786 408 816 καὶ
431 782 462 816 εἰ
486 779 683 827 ἀναγκαῖον
706 786 904 827 νομίσουσι,
928 786 988 818 καὶ
1012 785 1169 817 ἐκποιεῖν
1191 785 1251 816 καὶ
1271 781 1313 816 τὸ

238 826 380 861 τούτων
395 831 532 872 τίμημα
548 831 620 862 τοῖς
635 825 806 874 ὀρφανοῖς
821 828 1026 874 φυλάττειν,
1045 827 1068 871 ἢ
1081 830 1185 874 ἕτερα
1202 827 1313 873 πράγ-

236 885 335 917 ματα
365 868 449 906 ἀντ’
471 874 620 926 ἐκλείνων
640 870 842 920 ἀγοράζειν·
867 873 915 917 μὴ
932 870 1151 908 ὑποκεῖσθαι
1175 870 1215 906 δὲ
1237 873 1312 907 ἑπι-

1382 793 1503 818 earum
1534 784 1703 829 orphams
1735 794 1960 828 conservare,
1992 788 2056 821 aut
2085 787 2174 823 alias
2204 798 2262 823 res
2289 799 2355 833 pro
2386 788 2455 823 illis

1382 838 1510 872 emere,
1547 839 1619 864 non
1650 831 1768 864 autem
1797 830 1980 866 subiacere
2017 831 2226 868 tutelaribus
2260 837 2324 868 aut
2354 843 2454 870 cura-

1381 873 1480 909 toriis
1504 874 1712 909 rationibus.

237 918 259 952 1
301 919 481 962 τροπικοῖς
497 931 518 960 η
535 921 806 963 κουρατωρικοῖς
823 917 1007 964 λογισμοῖς.
1057 917 1314 952 Φυλάττεσθαι
1381 921 1401 954 1
1447 919 1586 954 Servari
1607 922 1724 954 autem
1754 919 1913 955 iubemus
1937 921 2127 956 venerabili
2151 921 2455 967 orphanotrophio

238 960 278 995 δὲ
293 961 481 1006 κελεύομεν
501 963 553 1005 τῷ
571 960 691 1010 εὖαγεῖ
709 960 1005 1016 ὀρφανοτροφείῳ
1027 961 1157 1006 ταύτης
1174 965 1235 1006 τῆς
1249 966 1312 1015 βεξ-
1331 965 1370 996 15
1382 963 1486 999 huius
1520 964 1640 1007 regiae
1675 964 1773 1000 urbis
1808 968 1843 1000 et
1877 965 2097 1001 xenodochio
2133 967 2227 1011 quod
2256 967 2457 1012 appellatur

238 1005 369 1041 σιλίδος
392 1007 531 1043 πόλεως
554 1009 614 1041 καὶ
637 1009 692 1051 τῷ
710 1007 840 1049 ξενωνι
862 1022 915 1051 τῳ
935 1008 1140 1053 καλουμένῳ
1165 1008 1229 1042 τοῦ
1253 1018 1315 1050 της

238 1050 339 1085 ὁσίας
360 1053 501 1097 μνήμης
514 1052 681 1098 Σαμψών
705 1055 853 1087 καὶτοῖς
876 1051 948 1087 ὑπὸ
967 1054 1033 1096 τὴν
1051 1051 1161 1087 αὐτοῦ
1183 1050 1313 1086 δικαιο-

239 1095 367 1131 δοσίαν
389 1097 623 1132 καθεστῶσιν
644 1095 840 1143 εὗκτηρίοις
863 1095 886 1141 ἢ
907 1097 1136 1142 ξενοδοχείοις
1153 1096 1176 1141 ἢ
1197 1096 1315 1132 ἄλλοις

238 1144 443 1186 σεβασμίοις
473 1143 580 1177 οἴκοις
610 1142 735 1178 πάντα
763 1143 810 1177 τὰ
842 1142 1040 1188 προνόμια,
1073 1141 1166 1188 ἅπερ
1197 1145 1266 1185 ἔχει
1291 1138 1313 1185 ἡ

238 1183 423 1232 άγιωτάτη
447 1186 583 1234 μεγάλη
607 1188 771 1231 ἐκκλησία
792 1187 1225 1224 Κωνσταντινουπόλεως.

303 1229 589 1279 <Ἐπίλογος.>
627 1230 752 1267 Ἄτινα
787 1237 911 1267 τοίνυν
947 1232 1008 1268 διὰ
1044 1235 1106 1269 τοῦ
1138 1233 1316 1278 παρόντος

237 1277 348 1321 νόμου
371 1277 420 1311 εἰς
442 1277 486 1311 τὸ
511 1275 665 1321 διηνεκὲς
688 1278 893 1321 ἰσχύσοντος
921 1275 943 1322 ἡ
967 1278 1118 1324 ἡμετέρα
1143 1279 1316 1313 ἐθέσπισε

236 1321 453 1368 γαληνότης,
486 1319 507 1366 ἡ
537 1324 581 1366 σὴ
606 1321 759 1370 ὑπεροχὴ
787 1321 937 1358 ἰὸίκτων
966 1324 1058 1358 κατὰ
1089 1323 1131 1358 τὸ
1161 1322 1316 1367 σύνηθες

1381 1012 1525 1044 sanctae
1548 1009 1736 1045 memoriae
1760 1010 1908 1055 Sampso
1940 1014 1975 1045 et
1998 1011 2065 1046 sub
2097 1011 2172 1046 eius
2200 1012 2456 1057 gubernatione

1383 1055 1588 1097 constitutis
1610 1054 1776 1090 oratoriis
1806 1060 1870 1090 aut
1887 1056 2083 1092 xenonibus
2115 1061 2178 1091 aut
2201 1057 2280 1092 aliis
2309 1067 2455 1093 venera-

1382 1098 1512 1133 bilibus
1537 1099 1697 1135 domibus
1722 1100 1838 1135 omnia
1865 1101 2046 1145 privilegia
2074 1111 2316 1147 quaecumque
2347 1103 2458 1138 habet

1384 1144 1605 1179 sanctissima
1627 1144 1739 1180 maior
1761 1145 1912 1181 ecclesia
1935 1146 2341 1191 constantinopolitana.

1438 1234 1718 1278 (Epilogus.)
1749 1235 1862 1287 ‘Quae
1883 1235 1989 1280 igitur
2017 1246 2080 1281 per
2103 1239 2322 1281 praesentem
2346 1237 2457 1281 legem

1383 1279 1420 1314 in
1450 1282 1659 1331 perpetuum
1690 1279 1875 1332 valituram
1906 1283 2029 1332 nostra
2055 1282 2177 1334 sanxit
2206 1282 2456 1335 tranquillitas,

1383 1326 1447 1358 tua
1469 1324 1640 1360 celsitudo
1665 1324 1786 1359 edictis
1812 1325 2026 1361 sollemniter
2052 1337 2089 1361 ιιι
2109 1327 2176 1361 hac
2198 1336 2294 1371 regia
2317 1331 2458 1363 civitate

237 1368 330 1401 κατὰ
361 1367 428 1410 τὴν
451 1365 622 1412 βασιλίδα
653 1368 790 1410 ταύτην
820 1367 931 1403 πόλιν
957 1370 1237 1415 προτιθεμένων
1268 1368 1315 1402 εἰς
1383 1369 1576 1414 propositis
1611 1369 1656 1404 ad
1691 1370 1846 1404 omnium
1885 1371 2026 1406 studeat
2063 1372 2247 1416 pervenire
2283 1373 2456 1409 notitiam.

238 1412 307 1455 τὴν
337 1411 539 1466 ἁπάντωνυ
547 1414 685 1460 γνῶσιν
720 1412 845 1448 ἐλθεῖν
867 1415 1068 1449 σπευσάτω.
1123 1412 1218 1458 ἡμεῖς
1247 1413 1314 1460 γὰρ
1329 1414 1369 1446 25
1383 1414 1458 1449 Nos
1493 1415 1583 1449 enim
1618 1414 1895 1459 providebimus,
1931 1419 2104 1461 quatenus
2138 1417 2214 1452 sine
2248 1417 2457 1453 collatorum

238 1457 497 1502 προνοήσομεν,
517 1469 618 1493 οπως
637 1457 723 1492 ἄνευ
743 1456 858 1502 πάσης
877 1460 939 1502 τῆς
954 1461 1032 1494 τῶν
1046 1458 1235 1496 ὑποτελῶν
1257 1460 1315 1501 ζη-

236 1506 320 1546 μίας
342 1505 402 1536 καὶ
425 1504 466 1536 ἐν
487 1506 565 1537 ταῖς
588 1505 773 1549 ἐπαρχίαις
791 1505 1035 1550 φανερωθείη.

284 1547 367 1582 Dat.
380 1558 442 1583 xv.
461 1548 531 1583 kal.
549 1548 661 1593 April.
679 1549 747 1585 GP.
766 1549 849 1594 imp.
867 1549 924 1584 dn.
942 1550 1130 1586 Iustiniani
1144 1559 1204 1594 pp.
1221 1547 1314 1593 Aug.

239 1602 332 1628 anno
344 1592 477 1629 XVIII.
503 1599 584 1638 post
608 1604 705 1629 cons.
722 1594 844 1629 Basilii
867 1605 918 1629 ve.
936 1605 1031 1632 anno
1043 1596 1105 1632 1V.
1128 1595 1200 1630 ind.
1218 1594 1314 1629 VIII.

1165 1642 1222 1684 [a.
1238 1643 1314 1682 545]
1329 1641 1371 1674 30

1385 1459 1568 1504 dispendio
1591 1459 1655 1495 fiat
1677 1459 1782 1495 etiam
1805 1460 1842 1495 in
1865 1460 2055 1506 provinciis
2078 1460 2276 1498 manifesta.

305 1741 331 1762 c.
347 1729 386 1762 X
393 1729 428 1762 V
433 1742 486 1773 pr.
511 1742 550 1763 ex
573 1730 609 1763 Β
633 1731 729 1764 habet
747 1731 795 1763 B⁶
814 1732 844 1764 0
859 1732 879 1765 9
893 1744 928 1774 p.
943 1731 1008 1765 533
1022 1731 1138 1772 Zach„
1158 1743 1211 1773 pr.
1226 1733 1270 1763 in.
1284 1732 1340 1771 (—
1357 1732 1376 1764 5
1391 1726 1619 1773 ἀνηκόντων)
1644 1739 1673 1764 et
1694 1732 1716 1775 ξ
1732 1735 1746 1765 1
1762 1733 1834 1766 Ecl.
1849 1732 1934 1766 Bas.
1946 1733 2061 1767 I-X,
2085 1752 2127 1758 —
2152 1733 2313 1769 Summam
2335 1735 2455 1769 Theod-

240 1776 356 1817 repetit
371 1774 430 1815 Bt,
453 1775 532 1808 Ath.
548 1787 698 1808 summam
713 1788 765 1819 pr.
790 1783 935 1818 repetunt
953 1776 1115 1819 paratitla
1137 1776 1214 1808 Aah.
1232 1777 1274 1809 13
1294 1780 1308 1814 §
1325 1782 1351 1808 2.
1387 1777 1500 1818 (Apud
1523 1777 1585 1809 Iul.
1611 1777 1703 1809 huius
1726 1789 1797 1820 cap.
1822 1790 1942 1811 summa
1966 1790 2029 1811 non
2051 1779 2160 1819 extat.)

373 1862 452 1898 XV.
501 1861 797 1910 Orphanotroplzi
827 1869 945 1899 autem
974 1868 1131 1899 tutorum
1162 1867 1197 1898 et
1227 1870 1436 1899 curatorum
1460 1865 1578 1899 locum
1603 1865 1802 1908 obtineant,
1833 1867 1885 1900 ita
1909 1871 2026 1901 tamen
2058 1871 2099 1902 ut
2121 1867 2229 1903 etiam
2251 1868 2329 1903 sine
2349 1869 2455 1904 satis-

240 1907 388 1944 datione
411 1911 447 1943 et
469 1908 685 1943 conveniant
706 1912 741 1944 et
763 1909 1023 1944 conveniantur
1045 1907 1089 1943 de
1111 1906 1218 1944 rebus
1241 1919 1334 1954 quae
1357 1908 1406 1943 ad
1429 1909 1615 1955 orphanos
1630 1910 1787 1956 proprie
1811 1916 1846 1946 et
1868 1910 1918 1946 ad
1935 1912 2016 1957 ipsa
2039 1911 2351 1958 orphanotrophia
2369 1925 2457 1959 per-

241 1953 364 1989 tinent.
411 1952 485 1988 Res
506 1958 624 1989 autem
648 1963 742 1999 quac
768 1953 871 1999 forte
893 1953 943 1989 ad
965 1953 1120 1999 aliquem
1143 1963 1192 1988 σω
1214 1952 1387 1999 orphanis
1411 1954 1599 2000 pertinent
1625 1955 1877 2000 praesentibus
1906 1956 2063 2002 publicis
2086 1956 2275 1992 tabulariis
2297 1959 2459 2004 actisque

240 2009 310 2033 con
332 1998 431 2039 ectis,
456 1999 493 2032 in
508 1998 612 2044 reqia
633 1998 774 2043 quidem
797 1999 938 2034 civitate
961 1998 1062 2050 apud
1076 1999 1288 2043 maqistrum
1311 2007 1490 2041 censuum,
1514 1999 1551 2034 in
1572 1999 1769 2045 provinciis
1792 2004 1908 2036 autem
1928 2001 2029 2047 apud
2047 2001 2235 2047 praesides
2257 2012 2380 2036 earum
2404 2002 2460 2038 vel

240 2042 285 2078 de
306 2053 452 2078 ensores
482 2042 660 2085 locorum,
693 2042 982 2089 orphanotrophi
1013 2043 1196 2088 accipiant
1224 2046 1259 2077 et
1282 2042 1503 2084 custodiant,
1536 2047 1570 2078 et
1593 2044 1625 2078 si
1648 2045 1885 2079 necessarium
1913 2046 2140 2090 putaverint,
2170 2045 2278 2081 etiam
2304 2047 2460 2083 alienent

239 2098 435 2133 earumque
460 2087 620 2139 pretium
655 2089 832 2133 orphanis
862 2087 1084 2128 custodiant,
1120 2086 1178 2122 vel
1205 2086 1299 2121 alias
1332 2097 1391 2121 res
1422 2097 1494 2133 pro
1530 2087 1603 2122 illis
1631 2093 1752 2123 emant
1759 2101 1774 2130 ;
1810 2099 1895 2125 neve
1924 2089 2132 2125 subiaceant
2163 2090 2374 2127 tutelaribus
2404 2092 2460 2129 vel

216 2134 261 2168 ‘1
306 2133 500 2168 curatoriis
529 2132 742 2168 rationibus.

859 2130 1007 2167 Servari
1037 2134 1155 2166 autem
1184 2130 1344 2166 iubemus
1378 2132 1574 2167 venerabili
1602 2132 1913 2185 orphanotrophio
1951 2133 2057 2169 huius
2086 2135 2210 2181 reqiae
2239 2137 2394 2172 civitatis
2424 2140 2460 2174 et

239 2177 377 2213 xenoni
400 2177 462 2223 qui
486 2175 699 2223 Sampsonis
747 2176 804 2212 iae
826 2176 1018 2212 memoriae
1040 2187 1167 2211 nomen
1190 2175 1297 2212 lzabet
1318 2179 1354 2212 et
1374 2178 1545 2212 oratoriis
1569 2188 1662 2258 {uae
1684 2178 1749 2214 sub
1772 2190 1849 2214 eius
1870 2179 2132 2225 qubernatione
2160 2185 2246 2216 sunt
2267 2181 2323 2217 vel
2343 2192 2458 2218 :eeno-

240 2221 380 2257 dochiis
402 2222 457 2258 vel
478 2222 563 2257 aliis
585 2232 714 2258 venera
738 2221 843 2257 ilibus
871 2221 1035 2257 domibus
1063 2221 1183 2256 omnia
1210 2221 1422 2268 privileqia,
1455 2233 1547 2268 quae

242 2267 492 2314 tinopolitana.

376 2311 611 2358 Epiloqus.
658 2310 758 2355 Quae
781 2312 894 2358 iqitur

1594 2223 1675 2259 abet
1697 2224 1922 2259 sanctissima
1952 2235 2087 2271 maqna
2113 2225 2262 2261 ecclesia
2287 2226 2458 2263 Constan-

943 2322 983 2346 er
996 2315 1221 2357 praesentem
1245 2311 1356 2357 leqem
1379 2311 1416 2346 in
1438 2315 1652 2359 perpetuum
1675 2312 1866 2348 valituram
1887 2315 2062 2350 serenitas
2085 2319 2212 2350 nostra
2234 2317 2371 2357 sanxit,
2396 2321 2458 2353 tua

239 2357 438 2393 sublimitas
459 2356 585 2392 edictis
607 2368 707 2393 more
725 2357 833 2393 solito
853 2357 892 2391 in
937 2366 981 2391 ac
995 2357 1098 2402 reqia
1121 2356 1264 2391 civitate
1313 2357 1483 2401 ropositis
1505 2361 1545 2392 ut
1565 2357 1614 2392 ad
1627 2358 1783 2393 omnium
1802 2358 1967 2394 notitiam
1983 2361 2202 2405 perveniant
2222 2372 2369 2407 operam
2386 2363 2456 2399 det.

241 2402 319 2437 Nos
341 2402 434 2437 enim
451 2401 730 2448 providebimus,
754 2407 795 2438 ut
816 2403 894 2438 sine
915 2401 990 2437 ullo
1013 2400 1252 2437 subiectorum
1300 2403 1487 2437 etrimento
1511 2402 1617 2437 etiam
1641 2403 1679 2438 in
1695 2403 1895 2449 provinciis
1917 2405 2113 2450 manifesta
2133 2406 2237 2449 fiant.

287 2495 302 2527 1
323 2490 372 2534 δέ]
390 2495 514 2526 τοίνυν
528 2496 578 2534 Α,
595 2505 652 2526 om.
668 2493 738 2526 Ecl.
756 2494 767 2535 11
787 2491 1010 2537 ἐπιτρόπων]
1029 2494 1088 2524 καὶ
1105 2489 1316 2536 ἐπιτρόπων

241 2539 292 2572 B⁶
315 2536 527 2581 ἐπιτρόπων
546 2549 586 2571 τε
604 2539 634 2571 A
651 2537 664 2582 11
680 2537 910 2582 κουρατόρων
928 2540 974 2570 13³
999 2540 1011 2581 11
1036 2539 1055 2572 3
1071 2539 1131 2570 καὶ
1147 2535 1315 2582 ἐνάγωσι]

240 2586 300 2616 καὶ
323 2586 424 2616 om.A
443 2583 455 2626 11
471 2579 664 2628 ἐνάγονται
687 2584 719 2616 L
743 2586 755 2626 11
778 2586 797 2617 4
820 2585 893 2617 τοῖς
916 2579 1086 2627 ὀρφανοῖς
1108 2584 1236 2626 κυρίως
1257 2583 1317 2614 καὶ

241 2624 360 2661 αὐτοῖς
381 2629 455 2661 τοῖς
478 2624 764 2674 όρφανοτρόφοις
779 2629 810 2662 L
849 2630 921 2662 τοῖς
944 2624 1228 2673 όρφανοτρόφοις
1257 2628 1316 2658 καὶ

243 2669 359 2706 αὐτοῖς
389 2675 462 2706 τοῖς
487 2669 654 2718 ὀρφανοῖς
685 2676 812 2719 κυρίως
843 2675 982 2717 (κυρίως
1009 2669 1179 2718 ὀρφανοῖς
1201 2670 1260 2714 Al’)
1286 2673 1316 2704 A

240 2718 534 2807 irpffi¹¹⁰⁶2⁰ffi²ii1⁸
548 2723 586 2798 St
605 2718 854 2797 ifiiffivpffpssssiss
868 2718 1038 2797 2ἱῖἶῖἷί
1050 2721 1096 2796 ‘Lu
1103 2763 1115 2806 η
1123 2720 1161 2796 ⁶9
1166 2714 1316 2796 155⁰}ss

262 2776 284 2795 α
355 2776 377 2796 ν
1301 2779 1318 2786 -

242 2776 330 2842 &alm
342 2809 373 2841 A
389 2808 401 2851 11
422 2810 459 2843 11
479 2811 539 2841 καὶ
554 2776 645 2841 cip—-
659 2776 906 2853 12ρφυλάττειν
922 2821 980 2842 om.
994 2809 1024 2841 A
1042 2807 1055 2852 11
1072 2810 1131 2840 καὶ
1150 2808 1316 2847 ἐκποιεῐν]

241 2855 301 2886 καὶ
324 2866 382 2888 om.
397 2854 444 2894 L,
469 2853 518 2886 B·
532 2867 562 2886 v.
579 2854 600 2887 l.
627 2854 639 2897 11
671 2855 711 2887 12
734 2850 769 2896 ἢ]
802 2850 826 2896 ἢ
852 2854 893 2886 Μ
924 2855 983 2886 καὶ
1008 2854 1059 2886 B⁶
1083 2853 1095 2897 11
1122 2855 1162 2887 15
1187 2849 1319 2892 ταύτης

242 2911 300 2932 om.
320 2898 352 2931 L
376 2898 388 2939 11
415 2899 456 2932 16
478 2898 532 2940 τῷ
557 2911 615 2932 om.
635 2898 667 2931 A
683 2898 696 2936 ΙΙ
720 2898 773 2940 τῷ
796 2896 1003 2942 καλουμένῳ
1027 2898 1090 2931 τοῦ
1113 2911 1170 2931 om.
1186 2898 1230 2940 L,
1252 2896 1316 2930 τοῦ

242 2956 301 2976 om.
314 2943 383 2976 AB
400 2942 412 2986 11
439 2945 479 2977 17
506 2938 628 2984 αὐτοῦ]
654 2940 769 2986 αὐτὴν
781 2944 833 2977 13⁶
867 2940 966 2977 ἰδίαν
988 2944 1019 2976 A
1036 2943 1048 2987 ss
1071 2939 1318 2976 δικαιοδοσίαν

242 2989 290 3022 Μ
290 2989 384 3030 Α(ς)]
409 2985 585 3030 διοίκησιν
601 2989 671 3022 LB
689 2987 702 3033 11
727 2990 768 3023 19
787 2989 858 3030 ἐξίει
876 2986 964 3029 κτλ]
987 2989 1061 3022 hinc
1077 2990 1109 3022 in
1127 2989 1158 3021 L
1174 2988 1318 3031 marqine

243 3034 396 3076 infhriore
411 3035 538 3067 absciso
553 3034 679 3077 reliqua
691 3046 773 3076 pars
789 3034 933 3067 novellae
949 3035 1036 3067 deest
1047 3041 1179 3077 praeter
1195 3034 1317 3067 initium

243 3079 364 3122 epiloqi
377 3079 566 3121 discrepans
580 3091 602 3112 α
617 3079 726 3115 ΜΑςε
744 3075 1212 3121 (Κωνσταντινου)πόλεως·
1231 3074 1318 3120 (Τ)ὰ

242 3124 391 3165 witmau)
422 3119 482 3156 διὰ
506 3123 570 3156 τοῦ
595 3122 774 3168 παρόντος
796 3121 908 3167 νόμου
932 3122 1199 3157 θεσπισθέντα.
1235 3123 1317 3166 Epi-

245 3170 335 3212 loqus
348 3171 380 3202 in
393 3169 486 3205 MA:
502 3170 640 3202 traditus
656 3181 729 3202 num
745 3170 790 3202 ad
802 3169 963 3212 exemplar
975 3170 1142 3212 praefecto
1151 3169 1317 3211 praetorio

243 3214 426 3256 inscriptum
436 3215 612 3268 pertineat,
630 3213 818 3247 Zachariae
835 3215 961 3247 dubitat
977 3214 989 3256 11
1007 3215 1051 3248 24
1063 3209 1174 3248 πόλιν
1191 3226 1250 3246 οηι.
1262 3212 1294 3246 Δ

244 3259 286 3291 26
310 3268 570 3302 προνοησωμεν
594 3259 639 3292 Μ
675 3256 923 3303 προνοήσομεν
945 3257 1038 3292 θεοῦ
1063 3260 1231 3303 συνεργίᾳ
1253 3258 1285 3291 A

244 3301 358 3380 σΙτοῖσιέγς
371 3317 428 3337 om.
439 3315 458 3339 ς
497 3306 538 3338 28
550 3306 671 3337 subscr.
685 3304 823 3382 ⁰''¹‘.A{2
837 3305 932 3381 hablet
943 3304 1031 3337 Iutw
1043 3306 1055 3346 11
1063 3301 1317 3382 izv-galbam}

245 3361 334 3425 Iram
347 3359 419 3426 Ξίῐλι..
443 3349 882 3438 μηναίρὲπέἷλίιῗῗίιὲοάῖτῇ
892 3346 1318 3437 cp-‘ffigadgviflsfiffgno

244 3446 277 3478 p.
293 3447 380 3470 anno
395 3437 528 3471 XVIII.
554 3439 640 3472 lum
670 3450 719 3482 cp.
737 3438 791 3472 dn.
812 3439 890 3472 inst.
905 3449 961 3482 pp.
981 3449 1056 3482 aug.
1076 3439 1117 3472 M
1137 3436 1318 3482 βασιλείας

1380 2487 1634 2525 Ἰουστινιανοῦ
1659 2491 1702 2526 τὸ
1726 2491 1774 2535 ιη’
1801 2492 1850 2535 (η’
1867 2496 1918 2527 vel
1940 2492 1990 2537 ιβ’
2006 2497 2153 2536 traditur,
2179 2508 2260 2529 corr.
2287 2497 2458 2539 Fabrotus)

1383 2538 1459 2570 ΑιΙι.
1495 2537 1567 2570 &a
1591 2535 1640 2580 ιη’
1657 2539 1778 2572 Theocl-
1807 2538 1819 2582 ΙΙ
1849 2540 1890 2573 29
1913 2539 2034 2573 basilio
2057 2550 2110 2572 uc.
2133 2550 2211 2573 ann.
2233 2551 2266 2573 u.
2291 2541 2358 2574 ind.
2378 2541 2456 2575 VII.

1383 2583 1480 2622 (corr.
1497 2593 1573 2615 ann.
1589 2583 1647 2616 IV.
1662 2583 1731 2616 ind.
1745 2583 1856 2626 VIII.)
1876 2585 1963 2618 Ιιιί.ω
1991 2584 2089 2618 basil.
2108 2595 2158 2621 uo.
2179 2596 2281 2619 conss.
2298 2586 2341 2620 M
2366 2582 2458 2620 ὑπα-

1383 2629 1478 2660 τείας
1491 2625 1680 2661 Βασιλείου
1702 2625 1734 2661 δ’
1747 2630 1822 2662 ΔίΙι.
1851 2628 1942 2672 μετὰ
1965 2629 2034 2673 τὴν
2053 2627 2231 2664 ὑπατείαν
2245 2628 2457 2678 Βελισαρίου

1383 2674 1458 2717 (leq.
1474 2671 1664 2707 Βασιλείου
1688 2671 1729 2707 τὸ
1756 2670 1800 2717 δ’)
1826 2671 1893 2707 ivd.
1912 2673 1944 2717 η’
1963 2676 2081 2709 Theod-

1453 2809 1467 2840 1
1486 2809 1572 2840 rubr.
1598 2806 1643 2840 Vt
1666 2807 1929 2851 orphanotrophi
1959 2810 2108 2840 tutorum
2138 2807 2324 2850 fungantur
2347 2809 2457 2843 officio

1383 2851 1417 2884 R
1433 2853 1467 2885 in
1483 2864 1584 2895 mary.
1611 2852 1624 2895 11
1646 2853 1667 2886 2
1690 2851 1750 2893 ita]
1781 2854 1820 2886 ut
1843 2853 1891 2886 13¹
1914 2852 1927 2896 11
1951 2853 1996 2885 tffi
2017 2852 2050 2885 R
2073 2851 2086 2896 11
2112 2855 2151 2885 ut
2174 2856 2206 2885 et
2228 2853 2275 2895 R]
2304 2855 2337 2886 et
2360 2857 2399 2886 ut
2418 2855 2455 2897 V,

1385 2899 1417 2928 et
1442 2909 1499 2930 om.
1527 2897 1566 2938 T,
1601 2899 1641 2930 ut
1659 2897 1758 2930 etiam
1782 2898 1869 2942 vulq.
1895 2897 1907 2938 11
1934 2897 2181 2931 satisdationem
2205 2898 2253 2932 Β*
2281 2897 2293 2942 11
2322 2900 2355 2932 et
2378 2909 2455 2932 oon-

1384 2942 1520 2974 veniant
1544 2943 1621 2976 add.
1641 2943 1726 2987 vuly.
1743 2943 1754 2985 11
1773 2943 1793 2976 3
1817 2943 2036 2975 conueniatur
2061 2943 2094 2976 T
2105 2942 2117 2986 11
2135 2944 2168 2976 et
2190 2961 2234 2967 —
2257 2945 2279 2977 4
2298 2944 2457 2987 orphanis

1385 2999 1442 3019 om.
1457 2987 1506 3019 R¹
1529 2986 1541 3031 11
1567 2990 1586 3022 5
1610 2989 1842 3030 competentes]
1867 2987 2128 3031 competentibus
2150 2987 2203 3021 12⁰
2221 2987 2233 3032 11
2261 2989 2281 3022 6
2305 2990 2338 3021 et
2351 2989 2456 3031 Beck]

1383 3034 1442 3064 aut
1466 3033 1543 3066 libri
1559 3031 1571 3072 ΙΙ
1589 3035 1606 3066 7
1631 3033 1734 3074 regia]
1759 3032 1795 3065 in
1818 3033 1880 3066 hac
1902 3032 1994 3075 regia
2015 3031 2072 3076 Vn
2088 3034 2108 3067 9
2133 3033 2410 3077 orphanotrophis
2428 3034 2461 3068 T

1383 3077 1674 3120 orphanotrophiis
1694 3078 1742 3110 V¹
1754 3078 1843 3122 vuly.
1861 3078 1874 3121 11
1893 3080 1933 3112 10
1949 3078 2119 3121 putauerit
2136 3077 2191 3122 Τ11
2210 3078 2308 3111 etiam
2325 3091 2383 3112 om.
2397 3079 2428 3112 R
2444 3077 2458 3124 11

1384 3122 1549 3164 praecium
1577 3123 1675 3164 Bal]
1697 3124 1805 3165 pretia
1826 3123 1982 3167 VTvuly.
2008 3122 2021 3166 11
2048 3124 2085 3158 11
2109 3132 2221 3156 eorum
2244 3123 2355 3157 RVT
2374 3123 2387 3167 11
2414 3125 2455 3159 12

1383 3170 1503 3208 autem]
1528 3169 1587 3201 aut
1609 3168 1642 3201 T
1648 3170 1656 3188 ¹
1675 3167 1687 3211 11
1705 3168 1867 3201 curatoris
1886 3168 1920 3201 R
1953 3167 2135 3201 curationis
2157 3167 2213 3211 ΤΙΙ
2235 3170 2275 3202 14
2294 3169 2456 3211 orphano-

1384 3213 1503 3255 tropho
1528 3212 1638 3255 RVT,
1663 3225 1745 3246 corr.
1766 3213 1854 3256 vuly.
1877 3212 1890 3256 11
1918 3215 1956 3247 15
1981 3213 2083 3254 urbis]
2108 3212 2255 3246 ciuitatis
2279 3213 2457 3258 31118110-

1383 3258 1504 3290 noohio
1524 3257 1580 3301 Vll
1599 3259 1640 3292 16
1653 3258 1838 3300 memoriae]
1855 3257 1977 3291 mariae
1991 3258 2146 3301 RTvuly.
2164 3257 2177 3301 11
2193 3268 2289 3291 sanso
2302 3258 2432 3303 Rvuly.

1382 3302 1654 3344 gubernationem
1669 3303 1720 3336 T⁰
1737 3302 1749 3346 11
1769 3305 1807 3337 17
1822 3302 1983 3336 orationis
2004 3303 2056 3336 V⁰
2071 3302 2084 3347 11
2102 3302 2177 3335 aliis
2195 3315 2253 3336 om.
2267 3303 2428 3347 RTvuly.

1386 3349 1425 3381 18
1450 3358 1676 3390 quaecumque
1696 3347 1747 3381 V2
1765 3349 1798 3382 in
1819 3361 1884 3381 ras.
1901 3349 1924 3383 4
1943 3349 2013 3388 litt,
2038 3357 2169 3390 quoque
2186 3347 2235 3381 T*
2265 3357 2348 3389 quae
2369 3347 2420 3381 Τ8

1384 3392 1501 3425 habeat
1520 3394 1551 3427 T
1563 3393 1576 3437 11
1594 3394 1636 3427 22
1660 3393 1788 3426 sancxit
1810 3393 1937 3437 RVTn
1956 3394 1998 3427 25
2022 3393 2235 3437 prouidemus
2257 3393 2311 3436 Vn
2329 3394 2372 3427 26
2385 3390 2451 3425 ἀίε-

1383 3447 1510 3480 pecu-
1533 3438 1583 3472 V²
1601 3437 1615 3483 11
1630 3438 1740 3480 etiam]
1765 3439 1798 3471 et
1822 3438 1856 3473 T
1872 3438 1886 3482 11
1902 3440 2133 3482 subscriptione
2156 3444 2267 3472 carent
2286 3437 2367 3477 ‚lazi-⁸·
