2580 4022
1300 160 1384 207 (594

238 171 345 216 Nov.
373 169 592 214 CXXXVI
623 170 660 209 5.
692 169 717 208 6
1624 175 1683 206 DE
1711 173 2095 208 ARGENTAmomm
2125 173 2459 206 commcwmus

237 278 496 325 περσοναλίαις.
546 275 588 313 οὗ
612 277 681 323 γὰρ
705 273 753 313 ἂν
769 280 964 322 προχείρως
980 274 1126 318 δοίημεν
1142 271 1336 317 ὑποθήκην
1352 277 1424 308 τοῖς
1439 276 1548 308 τοῦτο
1564 272 1614 317 μὴ
1632 271 1907 319 συμφωνήσασι,
1932 273 2027 317 πλὴν
2041 275 2072 308 εἰ
2086 273 2134 318 μὴ
2153 271 2313 326 δειχθείη
2330 274 2370 307 ἐν
2387 275 2460 307 τοῖς

235 326 443 371 γράμμασιν
465 320 557 357 ὅλως
580 322 823 367 ὑπαρχόντων
843 323 963 365 μνήμη
982 322 1166 365 γενομένη,
1197 320 1304 364 (καὶ)
1327 315 1350 361 ἢ
1374 315 1582 353 ’ἑπόθοιντο
1605 318 1651 352 τὰ
1673 319 1814 352 ἑαυτῶν
1834 314 1856 360 ἢ
1881 319 1988 352 τοῦτο
2011 320 2099 365 γοῦν
2124 318 2167 352 τὸ
2193 316 2334 353 απλοῦν
2358 329 2460 362 προς·

236 371 338 402 θεῖεν
367 366 569 410 κινδύνῳ
602 367 695 401 τῶν
719 365 1025 411 ὑπαρχόντων
1049 361 1219 405 mirate,
1251 361 1273 406 ἢ
1294 361 1385 398 ὅλως
1407 377 1442 397 τι
1468 363 1691 409 φθέγξονται
1715 360 1738 406 ἢ
1760 360 1942 408 γράψαιεν
1963 365 2129 397 τοιοῦτον
2152 361 2279 398 ὁποῖον
2304 362 2352 396 εἰς
2375 360 2460 396 ὑπο-

235 411 350 456 θήκης
374 414 518 446 ἔννοιαν
541 415 648 458 φέρει.
696 412 781 446 τότε
804 411 873 456 γὰρ
896 414 957 443 καὶ
979 410 1047 453 τὴν
1070 407 1265 451 ὑποθήκην
1291 405 1410 442 αὐτοῖς
1434 411 1645 452 παρέχομεν,
1669 404 1717 441 ῶς
1739 408 1828 450 μήτε
1853 407 1920 450 τὴν
1935 407 2097 442 καθόλου
2115 406 2225 453 φύσιν
2240 407 2318 441 τῶν
2333 407 2459 451 νόμων

234 460 255 493 1
301 457 378 491 τῶν
407 455 591 502 ἡμετέρων
617 455 837 501 συνταράξαι
868 453 958 499 μήτε
983 452 1111 489 αὐτοὺς
1134 450 1379 498 ἀποστερῆσαι
1399 454 1460 495 τῆς
1478 451 1630 495 δυνατῆς
1652 452 1835 496 βοηθείας.
1889 453 2001 487 Τόκον
2020 451 2068 495 δέ,
2092 454 2123 487 εἰ
2146 455 2213 496 μὲν
2237 451 2349 497 ῥητὸν
2372 463 2457 495 συμ-

265 502 452 544 ωνήσαιεν,
476 502 544 536 τὸν
568 503 902 546 συμπεφωνημένον
925 500 1026 534 εἶναι.
1075 499 1105 532 εἰ
1129 496 1169 531 δὲ
1191 500 1298 532 τοῦτο
1318 499 1438 553 μόνον
1461 500 1672 544 γέγραπται,
1698 494 1746 530 ῶς
1770 499 1830 532 ἐπὶ
1850 498 1947 540 τόκῳ
1971 498 2013 531 τὸ
2033 496 2206 542 δάνεισμα
2223 499 2386 539 συνέστη,
2410 496 2459 540 μὴ

236 516 420 580 δύνασθαι
444 546 526 580 τοὺς
547 545 815 590 συμβάλλοντας
840 544 972 591 λέγειν,
1002 542 1051 578 ῶς
1075 541 1198 586 ἐπειδὴ
1218 540 1281 585 οὐχ
1305 542 1457 588 ω’ρισται
1481 542 1601 584 τόκος,
1633 542 1692 575 διὰ
1714 543 1823 576 τοῦτο
1851 540 1985 576 ἄτοκόν
2009 544 2085 576 ἐστι
2108 543 2149 576 τὸ
2171 545 2335 587 χρυσίον,
2366 540 2458 575 ἀλλὰ

234 591 326 625 κατὰ
350 589 536 637 πρόληψιν
560 589 608 625 ῶς
639 592 702 625 τοῦ
731 589 930 635 διμοιραίου
953 589 1059 623 τόκου
1084 589 1199 634 ῥητῶς
1223 585 1495 631 ὀνομασθέντος
1517 583 1632 621 οὕτως
1661 587 1729 630 τὴν
1753 587 1935 632 εἴςπραξιν
1952 587 2131 633 γίνεσθαι.
2179 591 2239 621 καὶ
2261 587 2370 621 τοῦτο
2393 588 2459 630 μὲν

234 638 298 670 τοῦ
323 634 449 669 λοιποῦ
475 635 839 682 παραιγυλάττεσθαι.
888 636 947 669 ἐπὶ
973 632 1012 668 δὲ
1034 637 1107 668 τοῖς
1126 632 1194 676 ἤδη
1218 635 1419 678 γενομένοις
1437 631 1669 678 λογοθεσίοις,
1694 633 1725 665 εἰ
1741 635 1799 665 καὶ
1814 632 1937 676 μνήμη
1950 631 2038 678 (μὴ)
2052 635 2175 677 γέγονε
2191 632 2299 666 τόκου
2320 629 2457 673 (ἐπειδὴ

234 679 418 723 πρόδηλόν
443 683 543 715 ἐστιν
568 683 628 715 ἐπὶ
652 681 790 715 παντὸς
809 677 962 725 ἀργύρου
982 680 1161 725 τραπέζης
1183 679 1409 723 προεστῶτος
1433 677 1516 722 <τὸ>
1540 678 1600 711 ἐπὶ
1623 675 1741 710 τόκοις
1757 676 1986 721 συμβάλλειν,
2003 679 2063 710 καὶ
2082 674 2189 711 αὐτὸς
2204 677 2328 711 τόκους
2342 675 2458 711 τελῶν

234 723 298 759 οὐκ
320 723 368 758 ἂν
392 724 541 760 δύναιτο
565 725 673 760 τόκου
696 727 802 772 χωρὶς
826 724 996 766 δαπάνην
1020 721 1186 766 διδόναι),
1212 722 1343 762 ἐξεῖναι
1366 722 1433 756 τὸν
1456 720 1567 756 τόκον
1591 719 1711 755 αὐτοῖς
1726 721 1793 756 τὸν
1818 720 2019 767 διμοιραῖον
2043 718 2221 765 ἀπαιτεῖν,
2245 722 2310 755 τοῦ
2334 724 2458 766 μέντοι

234 770 361 806 λοιποῦ
381 771 499 804 ταῦτα
523 772 849 816 παρατηρουμένοις
873 766 967 815 ἅπερ
991 765 1010 803 ὁ
1033 767 1164 813 παρεὸν
1188 767 1286 801 θεῖος
1309 767 1418 811 νόμος
1442 765 1594 801 δίδωσιν
1619 764 1746 800 αὐτοῖς.

1228 857 1386 894 CAPUT
1410 857 1472 893 Vl.

374 928 431 961 Εἰς
454 928 570 961 έκεῖνο
593 929 718 971 μέντοι
741 930 801 961 καὶ
825 924 965 971 σφόδρα
990 923 1110 959 αὐτοῖς
1133 925 1354 968 βοηθοῦμεν,
1380 921 1467 958 ὥςτε
1491 924 1522 957 εἰ
1545 923 1741 970 λογοθέσια
1764 925 1982 969 προφέροιτο
2007 925 2136 965 ἔχοντα
2161 923 2278 969 ῥητῶς
2302 919 2459 964 ἑκάστην

234 973 357 1006 αἰτίαν
373 974 661 1019 ἐγγεγραμμένην
684 972 733 1007 εἰς
754 969 800 1015 ἢν
823 969 968 1006 δέδοται
991 969 1033 1004 τὸ
1058 973 1213 1015 χρυσίον,
1236 968 1255 1003 ὁ
1280 967 1319 1003 δὲ
1340 967 1586 1015 ὖπογράψειεν
1611 970 1650 1001 ἐν
1673 970 1747 1002 τοῖς
1770 965 1891 1002 αὐτοῖς
1914 967 2147 1014 λογοθεσίοις,
2172 968 2203 1001 εἰ
2226 970 2286 1001 καὶ
2305 967 2459 1009 ἑκάστην

237 1013 343 1051 αὐτὸς
366 1019 478 1060 οἰκείᾳ
502 1020 592 1063 χειρὶ
615 1016 683 1060 τὴν
704 1017 825 1051 αἰτίαν
846 1013 888 1050 οὗ
910 1013 1096 1062 γράψειεν,
1120 1012 1144 1058 ἢ
1167 1017 1227 1048 καὶ
1251 1012 1447 1060 ὁμολογίαν
1479 1013 1562 1048 τινὰ
1586 1011 1677 1058 ὑπὲρ
1700 1012 1829 1047 τοίτου
1852 1012 2044 1057 ποιήσαιτο
2067 1013 2137 1047 εἴτε
2161 1014 2201 1046 έν
2224 1010 2459 1055 δανείσματος

235 1060 391 1106 σχήματι
424 1063 494 1096 εἴτε
523 1064 564 1096 ἐν
595 1059 791 1095 διαλύσεως
823 1061 894 1095 εἴτε
923 1063 982 1094 καὶ
1011 1058 1146 1102 ἄλλως,
1177 1062 1303 1103 μηκέτι
1336 1057 1523 1093 δύνασθαι
1553 1058 1622 1092 τὸν
1645 1058 1753 1092 τοῦτο
1777 1070 1805 1092 π
1829 1057 1968 1099 άξαντα
1992 1059 2069 1093 τῶν
2092 1057 2185 1091 κατὰ
2208 1059 2310 1103 μέρος
2333 1057 2460 1090 αἰτιῶν

235 1105 405 1141 ἀπαιτεῖν
434 1107 498 1142 τὰς
529 1105 748 1149 ἀποδείξεις,
779 1105 875 1149 πλὴν
898 1105 930 1140 εἰ
952 1104 1002 1149 μὴ
1027 1103 1118 1139 κατὰ
1143 1108 1353 1149 περιουσίαν
1377 1101 1487 1148 ὅρκον
1513 1105 1707 1150 ἐπαγαγεῖν
1731 1100 1799 1146 βού
1824 1116 1900 1137 οιτο
1924 1099 1946 1147 ἢ
1972 1101 2070 1146 αὐτῷ
2095 1100 2120 1146 ἢ
2142 1100 2373 1150 κληρονόμοις
2396 1103 2460 1135 τοῦ

236 1149 479 1188 δανείσαντος.
525 1153 632 1186 τοῦτο
663 1151 731 1198 γὰρ
763 1151 879 1195 μόνον
911 1149 1009 1193 αἰτῶ
1035 1153 1255 1195 παρέχομεν,
1286 1150 1371 1183 εἴσω
1394 1151 1520 1193 μέντοι
1543 1150 1621 1182 τῶν
1644 1148 1689 1204 τῇ
1721 1147 1920 1195 ἀναργυρία
1949 1149 2207 1195 παρεχομένων
2229 1145 2382 1192 χρόνων.
2429 1146 2460 1179 εἰ

235 1195 304 1243 γὰρ
338 1199 397 1231 καὶ
431 1194 537 1232 αὐτὸς
566 1197 708 1242 φθάσει
739 1195 941 1241 παρελθεῖν
963 1193 982 1229 ὁ
1008 1193 1153 1240 χρόνος,
1184 1191 1266 1229 οὗδὲ
1290 1192 1386 1239 ὅρκῳ
1411 1192 1617 1238 βαρύνομεν
1642 1192 1785 1227 αυτούς·
1811 1195 1919 1228 τοῦτο
1943 1189 2032 1238 ὅπερ
2056 1196 2115 1226 καὶ
2140 1194 2180 1226 ἐν
2203 1195 2275 1227 τοῖς
2298 1189 2460 1225 καθόλου

235 1241 360 1284 νόμοις
390 1241 609 1288 ἐγράψαμεν.
657 1245 817 1287 καίτοιγε
844 1238 928 1275 οὐδὲ
955 1241 1063 1274 τοῦτο
1095 1241 1218 1285 ἐχρῆν·
1254 1239 1321 1274 τὸν
1352 1239 1420 1295 γὰρ
1455 1240 1568 1281 οἰκεία
1599 1241 1689 1283 χειρὶ
1719 1237 1914 1283 γράψαντα
1948 1234 1970 1281 ἢ
2001 1240 2060 1271 καὶ
2092 1236 2207 1272 δόντα
2241 1235 2459 1283 λογοθέσιον

238 1287 307 1320 ποῦ
332 1284 474 1321 δίκαιον
498 1290 544 1329 ἣν
568 1283 684 1324 οὕτως
707 1284 834 1329 ἐκμελῆ
858 1283 1085 1320 καθεστάναι
1108 1287 1168 1319 καὶ
1190 1287 1360 1328 νομίζειν,
1385 1295 1434 1318 ας
1457 1283 1502 1318 τὰ
1523 1285 1573 1327 μὴ
1596 1281 1772 1327 δεδομένα
1793 1282 1947 1329 γράφειν
1955 1297 1968 1325 ,·

369 1328 656 1379 <Ἐπίλογος.>
709 1331 759 1365 Tc}
790 1334 915 1366 τοίνυν
945 1328 1185 1377 παραστάντα
1215 1328 1299 1373 ἡμῖν
1330 1332 1390 1363 καὶ
1422 1327 1482 1363 διὰ
1503 1326 1607 1363 τοὶδε
1631 1330 1696 1362 τοῦ
1721 1328 1826 1362 θείου
1849 1327 2096 1374 πραγματικοῦ
2122 1324 2323 1370 δηλούμενα
2346 1325 2460 1370 νόμου

234 1371 258 1419 ἥ
281 1389 320 1410 τε
343 1376 389 1420 σὴ
414 1375 603 1421 ἐνδοξότης
626 1380 686 1411 καὶ
709 1377 781 1412 πᾶς
805 1379 921 1421 ἕτερος
943 1376 1005 1419 τῆς
1027 1373 1200 1420 ἡμετέρας
1222 1374 1405 1410 πολιτείας
1430 1372 1553 1420 ἅρχων
1576 1371 1725 1417 ἀκέραια
1749 1372 1943 1418 φυλάττειν
1959 1373 2006 1406 εἰς
2022 1371 2064 1407 τὸ
2083 1370 2237 1415 διηνεκὲς
2253 1371 2458 1413 σπευσάτω,

235 1423 362 1464 ποινῆς
391 1422 562 1458 librarum
591 1422 671 1457 auri
701 1421 822 1458 decem
853 1422 1075 1465 ἐπικειμένης
1098 1417 1190 1454 κατὰ
1214 1421 1292 1455 τῶν
1314 1421 1432 1455 ταῦτα
1455 1417 1767 1467 παραβαινόντων
1790 1416 1814 1462 ἢ
1838 1417 2140 1464 παραβαίνεσθαι
2166 1414 2457 1463 συγχωρούντων.

234 1466 281 1503 D.
305 1467 340 1501 k.
365 1466 454 1513 Apr.
482 1467 552 1503 GP.
579 1467 754 1503 Belisario
779 1477 836 1502 vc.
860 1476 957 1502 cons.
2295 1464 2341 1503 [a.
2367 1463 2459 1503 535]

233 1624 410 1670 fecerint,
442 1623 514 1658 nisi
545 1623 689 1659 omnino
712 1622 751 1657 in
774 1622 920 1669 scriptis
945 1621 1120 1658 bonorum
1144 1621 1356 1657 mentionem
1377 1620 1519 1666 factam
1543 1629 1618 1657 esse
1634 1619 1813 1666 probetur
1835 1618 1916 1665 (et)
1939 1623 2003 1655 aut
2025 1629 2093 1654 sua
2115 1618 2187 1665 ipsi
2203 1616 2359 1664 piqnori
2375 1617 2461 1653 obli-

235 1669 359 1715 qarint
382 1672 447 1704 aut
468 1667 594 1704 saltem
619 1666 687 1703 hoc
708 1667 919 1714 simpliciter
943 1667 1140 1702 adiecerint
1161 1664 1385 1713 ‘periculo
1412 1675 1564 1701 eorum
1595 1675 1711 1711 quae
1734 1666 1780 1701 in
1803 1664 1934 1700 bonis
1965 1661 2193 1706 habeant’‚
2225 1666 2289 1710 aut
2309 1661 2462 1708 denique

238 1714 310 1749 tale
348 1712 489 1758 aliquid
526 1712 688 1748 dixerint
725 1713 994 1759 scripserintve,
1027 1711 1135 1757 quate
1163 1710 1213 1746 ad
1241 1709 1467 1756 hypothecae
1498 1710 1754 1755 coqitationem
1785 1709 1904 1744 ducat.
1971 1708 2071 1744 Tunc
2101 1708 2193 1744 enim
2225 1707 2462 1754 hypothecam

237 1768 380 1804 quoque
408 1758 454 1792 iis
482 1757 714 1804 praebemus,
746 1761 787 1792 ut
815 1767 930 1802 neque
959 1756 1163 1791 universam
1194 1755 1311 1800 lequm
1343 1758 1549 1790 nostrarum
1580 1758 1748 1790 naturam
1777 1754 2028 1790 conturbemus
2056 1764 2171 1798 neque
2193 1753 2294 1799 ipsos
2317 1751 2460 1788 auxilio

236 1805 258 1838 1
304 1802 401 1847 quod
421 1801 605 1848 praestari
623 1804 745 1847 potest
766 1801 957 1847 privemus.
1011 1799 1145 1836 Usurae
1168 1805 1305 1840 autem,
1335 1799 1366 1833 si
1389 1799 1530 1844 quidem
1554 1802 1672 1834 certas
1687 1799 1781 1845 pepi
1807 1799 1919 1841 erint,
1947 1800 2079 1844 pactae
2101 1797 2253 1834 valeant.
2301 1795 2367 1831 Sin
2390 1795 2460 1832 hoc

236 1847 354 1883 solum
385 1847 559 1893 scriptum
590 1845 655 1888 sit,
685 1851 845 1881 mutuum
873 1845 938 1880 sub
967 1845 1089 1880 usuris
1119 1854 1195 1879 esse
1219 1846 1459 1886 contractum,
1491 1845 1741 1879 contrahentes
1764 1809 1883 1879 dicere
1906 1846 2107 1888 nequeant,
2130 1843 2302 1887 quoniam
2325 1851 2460 1876 usurae

237 1892 405 1937 definitae
433 1902 505 1927 non
533 1891 618 1932 sint,
644 1893 840 1936 propterea
869 1900 942 1925 non
971 1889 1157 1935 fenebrem
1187 1899 1265 1925 esse
1325 1888 1504 1931 ecuniam,
1533 1887 1598 1923 sed
1613 1898 1686 1934 per
1707 1888 2035 1934 praesumptionem
2059 1888 2167 1932 quasi
2188 1886 2305 1922 besses
2327 1896 2460 1921 usurae

236 1936 448 1973 nominatim
469 1945 665 1982 expressae
688 1935 761 1970 sint
784 1935 838 1971 ita
859 1935 928 1979 fiat
950 1934 1106 1971 exactio.
1153 1934 1271 1979 Atque
1319 1943 1362 1968 oc
1384 1933 1527 1979 quidem
1552 1933 1588 1967 in
1605 1937 1794 1979 posterum
1819 1932 2034 1968 observetur.
2081 1930 2128 1967 In
2150 1931 2353 1967 ratiociniis
2375 1941 2459 1966 vero

236 1983 309 2018 iam
343 1981 536 2026 confectis,
563 1980 631 2016 etsi
659 1980 792 2015 mentio
820 1990 1015 2015 usurarum
1044 1979 1150 2024 facta
1180 1989 1253 2013 non
1283 1979 1331 2014 sit
1361 1978 1544 2023 (quoniam
1567 1978 1799 2023 manifestum
1822 1981 1875 2013 est
1898 1977 1998 2023 apud
2017 1976 2207 2022 quemlibet
2229 1976 2460 2021 arqentariae

236 2037 379 2061 mensae
407 2025 654 2071 praepositum
687 2027 895 2059 contractus
924 2023 990 2059 sub
1022 2023 1143 2058 usuris
1168 2023 1270 2068 sieri,
1302 2033 1367 2058 nec
1396 2023 1461 2068 qui
1488 2022 1566 2068 ipse
1589 2033 1719 2057 usuras
1743 2022 1932 2068 dependit,
1962 2021 2096 2067 absque
2119 2022 2239 2057 usuris
2262 2021 2459 2067 impensam

234 2072 363 2151 {acere
387 2071 560 2149 polterit),
592 2068 699 2104 liceat
722 2069 768 2103 iis
792 2071 908 2104 besses
931 2078 1063 2103 usuras
1086 2068 1247 2113 exiqere,
1270 2067 1308 2101 in
1332 2071 1515 2113 posterum
1541 2070 1658 2102 tamen
1682 2077 1725 2102 ea
1750 2067 2019 2103 observantibus
2042 2077 2135 2112 quae
2152 2076 2329 2112 praesens
2351 2076 2459 2101 sacra

250 2126 299 2152 ex
322 2116 335 2150 i
362 2125 412 2149 sis
450 2125 494 2149 ar
520 2115 603 2148 itur.

334 2126 431 2195 pVI.
457 2125 518 2193 Inq
527 2158 591 2194 illo
616 2169 699 2194 vero
723 2157 779 2194 vel
801 2157 958 2193 maxime
980 2157 1025 2193 iis
1046 2156 1283 2198 subvenimus,
1307 2159 1348 2192 ut
1362 2156 1394 2191 si
1408 2155 1603 2192 ratiocinia
1621 2156 1865 2202 proferantur
1881 2166 1974 2202 quae
1989 2154 2135 2200 desinite
2150 2154 2315 2201 sinqulas
2330 2165 2460 2190 causas

236 2206 274 2241 in
305 2215 396 2250 quas
424 2203 581 2256 pecunia
612 2202 699 2238 data
729 2206 784 2239 est
807 2202 1005 2248 inscriptas
1027 2201 1256 2243 contineant,
1286 2201 1319 2236 is
1341 2205 1460 2237 autem
1484 2202 1549 2246 qui
1570 2201 1758 2237 contraxit
1781 2200 1837 2236 his
1859 2201 1872 2235 i
1898 2201 1948 2236 sis
1971 2200 2173 2236 ratiociniis
2195 2199 2459 2246 subscripserit,

236 2250 378 2286 etiamsi
405 2249 568 2295 sinqulas
598 2258 729 2283 causas
751 2258 819 2283 sua
842 2247 920 2293 ipse
943 2258 1052 2282 manu
1076 2257 1148 2282 non
1171 2246 1378 2292 scripserit,
1409 2245 1466 2282 vel
1487 2247 1593 2281 etiam
1619 2247 1820 2282 cautionem
1844 2212 2005 2291 aliquam
2028 2245 2072 2280 de
2092 2256 2135 2281 eo
2158 2245 2233 2281 sive
2254 2245 2320 2281 sub
2343 2244 2460 2291 specie

236 2294 351 2330 mutui
372 2294 446 2330 sive
471 2293 727 2328 transactionis
749 2292 822 2329 sive
846 2292 952 2327 etiam
976 2291 1083 2327 aliter
1107 2291 1317 2337 confecerit,
1339 2291 1372 2326 is
1395 2291 1458 2336 qui
1481 2290 1550 2326 hoc
1570 2290 1662 2342 [ecit
1685 2293 1839 2337 nequeat
1855 2290 2010 2336 amplius
2025 2289 2251 2336 sinqularum
2268 2299 2460 2324 causarum

235 2339 470 2385 probationes
493 2339 655 2384 coeiqere,
678 2337 752 2372 nisi
772 2338 868 2378 forte
892 2347 941 2372 σω
958 2336 1158 2371 abundanti
1173 2335 1423 2371 iusiurandum
1440 2335 1495 2372 vel
1509 2336 1578 2382 ipsi
1596 2335 1652 2371 vel
1667 2334 1856 2371 heredibus
1871 2334 2063 2371 creditoris
2078 2335 2224 2380 deferre
2242 2334 2337 2370 vetit.
2379 2333 2461 2369 Hoc

235 2385 327 2419 enim
351 2384 468 2419 solum
492 2384 524 2419 ei
547 2382 791 2424 concedimus,
816 2382 914 2417 intra
937 2392 980 2416 ea
1005 2386 1122 2416 tamen
1148 2385 1309 2427 tempora
1333 2391 1427 2426 quae
1449 2379 1657 2427 exceptioni
1680 2391 1753 2416 non
1776 2384 1985 2417 numeratae
2033 2380 2182 2415 ecuniae
2204 2382 2342 2415 statuta
2364 2382 2459 2414 sunt.

236 2429 329 2464 Nam
362 2429 395 2464 si
424 2428 465 2463 id
488 2438 633 2479 quoque
657 2431 794 2474 tempus
817 2426 888 2461 iam
910 2425 1152 2473 praeterierit,
1176 2436 1221 2461 ne
1244 2425 1478 2461 iureiurando
1502 2424 1644 2471 quidem
1667 2436 1730 2461 cos
1743 2435 1957 2471 qravamus:
1979 2425 1995 2460 i
2032 2423 2132 2470 quod
2146 2424 2253 2460 etiam
2269 2424 2307 2459 in
2323 2424 2462 2469 leqibus

235 2473 465 2520 qeneralibus
496 2472 718 2518 scripsimus.
767 2471 991 2517 Quamquam
1022 2482 1067 2507 ne
1090 2470 1159 2506 hoc
1171 2470 1324 2550 dquidem
1345 2471 1428 2515 fieri
1453 2471 1663 2516 oportebat:
1691 2481 1774 2506 nam
1799 2470 1864 2515 qui
1883 2480 1951 2505 sua
1974 2479 2082 2504 manu
2106 2469 2253 2548 scripsit
2275 2468 2331 2505 vel
2354 2468 2461 2504 etiam

235 2518 430 2554 ratiocinia
453 2518 558 2560 dedit,
583 2528 662 2553 eum
687 2517 752 2563 qui
766 2527 843 2563 par
865 2519 945 2552 erat
967 2519 1039 2551 tam
1062 2526 1169 2551 socor
1194 2526 1248 2550 em
1270 2515 1387 2560 s'uisse
1408 2519 1552 2561 putare,
1579 2519 1621 2550 ut
1638 2525 1732 2560 quae
1755 2514 1843 2550 data
1866 2525 1940 2550 non
1963 2517 2080 2550 essent
2098 2514 2171 2548 scri
2195 2517 2279 2549 eret.

371 2562 408 2598 E
412 2563 483 2608 pil
491 2573 616 2608 oqus.
664 2561 765 2605 Quae
788 2561 901 2607 iqitur
923 2560 1024 2596 nobis
1045 2561 1263 2607 placuerunt
1285 2564 1321 2595 et
1339 2571 1409 2606 per
1432 2559 1526 2595 hanc
1548 2569 1691 2595 sacram
1707 2560 1977 2606 praqmaticam
2002 2559 2114 2604 leqem
2138 2557 2388 2599 declarantur,
2416 2568 2460 2593 ea

237 2611 310 2643 tam
339 2607 460 2653 qloria
492 2612 554 2642 tua
586 2617 694 2652 quam
718 2606 834 2652 quivis
856 2606 951 2641 atius
973 2605 1028 2641 rei
1043 2605 1214 2652 publicae
1236 2608 1383 2640 nostrae
1405 2604 1640 2649 maqistratus
1665 2605 1809 2650 inteqi·a
1832 2615 1976 2640 servare
1999 2604 2036 2639 in
2057 2606 2273 2650 perpetuum
2295 2601 2438 2638 studeat
2445 2614 2460 2644 ;

236 2663 315 2688 cum
337 2663 457 2698 poena
482 2652 656 2689 librarum
681 2652 762 2687 auri
785 2651 904 2687 decem
928 2651 973 2686 iis
997 2650 1178 2686 immineat
1200 2651 1266 2695 qui
1290 2649 1379 2686 haec
1402 2649 1536 2686 violent
1559 2654 1623 2684 aut
1645 2649 1778 2684 violari
1797 2650 1998 2696 patiantur.

283 2811 299 2843 1
326 2806 589 2851 περσοναλίαις]
614 2809 863 2851 προσωπικαῖς
886 2807 950 2850 Bu
973 2802 1019 2840 ἃν
1043 2819 1102 2840 om.
1128 2806 1174 2839 M
1182 2805 1194 2849 ΙΙ
1213 2806 1233 2838 2
1257 2806 1316 2837 καὶ

239 2855 316 2888 add.
351 2855 557 2895 Zachariae,
590 2855 653 2887 nisi
687 2860 783 2886 antea
810 2866 873 2896 pro
905 2849 1148 2896 ὑπαρχόντων
1177 2851 1315 2883 scriben-

238 2901 311 2932 dum
342 2901 384 2932 sit
415 2894 606 2940 ’ὑποθήκης
636 2899 691 2941 (cf.
716 2898 791 2931 Ath.
823 2896 853 2930 εἰ
884 2896 932 2941 μὴ
963 2898 1108 2941 γέγονεν
1132 2891 1317 2936 ὑποθήκης

236 2942 370 2987 μνήμη)
386 2943 398 2987 ΙΙ
418 2945 436 2977 3
463 2939 562 2976 αὐτῶ
581 2943 631 2975 La
649 2947 661 2985 ΙΙ
679 2945 700 2976 4
721 2944 822 2988 φέροι
845 2942 874 2975 Β
893 2943 905 2984 ss
923 2945 941 2976 5
966 2939 1112 2974 ἑαυτοὺς
1135 2942 1185 2974 La
1204 2940 1216 2984 ΙΙ
1232 2942 1252 2974 6
1278 2937 1317 2972 δὲ

239 3001 298 3021 om.
318 2989 349 3021 Β
364 2987 377 3032 ΙΙ
395 2985 438 3021 τὸ
452 3000 510 3020 om.
527 2988 562 3020 Β
581 2986 592 3031 ΙΙ
611 2990 627 3020 7
642 2989 799 3030 χρυσίον]
813 2988 910 3032 χρέος
926 2988 1120 3020 Haloander
1138 2986 1150 3029 ΙΙ
1168 2987 1186 3020 8
1202 2983 1314 3029 πρόσ-

238 3031 349 3077 ληψιν
369 3033 413 3066 Μ
426 3032 438 3075 ΙΙ
456 3034 476 3065 9
501 3033 578 3065 ἐπεὶ
603 3033 649 3065 Μ
661 3035 672 3076 ΙΙ
687 3034 884 3077 γινομένοις
907 3033 937 3064 L
954 3032 966 3075 ΙΙ
984 3028 1104 3075 μνήμη
1135 3028 1184 3074 μὴ
1210 3031 1314 3063 Anon-

237 3079 353 3118 Boet]
377 3075 425 3121 μὴ
448 3075 570 3129 μνήμη
604 3089 671 3110 cum
698 3078 893 3110 Haloandro
918 3078 1024 3129 vuly.3·
1048 3074 1096 3118 μὴ
1120 3087 1179 3109 om.
1206 3074 1316 3108 MLB

237 3123 248 3165 ΙΙ
266 3125 307 3156 10
341 3123 401 3156 ἐπὶ
426 3122 507 3163 LB]
538 3132 586 3155 ως
614 3122 673 3156 ἐπὶ
699 3123 742 3154 Μ
765 3121 777 3164 ΙΙ
810 3119 976 3166 ἀργύρου]
1001 3117 1127 3154 αδίκου
1151 3121 1202 3153 La
1232 3119 1244 3162 ss
1270 3116 1313 3152 τὸ

240 3168 318 3202 add.
343 3168 530 3200 Zachariae
554 3167 566 3209 ss
590 3165 786 3209 συμβαλεῖν
809 3166 845 3199 Β
865 3166 876 3210 ΙΙ
897 3168 935 3199 12
960 3163 1082 3210 παρὸν
1106 3165 1163 3199 Μι
1181 3164 1193 3208 ΙΙ
1212 3166 1252 3198 13
1272 3163 1315 3205 εἰ]

238 3210 275 3244 οἷ
296 3211 363 3255 Mu
386 3213 425 3245 14
451 3212 490 3256 ἐγ
513 3213 737 3256 εγραμμένην
755 3212 812 3252 M]
829 3212 1081 3267 γεγραμμένην
1099 3211 1168 3243 LB
1186 3210 1197 3253 ΙΙ
1215 3205 1313 3242 δέδο-

238 3268 299 3289 ται
325 3257 409 3297 ML]
435 3253 472 3290 δί
495 3268 576 3289 οται
600 3257 635 3289 Β
653 3256 664 3299 ΙΙ
682 3257 713 3288 εἰ
737 3257 795 3296 Μ]
823 3268 845 3297 η
867 3256 937 3288 LB
953 3256 965 3298 ΙΙ
987 3258 1026 3289 15
1052 3251 1157 3288 αὐτὸς
1181 3255 1228 3295 Β]
1254 3251 1313 3286 αὖ·

238 3302 311 3334 τοῖς
325 3301 407 3343 ML,
432 3301 473 3334 ἐν
495 3297 614 3334 αὐτοῖς
637 3302 717 3334 coni.
738 3301 924 3333 Zachariae
941 3299 953 3344 ΙΙ
971 3296 1011 3333 οὗ
1032 3313 1091 3333 om.
1109 3301 1144 3333 Β
1161 3300 1172 3342 ΙΙ
1191 3294 1313 3340 *ποιή-

241 3354 343 3378 σοιτο
367 3346 487 3386 MLB,
512 3344 607 3388 (μὴ)
630 3343 817 3388 ποιήσοιτο
841 3346 1028 3388 Hombequ
1052 3346 1133 3378 male
1162 3344 1174 3388 ΙΙ
1205 3345 1245 3378 16
1275 3344 1313 3376 ἐκ

1386 2803 1579 2838 διαλύσεως
1593 2806 1623 2838 L
1640 2805 1652 2848 ΙΙ
1671 2803 1812 2845 αἰτιῶν]
1831 2802 1954 2838 αὐτῶν
1967 2804 2002 2836 Β
2018 2803 2029 2846 Ι]
2051 2805 2090 2837 17
2107 2801 2318 2848 κληρονόμῳ
2332 2804 2369 2836 Β
2385 2802 2396 2847 ΙΙ
2417 2805 2461 2838 19

1385 2850 1523 2908 φθάσει
1547 2851 1591 2891 L]
1617 2847 1758 2895 φθάσοι
1782 2849 1859 2882 ΜΒ
1876 2849 1888 2893 ΙΙ
1908 2851 1949 2883 20
1974 2846 2109 2892 νόμοις]
2138 2849 2216 2882 Cod.
2241 2851 2274 2901 4',
2294 2855 2390 2889 30,14
2409 2852 2460 2913 §⁶3

1382 2895 1710 2982 Qssffzffimffflssffaffi
1726 2893 2194 2973 Ιὲι211ῑέῗέωῖἓέἒιῖἴιωὲεὲθῗηὶ
2215 2893 2460 2981 ἕῖὥοζρῗῖᾖὲ

1384 2983 1405 3017 ι’
1433 2983 1568 3028 λιτρῶν
1586 2986 1632 3018 Μ
1663 2984 1775 3028 ιτρῶν
1790 2986 1933 3029 χρυσίου
1950 2980 2035 3017 δέκα
2051 2984 2082 3016 L
2100 2983 2112 3026 ΙΙ
2131 2985 2171 3017 25
2186 2985 2305 3016 subscr.
2323 2980 2459 3027 ἐγράφη

1383 3027 1577 3063 καλάνδων
1605 3025 1799 3074 Ἀπριλίων
1828 3025 2000 3063 ὑπατείας
2032 3026 2241 3073 Βελισαρίου
2264 3028 2339 3060 Ath.
2371 3028 2402 3060 d.
2426 3028 2459 3060 k.

1384 3086 1454 3117 apr.
1480 3085 1530 3117 cp.
1551 3086 1607 3118 pp.
1631 3075 1757 3107 bilisar.
1773 3084 1821 3106 vc.
1844 3084 1946 3108 conss.
1965 3072 2008 3106 M
2025 3074 2124 3116 (quod
2139 3074 2326 3106 Zachariae
2337 3074 2460 3115 probat

1385 3122 1612 3162 interpretatus
1631 3122 1706 3162 post
1730 3118 1868 3152 Belisar.
1892 3129 1942 3151 vc.
1967 3128 2054 3151 cons.
2080 3119 2100 3152 i.
2122 3130 2147 3151 e.
2174 3130 2203 3150 a.
2229 3119 2304 3158 536,
2336 3118 2459 3149 addens

1375 3167 1523 3208 fortasse
1554 3165 1782 3198 emendandum
1814 3176 1880 3197 esse
1912 3162 1978 3196 XV
2003 3162 2037 3196 k.
2061 3163 2168 3205 Apr.),
2199 3161 2267 3194 dat.
2296 3161 2328 3193 k.
2361 3161 2460 3204 april.

1383 3220 1458 3252 ppo.
1476 3209 1569 3242 basil.
1587 3219 1675 3262 anpo
1687 3209 1774 3242 Ιιιί.ω
1794 3209 1865 3250 (om.
1887 3211 2010 3242 subscr.
2025 3208 2089 3240 Iul.
2114 3207 2206 3240 codd.
2222 3206 2322 3246 rell.);
2347 3203 2460 3247 μηνὸς

1382 3257 1536 3298 μαρτίου
1557 3265 1649 3297 μετα
1681 3252 1750 3296 τὴν
1780 3250 1960 3287 ὑπατείαν
1979 3249 2168 3284 Βασιλείου
2191 3249 2233 3284 τὸ
2259 3247 2299 3284 ις’
2325 3252 2445 3284 Theod-

1384 3312 1466 3342 quae
1483 3311 1656 3342 perperam
1680 3300 1815 3341 repetita
1840 3311 1905 3331 esse
1928 3298 2076 3331 videntur
2100 3309 2138 3329 ex
2155 3297 2386 3338 subscriptione
2402 3306 2458 3327 no-

1383 3345 1485 3378 vellae
1508 3345 1652 3387 sequenti
1679 3343 1893 3377 CXXXVII
1914 3354 1935 3376 a
1959 3342 2127 3375 Theodoro
2151 3342 2313 3385 apposita.

2486 677 2525 709 10

2488 1015 2525 1047 15

2484 1240 2526 1272 20

2484 1465 2526 1497 25
