2618 4010
291 149 396 192 Nov.
426 147 580 191 XCVII
609 149 647 190 2.
679 150 703 190 3

291 258 408 291 ιίσθω
428 256 497 299 τὴν
513 255 724 299 ἐπαύξησιν·
749 253 855 290 οὐδὲν
877 254 947 302 γὰρ
966 255 1141 290 ἐντεῦθεν
1161 252 1360 303 ἀναφύεται

289 300 432 346 βλάβος.
479 301 510 334 εἰ
540 298 580 334 δὲ
609 298 631 343 ἡ
661 299 749 346 γυνὴ
781 297 953 344 ἀκίνητον
983 297 1047 334 οὐκ
1072 301 1199 343 ἔχουσα
1222 314 1360 347 περιου-

289 350 372 380 σίαν
393 347 432 379 έν
447 347 601 387 κινητοῖς
621 343 768 391 γράψειε
788 345 856 388 τὴν
872 344 1080 387 ἐπαύξησιν,
1104 345 1194 380 ἴστω
1214 345 1256 380 τὸ
1274 359 1360 391 προ-

289 390 417 435 νόμιον
434 386 498 431 οὗχ
513 389 642 430 ἕξουσα
657 390 687 423 εἰ
703 389 752 434 μὴ
769 391 829 424 ἐπὶ
839 391 902 433 τῆς
915 386 1061 435 ἀρχαίας
1074 389 1188 434 μόνης
1202 388 1359 438 προικός,

288 432 328 469 οὐ
349 435 422 479 μὴν
439 436 498 469 ἐπὶ
517 435 581 478 τῆς
599 436 901 479 ἐσχηματισμένης
924 434 1009 468 ἴσως
1036 434 1269 490 ἐπαυξήσεως.
1316 435 1358 470 τὸ

286 481 354 523 μὲν
385 479 454 526 γὰρ
486 479 524 520 ἐξ
555 476 662 524 ἀρχῆς
689 478 885 526 γενόμενον
913 476 961 513 ais
984 480 1122 514 ἐπίπαν
1145 478 1360 516 ανύποπτόν

288 526 375 565 ἐστι,
398 523 441 559 τὸ
463 522 502 558 δὲ
519 520 606 558 ὅστε
629 537 671 558 ον
694 522 1068 568 προςεπιτεχνώμενον
1090 524 1159 568 τὴν
1173 524 1266 559 κατὰ
1285 526 1361 559 τῶν

289 567 490 603 δανειστῶν
514 537 678 603 abrogent
700 569 826 616 εἰεάγει
849 567 1010 613 μελέτην,
1041 572 1102 602 καὶ
1125 568 1361 614 βλάπτεσθαι

287 613 370 648 τοὺς
392 610 611 659 ἀνθρώπους
634 615 673 647 ἐκ
695 614 759 648 τοῦ
782 610 873 657 παρ’
891 611 995 658 ἡμῶν
1017 617 1094 649 ταῖς
1118 614 1239 660 προιξὶ
1263 611 1361 649 δεδο-

286 662 394 703 μένου
418 662 613 713 προνομίαν
636 655 720 693 κατ’
746 655 876 693 οὐδένα
903 657 1041 703 τρόπον
1063 658 1283 739 βουλιέιιεθα.
1332 660 1362 693 εἰ
1377 659 1544 695 10111111118
1567 659 1682 695 modo.
1732 659 1769 694 Si
1786 669 1868 695 vero
1891 669 1964 694 11011
1986 659 2094 695 fuerit

289 702 328 738 δὲ
349 701 413 738 οὐκ
435 704 487 747 εἴη
510 717 603 738 κατα
626 704 690 738 τοῦ
714 700 846 751 ἀνδρὸς
867 706 963 749 χρέος
986 701 1092 738 οὐδὲν
1115 702 1156 739 οὐ
1181 706 1198 738 ἑ
1220 701 1362 750 ὑποψία

287 750 350 791 τῆς
381 749 473 783 κατὰ
507 750 585 783 τῶν
613 746 815 783 δανειστῶν
846 750 1077 795 περιγραφῆς,
1112 748 1197 784 τότε
1231 753 1290 784 καὶ
1322 751 1362 783 ἐν

287 794 442 839 χρήμασι
471 790 605 849 falfi}
624 791 819 849 βονλονται
842 794 889 828 τὰ
916 795 992 828 τῶν
1016 792 1248 837 έπαυξήσεων
1269 798 1362 841 γίνε-

287 839 380 873 σθαι
396 851 471 891 παρ
507 852 640 880 αυτων,
666 839 896 893 εκατέρωθεν
912 841 1038 883 μέντοι
1059 841 1121 882 τῆς
1136 839 1363 883 ἑπαυξὴσεως

287 887 347 918 καὶ
371 896 468 918 ουτω
490 886 677 930 γινομένης
699 886 758 917 καὶ
781 897 823 918 το
834 885 924 938 Χἶσον
940 885 1094 938 ἐχουσης,
1119 885 1178 919 ἰ’να
1201 885 1269 928 τὴν
1289 883 1362 919 ἰσό-
1378 889 1417 921 15
1430 895 1560 920 vemus.

288 942 379 971 τητα
411 928 635 975 φυλάξωμεν.
682 932 771 964 ποία
800 942 870 975 γαρ
900 943 945 962 αν
975 930 1028 972 εἰη
1052 931 1270 975 περιγραφῆς
1295 926 1363 964 ὑπ-

289 977 387 1019 οψία,
409 975 473 1008 τοῦ
498 962 628 1027 ἀνδρὸς
650 971 858 1008 ὑπευθύνου
878 972 1015 1029 ,μηδενὶ
1038 974 1271 1010 καθεστῶτος
1303 978 1363 1009 καὶ

290 1017 349 1053 διὰ
370 1020 478 1053 τοῦτο
509 1033 585 1053 των
615 1018 845 1062 ἐπαυξὴσεων
869 1019 1109 1065 απραγμόνως
1140 1023 1364 1066 γινομένωνς

1342 143 1429 191 472

1786 162 1793 181 5
1818 174 1821 175 ⁷
1850 159 1910 190 DE
1938 158 2252 197 AEQUALITATE
2279 157 2410 190 Doris
2437 157 2496 188 m·

1428 254 1558 291 bilibus
1587 255 1700 291 faciat
1728 263 1972 303 augmentum3
2006 257 2105 294 nulla
2136 257 2230 293 enim
2262 257 2347 292 hinc
2381 257 2496 293 oritur
2530 262 2532 264 '

1428 300 1549 336 laesio.
1597 300 1637 335 Si
1666 302 1786 336 autem
1815 301 1942 338 mulier
1970 302 2191 339 inmobilium
2221 302 2355 337 habens
2379 311 2495 337 rerum

1429 345 1666 380 substantiam
1693 345 1731 380 in
1753 345 1861 381 rebus
1883 346 2070 383 mobilibus
2101 347 2235 383 scribat
2257 350 2494 390 augmentum,

1429 389 1520 425 sciat
1542 389 1762 442 privilegium
1786 399 1856 425 non
1878 390 2080 428 habituram
2103 392 2172 428 nisi
2194 392 2230 428 in
2251 391 2398 436 antiqua
2419 392 2496 427 sola

1396 439 1414 470 5
1429 434 1529 477 dote,
1566 445 1638 470 non
1672 445 1710 469 111
1744 433 1896 478 figurato
1929 435 2101 473 existente
2135 442 2333 483 augmento.
2383 436 2495 490 ‘Quod

1428 479 1520 515 enim
1549 478 1595 514 ab
1624 478 1724 514 initio
1756 479 1890 515 factum
1920 485 1993 524 est,
2023 481 2060 517 in
2081 485 2158 518 toto
2189 482 2265 518 sine
2294 482 2496 527 susp1cione

1430 528 1500 568 est;
1527 524 1620 568 quod
1643 528 1762 559 autem
1785 528 1910 569 postea
1931 525 2168 562 machinatum
2186 531 2252 569 est,
2275 532 2399 563 contra
2419 537 2494 561 cre-

1429 568 1560 604 ditores
1594 570 1661 605 hoc
1689 569 1767 614 ipso
1799 569 1992 606 introducit
2021 571 2301 615 meditationem,
2338 577 2374 607 et
2404 571 2495 607 laedi

1428 614 1587 650 homines
1610 625 1654 649 ex
1678 613 1761 649 dato
1785 624 1808 649 a
1830 614 1933 650 nobis
1954 614 2094 651 dotibus
2115 617 2296 695 privilegio
2317 617 2414 652 nullo
2435 627 2495 651 vo-

2140 661 2271 697 ebitum
2296 666 2421 698 contra
2445 661 2495 696 vi-

1429 715 1507 740 rum
1530 704 1642 739 ullum
1666 714 1779 748 neque
1802 704 1957 748 suspicio
1982 707 2107 740 contra
2130 706 2321 743 creditores
2345 707 2495 742 circum-

1429 749 1612 789 ventionis,
1632 753 1718 784 tunc
1735 753 1772 783 et
1786 749 1823 784 in
1838 749 1997 794 pecuniis
2022 754 2058 784 et
2080 754 2120 785 ut
2134 750 2256 786 volunt
2271 756 2496 796 augmentum

1429 794 1492 829 fiat
1515 795 1560 830 ab
1585 794 1651 836 eis,
1683 794 1859 838 utrimque
1882 798 2000 830 tamen
2024 798 2210 839 augmento
2242 797 2346 832 etiam
2370 797 2422 832 sic
2445 797 2496 831 fa-

1431 839 1555 875 ciendo
1586 842 1621 874 et
1651 839 1900 883 aequalitatem
1924 839 2091 882 habente,
2124 843 2166 875 ut
2188 841 2399 885 aequitatem
2423 851 2496 877 ser-

1599 884 1698 927 Quae
1714 884 1806 918 enim
1826 885 1894 919 erit
1910 885 2219 920 circumventionis
2236 886 2401 930 suspicio,
2422 886 2496 922 viro

1431 929 1583 973 obligato
1608 929 1694 963 nulli
1718 929 1890 965 existente
1921 933 1957 965 et
1986 932 2176 975 propterea
2194 931 2392 975 augmentis
2423 931 2498 966 sinc

1431 974 1720 1019 tergiversatione
1743 974 1873 1010 factis?

1275 1132 1430 1169 CAPUT
1454 1132 1518 1168 111.

363 1198 505 1233 Τούτοις
529 1195 735 1232 ἀκόλουθόν
757 1199 835 1232 ἐστι
865 1196 1005 1234 κάκεῖνο
1037 1198 1271 1246 διορίσασθαι
1303 1202 1363 1235 ἐπὶ

1489 1199 1552 1235 His
1577 1210 1797 1245 consequens
1821 1203 1876 1235 est
1907 1204 1942 1235 et
1968 1200 2054 1235 illud
2081 1200 2270 1236 decernere
2299 1201 2336 1236 in
2360 1201 2501 1237 casibus

290 1244 427 1288 θέμασι
450 1243 623 1277 τοιούτοις
647 1240 930 1297 άμφιςβητηθεέν,
977 1245 1081 1289 ἴσμεν
1103 1248 1163 1279 καὶ
1186 1247 1263 1279 τῶν
1280 1259 1363 1290 πρε·
1377 1247 1419 1279 20
1432 1244 1635 1280 huiusmodi
1655 1245 1867 1280 dubitatum.
1915 1245 2085 1281 Novimus
2102 1249 2137 1281 et
2152 1246 2409 1298 antiquioribus
2426 1256 2501 1281 cre-

290 1291 476 1334 σβυτέρων
511 1287 713 1323 δανειστων
747 1300 848 1323 τινας
885 1289 1076 1333 υποθήκας
1111 1291 1364 1337 περιγίνεσθαι

290 1336 465 1379 νεωτέρας
487 1332 596 1368 οὔσας
619 1335 657 1366 ἐκ
675 1338 885 1379 προνομίων
908 1331 980 1369 ὑπὸ
999 1336 1076 1369 τῶν
1090 1332 1217 1378 νόμων
1242 1333 1365 1370 αὐταῖς

291 1377 505 1423 δεδομένων,
527 1378 603 1412 οἷον
618 1375 732 1413 ὁπότε
747 1390 800 1413 τις
815 1380 955 1414 οἰκείοις
968 1381 1124 1425 χρήμασι
1141 1380 1363 1426 παρασκευά-

290 1437 362 1458 σειε
384 1425 477 1478 ναῦν
493 1422 515 1467 ἢ
530 1422 726 1477 ὠνηθῆναι
748 1423 772 1467 ἢ
792 1425 1133 1480 κατασκευασθῆναι
1156 1423 1178 1468 ἢ
1199 1425 1363 1467 ἐπιμελη-

1433 1290 1607 1325 ditoribus
1639 1290 1777 1335 aliquas
1806 1290 2024 1335 hypothecas
2057 1301 2227 1336 praepom
2249 1291 2404 1326 1uni0res
2428 1291 2501 1326 exi-

1433 1340 1566 1370 stentes
1585 1346 1628 1370 cx
1647 1334 1837 1380 privilegiis
1853 1345 1876 1370 a
1890 1335 2026 1379 legibus
2042 1336 2147 1377 datis,
2168 1335 2272 1380 quale
2288 1340 2342 1371 est
2361 1336 2501 1381 quando

1432 1381 1559 1425 aliquis
1590 1381 1742 1425 propriis
1774 1379 1933 1424 pecuniis
1967 1381 2214 1425 procuraverit
2248 1390 2373 1416 navem
2408 1392 2501 1416 com-

1432 1436 1560 1470 parare
1583 1430 1646 1460 aut
1665 1425 1842 1460 fabricare
1863 1430 1926 1460 aut
1944 1435 2112 1471 reparare
2137 1429 2200 1460 aut
2219 1426 2359 1461 domum
2380 1426 2500 1461 forsan

290 1470 424 1512 θῆναι,
453 1483 475 1512 η
499 1469 616 1503 οἰκίαν
639 1483 748 1512 τυχον
772 1467 1074 1514 οἰκοδομηθῆναι,
1103 1484 1124 1513 η
1147 1467 1260 1516 ἀγρὸν
1283 1470 1305 1513 ἦ
1330 1483 1366 1504 τι
1378 1473 1419 1505 25
1432 1471 1620 1506 aedificare
1648 1476 1713 1505 aut
1745 1470 1852 1505 etiam
1875 1470 1941 1505 emi
1963 1481 2085 1515 agrum
2117 1475 2180 1506 aut
2202 1470 2335 1516 aliquid
2358 1470 2501 1506 horum:

290 1517 367 1548 τῶν
401 1512 539 1548 ἄλλων·
578 1516 638 1569 ἐπὶ
673 1514 742 1561 γὰρ
775 1513 916 1549 τούτων
951 1513 1129 1550 ἁπάντων
1158 1513 1366 1570 κυριῗιότεροι
1431 1516 1469 1550 111
1504 1515 1557 1551 his
1596 1515 1689 1551 enim
1724 1515 1885 1550 omnibus
1920 1516 2055 1560 priores
2091 1515 2250 1551 existunt
2290 1516 2503 1561 posteriores

290 1559 560 1602 καθεστήκασιν
593 1572 627 1593 οι
659 1563 952 1604 μεταγενέστεροι
983 1558 1180 1603 δανεισταί,
1216 1574 1270 1594 ων
1293 1564 1365 1594 τοῖς

289 1603 466 1650 χρήμασιν
479 1602 616 1647 ἐκτήθη
629 1602 652 1647 ἢ
665 1601 855 1647 ἀνενεώθη
871 1605 916 1638 τὰ
930 1604 1135 1652 πράγματα,
1151 1606 1229 1639 τῶν
1241 1604 1363 1648 πολλῷ

290 1652 555 1704 πρεσβυτέρων.
597 1648 758 1704 έζητήθη
782 1654 915 1703 τοίνυν,
940 1653 971 1685 εἰ
994 1650 1083 1696 γυνὴ
1094 1654 1363 1705 κπρρτεινομένη

1432 1561 1638 1603 creditores,
1674 1571 1823 1605 quorum
1846 1561 2004 1605 pecuniis
2027 1565 2145 1605 empta
2168 1565 2232 1595 aut
2253 1564 2423 1597 renovata
2446 1571 2503 1596 res

1431 1609 1502 1647 est,
1534 1606 1588 1640 his
1613 1605 1672 1651 qui
1697 1606 1802 1640 etiam
1826 1606 1974 1640 multum
2004 1606 2222 1650 antiquiores
2246 1610 2339 1642 sunt.
2387 1606 2503 1650 Quae-

1432 1651 1539 1686 situm
1555 1655 1612 1686 est
1629 1651 1748 1693 igitur,
1767 1651 1893 1685 mulier
1910 1651 2146 1695 praetendens
2162 1650 2381 1696 privilegium
2397 1662 2503 1697 super

289 1708 333 1729 το
351 1707 553 1740 προνομιον
575 1708 616 1750 'tq
640 1696 700 1730 ἐπὶ
723 1695 786 1749 τῆς
800 1700 956 1750 ἡαρῑμιιιόιβ
978 1707 1168 1750 προικοςὶη
1185 1696 1246 1739 τῆς
1262 1707 1363 1750 προς·
1377 1699 1418 1731 30
1431 1697 1611 1741 antiquam
1636 1697 1752 1731 dotem
1775 1699 1810 1731 et
1832 1700 2073 1740 augmentum,
2105 1697 2143 1731 in
2167 1707 2236 1742 quo
2260 1701 2298 1731 et
2320 1697 2403 1732 huic
2427 1707 2501 1732 ser-

292 1740 471 1782 αυξὴσεως
502 1741 554 1782 (ἐν
583 1753 613 1782 ῳ
644 1742 704 1774 καὶ
727 1753 817 1786 αυτῃ
849 1747 1066 1786 φυλάττεται
1096 1754 1139 1774 το
1164 1754 1365 1784 προνομιον

291 1783 463 1830 καθάπερ
482 1784 692 1830 ὲμπροσθεν
714 1784 863 1829 εἴρηται)
888 1785 966 1820 εἶτα
985 1787 1061 1820 τῶν
1077 1789 1266 1831 προτέρων
1281 1786 1363 1830 βού-

291 1829 388 1864 λοιτο
412 1833 555 1875 κρατεῖν
579 1827 790 1866 δανειστῶν,
815 1828 924 1864 ἔλθοι
955 1828 995 1864 δὲ
1025 1834 1084 1864 καὶ
1108 1833 1224 1876 ἕτερος
1247 1829 1361 1865 δανει-

291 1874 394 1919 στής,
428 1878 721 1921 μεταγενέστερος
749 1877 816 1918 μὲν
840 1876 1111 1919 προτεινόμενος
1147 1874 1187 1910 δὲ
1215 1875 1258 1910 τὸ
1290 1878 1362 1910 τοῖς

1433 1745 1536 1776 vatur
1558 1741 1787 1786 privilegium,
1812 1741 1918 1776 sicuti
1940 1741 2159 1785 praedictum
2183 1745 2248 1782 est,
2273 1741 2303 1777 si
2323 1741 2503 1786 prioribus

1432 1787 1583 1822 voluerit
1605 1786 1778 1831 praeponi
1803 1785 2048 1828 creditoribus,
2071 1787 2191 1821 veniat
2213 1789 2333 1822 autem
2356 1791 2392 1821 et
2413 1786 2504 1822 alter

1433 1831 1597 1874 creditor,
1633 1831 1810 1876 posterior
1846 1830 1985 1874 quidem
2021 1831 2254 1876 praetendens
2289 1834 2408 1867 autem
2442 1842 2503 1877 pe—

359 1979 385 1999 c.
411 1967 474 1999 III
495 1967 640 2000 26-28
666 1966 725 1999 ἐπὶ
748 1964 817 2010 γὰρ
841 1966 917 1999 τῶν
941 1964 1118 1999 τοιούτων
1141 1962 1318 2000 ἁπάντων
1341 1985 1386 1991 —-
1407 1966 1485 1999 τῶν
1507 1964 1630 2008 πολλῷ
1655 1968 1907 2011 πρεσβυτέρων
1935 1974 1965 2000 et
1994 1967 2071 2006 473,
2085 1974 2169 2000 9—11-
2192 1964 2306 1999 πολλὰ
2329 1965 2398 2012 γὰρ
2421 1969 2502 2010 βου-

292 2009 498 2055 λευσάμενοι
513 2030 551 2035 —
566 2013 751 2054 προνομίῳ
774 2023 812 2044 ex
828 2011 862 2044 Β
879 2013 958 2045 citat
971 2012 1004 2044 T
1001 2020 1144 2045 ructatus
1160 2013 1200 2045 de
1217 2013 1347 2046 creditis
1366 2011 1388 2055 ἓ
1401 2013 1420 2045 3
1441 2012 1604 2052 (Heidetb.
1617 2012 1821 2045 Jahrbitclzer
1836 2014 1932 2054 1841,
1944 2013 1964 2045 2
1980 2024 2014 2055 p.
2026 2012 2103 2053 545)
2120 2027 2165 2041 ·-·—-
2184 2011 2363 2045 Prochiron
2379 2019 2502 2045 auctum

290 2058 437 2100 par-aliti.
463 2058 506 2090 24
528 2069 562 2099 p.
577 2057 641 2090 423
665 2056 767 2088 Zach.
792 2074 838 2079 —
861 2057 1022 2089 Summam
1047 2058 1123 2089 Atlz.
1146 2064 1292 2099 repetunt
1311 2058 1474 2100 paratitla
1498 2058 1543 2089 ad
1564 2057 1638 2089 Atlt.
1665 2058 1706 2090 15
1731 2056 1753 2099 ξ
1768 2063 1811 2090 16.

291 2156 406 2192 neque
427 2146 520 2181 enim
543 2144 656 2180 ullum
678 2143 763 2180 inde
785 2144 953 2179 damnum
978 2144 1103 2178 oritur.

1150 2143 1287 2187 Quodsi
1310 2144 1437 2179 mulier
1461 2145 1555 2180 bona
1579 2143 1772 2179 immobilia
1803 2154 1877 2179 uon
1900 2143 2033 2179 babens
2064 2144 2101 2178 in
2124 2143 2311 2179 mobilibus
2333 2155 2502 2190 auqmen-

293 2196 366 2227 tum
386 2191 583 2236 scripserit,
614 2190 708 2224 sciat
729 2200 767 2224 se
788 2189 1016 2236 privileqium
1040 2200 1114 2224 non
1138 2201 1214 2225 esse
1238 2189 1441 2225 babituram
1471 2190 1545 2224 nisi
1572 2189 1610 2223 in
1633 2189 1711 2224 sola
1733 2189 1890 2234 pristina
1910 2188 2004 2230 dote,
2037 2198 2101 2224 uec
2133 2199 2216 2224 vero
2245 2189 2282 2223 in
2311 2195 2502 2235 auqmento

289 2237 392 2282 forte
414 2235 591 2270 simulato.
639 2233 744 2277 Quod
766 2234 858 2269 enim
883 2234 927 2268 ab
951 2234 1055 2269 initio
1078 2235 1219 2278 factum
1241 2240 1295 2270 est
1314 2234 1526 2280 plerumque
1547 2234 1752 2280 suspicione
1774 2237 1883 2275 caret,
1907 2233 2006 2279 quod
2027 2244 2111 2269 vero
2130 2239 2263 2279 postea
2283 2244 2352 2280 per
2368 2233 2503 2269 maelti-

291 2281 472 2316 nationem
496 2280 664 2321 adicitur,
695 2279 847 2314 insidias
870 2279 1107 2314 creditorlbus
1137 2280 1262 2325 factas
1292 2281 1388 2314 ultro
1413 2278 1577 2321 adducit,
1609 2289 1724 2324 ueqae
1745 2278 1820 2313 ullo
1850 2285 1961 2325 pacto
1985 2277 2145 2314 homines
2165 2278 2300 2313 iniuria
2324 2278 2430 2323 affici
2454 2290 2504 2315 ex

317 2325 481 2371 m'vileqio
506 2324 647 2361 dotibus
670 2336 693 2360 a
713 2323 816 2359 nobis
839 2324 924 2360 dato
945 2324 1116 2359 volumus.
1166 2324 1207 2359 Si
1224 2335 1307 2360 vero
1332 2324 1470 2359 nullum
1492 2325 1540 2359 sit
1562 2324 1717 2359 debitum
1741 2324 1812 2359 viri
1832 2334 1947 2369 neque
1965 2323 2121 2370 suspicio
2145 2322 2293 2367 fraudis
2315 2323 2504 2359 creditori-

284 2337 356 2407 {us
377 2372 513 2416 factae,
540 2374 612 2405 tum
636 2375 671 2405 et
694 2370 730 2405 iu
747 2369 908 2415 pecunia
932 2373 968 2404 et
987 2374 1100 2415 prout
1124 2370 1233 2405 velint
1255 2375 1448 2415 auqmeuta
1472 2368 1517 2404 ab
1540 2369 1586 2404 iis
1606 2369 1720 2413 fiant,·
1760 2368 1813 2403 ab-
1829 2373 1983 2413 utraque
2007 2373 2124 2403 tamen
2159 2373 2253 2403 mrte
2276 2373 2503 2414 aaqmentum

291 2418 343 2451 sic
366 2426 510 2461 quoque
530 2415 599 2459 fiat
628 2420 664 2450 et
684 2424 815 2461 parem
839 2414 1075 2459 quantitatem
1107 2414 1256 2458 babeat,
1287 2419 1329 2450 ut
1358 2415 1611 2460 aequalitatem
1641 2424 1830 2449 servemus,
1879 2411 1978 2455 Quae
2008 2413 2102 2448 enim
2152 2414 2244 2448 uerit
2273 2413 2423 2459 fraudis
2444 2424 2503 2449 su-

290 2461 418 2508 spicio,
442 2471 521 2495 cum
542 2460 693 2495 maritus
717 2460 848 2494 nemini
869 2459 1049 2505 obliqatus
1071 2460 1119 2495 sit
1142 2464 1177 2495 et
1196 2464 1394 2505 propterea
1418 2463 1610 2505 auqmeuta
1633 2459 1711 2494 siue
1734 2458 1887 2503 neqotiis
1906 2458 2025 2502 fiant?

424 2505 488 2541 III.
538 2505 606 2540 His
630 2515 852 2550 consequeus
874 2509 928 2539 est
950 2504 1042 2539 illud
1063 2515 1208 2550 quoque
1230 2504 1379 2549 definire
1410 2503 1454 2540 de
1477 2514 1549 2550 quo
1573 2504 1611 2538 in
1634 2503 1838 2538 huiusmodi
1862 2503 2004 2538 casibus
2030 2502 2230 2538 dubitatum
2252 2507 2314 2538 est.
2362 2501 2504 2538 Scimus

291 2553 399 2587 etiam
422 2550 688 2596 antiquioribus
709 2549 946 2584 creditoribus
975 2549 1150 2594 quasdam
1180 2549 1401 2596 hypothecas
1432 2549 1515 2585 licet
1545 2549 1767 2594 posteriores
1796 2559 1846 2583 ece
1870 2547 2075 2593 privileqiis
2106 2559 2128 2582 a
2159 2547 2295 2593 leqibus
2323 2547 2396 2583 iltis
2419 2559 2503 2583 con-

291 2597 400 2632 cessis
421 2596 624 2642 praeferri,
656 2595 766 2630 veluti
794 2605 873 2629 cum
904 2595 984 2640 quis
1006 2605 1074 2629 sua
1095 2595 1251 2640 pecunia
1275 2605 1400 2630 navem
1425 2595 1605 2630 curaverit
1635 2593 1691 2630 vel
1711 2593 1894 2628 emendam
1918 2592 1973 2628 vel
1996 2591 2235 2628 extruendam
2265 2592 2322 2628 vel
2344 2593 2503 2637 reficien—

292 2642 394 2684 dam,
418 2641 474 2677 vet
495 2641 637 2675 domum
659 2640 759 2685 forte
782 2639 1061 2684 aedificandam,
1093 2640 1148 2675 vel
1170 2651 1297 2685 aqrum
1321 2638 1629 2686 (comparandum)
1659 2638 1716 2674 vel
1736 2637 1825 2683 quid
1847 2637 1963 2672 aliud:
1997 2637 2034 2671 in
2059 2636 2231 2672 bis-euim
2255 2637 2417 2673 omnibus
2433 2648 2504 2685 po-

291 2687 461 2722 steriores
484 2685 692 2727 creditores,
717 2695 868 2730 quorum
886 2685 1054 2731 pecuniis
1077 2696 1135 2720 res
1159 2690 1391 2731 comparatae
1420 2684 1476 2720 vel
1497 2688 1691 2720 renovatae
1712 2689 1806 2724 sunt,
1825 2683 1993 2729 potiores
2023 2687 2107 2717 sunt
2135 2682 2180 2716 iis
2200 2682 2263 2728 qui
2286 2683 2396 2718 multo
2420 2687 2504 2718 sunt

292 2731 524 2777 antiquiores.
571 2729 777 2773 Quaesitum
801 2730 915 2775 iqitur
936 2735 1000 2771 est,
1024 2730 1057 2764 si
1080 2730 1207 2765 mulier
1227 2729 1447 2776 praetendat
1464 2729 1696 2776 pn'vtteqium
1720 2728 1891 2773 antiquae
1914 2726 2010 2762 dotis
2033 2727 2088 2762 vel
2111 2728 2295 2772 auqmenti
2315 2729 2505 2773 (quatenus

293 2776 376 2812 huic
406 2787 549 2822 quoque
578 2780 744 2811 servatur
771 2774 1012 2821 privileqiurn,
1043 2775 1137 2810 sicut
1165 2775 1270 2810 modo
1302 2774 1435 2810 dictum
1465 2778 1530 2818 est)
1558 2774 1680 2820 itaque
1703 2772 1893 2819 prioribus
1923 2771 2161 2807 creditoribus
2188 2777 2378 2818 praestare
2409 2772 2503 2815 velit,

292 2822 412 2858 veniat
434 2829 553 2856 autem
575 2820 669 2856 alius
692 2830 835 2865 quoque
858 2819 1025 2857 creditor.
1059 2820 1123 2865 qui
1152 2819 1219 2855 etsi
1242 2819 1427 2866 posterior
1454 2820 1520 2862 sit,
1547 2818 1765 2866 praetendat
1786 2817 1945 2864 pecunia
1972 2827 2040 2851 sua
2063 2821 2218 2862 emptam
2249 2816 2305 2852 vel
2330 2821 2502 2863 paratam

351 2916 366 2947 1
394 2907 478 2945 οὐδὲ
501 2911 550 2944 B⁸
561 2923 590 2943 υ.
603 2911 622 2943 ί.
651 2909 663 2947 ΙΙ
692 2911 711 2943 2
735 2906 854 2953 βλάβη
880 2914 919 2951 (v.
947 2911 966 2942 l.
991 2907 1139 2953 βλάβης)
1164 2910 1212 2942 Β*
1237 2909 1249 2953 11
1278 2909 1320 2950 εἰ]
1344 2906 1365 2952 ἡ

295 2958 341 2992 131
357 2953 409 3001 1Ιῆ
434 2970 491 2990 om.
507 2956 556 2989 Β*
579 2954 590 2998 11
613 2950 677 2988 οὐκ
702 2967 759 2987 om.
774 2968 792 2990 ς
810 2956 822 2998 ΙΙ
846 2957 866 2988 4
890 2955 951 2988 ἐπὶ
973 2954 1036 2997 τῆς
1059 2951 1270 2999 έπάρχαίας
1295 2955 1336 2987 Μ
1356 2953 1368 2998 ΙΙ
1434 2956 1519 2999 vulq.
1537 2956 1548 2997 11
1569 2955 1588 2988 2
1613 2955 1665 2987 sin
1687 2955 1718 2987 R
1733 2954 1745 2994 11
1763 2953 1873 2986 rerum
1897 2951 2019 2984 habens
2042 2952 2080 2992 Τ,
2106 2953 2164 2994 leq.
2185 2950 2286 2996 (non)
2310 2951 2433 2984 habens
2453 2961 2503 2983 re—

295 3007 314 3038 5
332 3004 391 3037 ἐπὶ
407 3004 479 3035 τοῖς
497 3001 810 3044 έσχηματισμένοις
824 2999 873 3033 L¹
889 3000 900 3043 11
918 2999 1015 3041 ἴσως]
1041 3000 1202 3033 existente
1219 3000 1254 3041 (i.
1269 3013 1294 3033 e.
1310 2996 1366 3031 οὗ·
1435 3001 1534 3034 rum?
1553 2999 1565 3044 11
1586 3001 1606 3033 4
1623 2999 1690 3032 sole
1709 2998 1759 3031 T²
1775 2998 1788 3042 11
1807 3000 1826 3032 5
1847 2998 1883 3030 111
1900 2996 1987 3030 RT²
2001 2997 2100 3038 vala]
2125 3009 2182 3029 om.
2205 2996 2284 3029 VT¹
2309 2996 2321 3039 11
2347 2998 2365 3029 ’7
2391 2999 2505 3028 contra

294 3048 392 3091 σηςῗ)
409 3060 428 3083 ς
446 3047 458 3091 11
474 3045 576 3092 6,γάρ
593 3058 650 3078 οηι.
663 3045 710 3078 B1
726 3045 739 3088 11
755 3043 946 3091 γινόμενον
959 3045 1006 3078 Bt
1022 3045 1035 3089 11
1055 3047 1072 3078 7
1087 3040 1367 3088 προςεπιτεχνώ-
1435 3059 1492 3078 om.
1507 3046 1556 3078 R¹
1586 3044 1597 3089 11
1626 3045 1645 3079 8
1669 3043 1860 3076 introducat
1886 3042 1936 3075 T¹
1962 3042 1975 3084 11
2002 3043 2022 3076 9
2047 3041 2191 3082 dotibus]
2224 3041 2259 3074 in
2284 3041 2417 3074 dotibus
2442 3042 2475 3074 T
2493 3040 2505 3084 11

293 3105 403 3138 μενον
417 3093 496 3132 LB]
521 3089 807 3134 ἐπιτεχνώμενον
820 3091 863 3123 Μ
881 3090 1104 3123 machinatum
1122 3102 1140 3126 ς
1165 3091 1177 3132 ΙΙ
1201 3091 1221 3124 9
1245 3090 1284 3122 ἐκ
1308 3103 1365 3122 om.
1439 3093 1473 3125 11
1503 3090 1598 3123 illum
1619 3090 1653 3122 R
1668 3088 1680 3133 11
1708 3089 1748 3123 12
1771 3087 1918 3121 uoluerit
1937 3086 1989 3120 T¹
2006 3086 2019 3131 11
2034 3090 2245 3128 augmentum
2263 3088 2333 3127 cet]
2358 3088 2503 3118 mentum

1483 2913 1496 2944 1
1519 2909 1645 2943 nullam
1663 2909 1694 2941 R
1714 2883 1856 2942 nunissV
1867 2908 1879 2949 11
1895 2906 1950 2939 hic
1965 2907 1997 2940 T
2004 2908 2013 2927 ¹
2030 2907 2042 2949 11
2060 2882 2168 2939 oritur
2189 2881 2280 2947 Vim]
2302 2906 2429 2939 orietur
2441 2882 2509 2939 Ri‘

295 3140 344 3173 B⁸
359 3152 388 3172 v.
403 3138 423 3170 l.
441 3138 454 3181 11
471 3133 659 3179 διδομένου
673 3136 714 3178 L,
735 3148 764 3169 υ.
779 3136 798 3168 l.
809 3135 858 3179 Β*
886 3131 1134 3179 δεδωρημένου
1149 3135 1195 3168 Bl
1216 3133 1228 3179 11
1254 3135 1292 3168 12
1305 3134 1367 3175 τῆς

296 3184 428 3224 ΒΔ(ς)]
452 3184 505 3215 τίς
530 3182 572 3214 Μ
592 3179 700 3222 (τινὸς
723 3181 804 3214 coni.
818 3180 1017 3221 Zachariae)
1033 3185 1044 3222 11
1067 3183 1105 3214 13
1130 3177 1189 3221 αἱς]
1213 3177 1263 3212 οἷς
1289 3179 1338 3212 Β*
1356 3177 1368 3222 11

294 3227 341 3262 τὰ
358 3226 435 3262 τῶν
451 3224 695 3268 ἐπαυξήσεων]
719 3229 931 3266 augmentum
949 3238 968 3261 ς
985 3226 998 3268 11
1013 3224 1176 3270 γινέσθω
1190 3222 1367 3270 (γενέσθω

296 3273 412 3315 L²Br)
437 3272 507 3306 LB
531 3272 543 3314 ΙΙ
568 3273 610 3306 14
631 3272 818 3316 γινομένης
841 3271 902 3312 τῆς
926 3269 1150 3312 ἐπαυξήσεως
1172 3271 1232 3303 καὶ
1254 3263 1368 3302 οὕτως

297 3318 344 3352 Βι
359 3319 371 3361 11
392 3320 432 3353 15
453 3318 512 3350 καὶ
536 3316 637 3357 LBs]
661 3329 718 3349 om.
734 3317 779 3348 M
788 3315 800 3359 11
823 3317 1011 3361 γενομένης
1037 3317 1084 3348 [3⁸
1096 3329 1124 3349 υ.
1140 3316 1160 3348 l.
1178 3316 1190 3359 11
1217 3316 1257 3350 16
1281 3316 1368 3347 ποία

298 3382 339 3387 --
358 3366 395 3397 17
411 3358 542 3406 ἀνδρὸς
557 3374 616 3395 om.
632 3362 663 3394 L
682 3360 694 3404 11
710 3360 762 3403 εἴη
778 3360 838 3401 τῆς
861 3360 1080 3406 περιγραφῆς
1103 3373 1171 3394 cum
1185 3360 1366 3403 Scrimyero

297 3409 475 3452 vulq.(B!)
500 3408 572 3450 1121
599 3404 868 3451 παραγίνεσθαι
894 3407 943 3438 La
965 3406 977 3449 11
1009 3408 1050 3440 22
1077 3401 1199 3439 αὐταῖς
1223 3417 1280 3438 om.
1307 3415 1326 3439 ς
1355 3402 1368 3447 ΙΙ

299 3454 340 3486 23
365 3450 566 3496 διδομένων
589 3450 635 3484 B1
651 3451 664 3494 11
688 3453 752 3492 τις]
775 3452 848 3483 τοῖς
872 3451 932 3495 1411
949 3450 1114 3494 χρήμασι]
1139 3449 1301 3503 χρήμασιΊ
1315 3450 1368 3481 τίς

300 3498 330 3530 L
349 3499 360 3538 ΙΙ
376 3494 656 3545 παρασκευάσειε
673 3496 773 3535 1]le
797 3495 1069 3529 κατασκευάσειε
1083 3496 1128 3529 M
1138 3497 1150 3539 11
1169 3497 1211 3529 24
1234 3491 1256 3537 ἢ
1276 3505 1367 3536 amr]-

300 3541 426 3584 θῆναι]
456 3540 478 3583 ἢ
506 3556 565 3575 om.
589 3553 608 3577 ς’
634 3541 647 3585 11
677 3542 719 3575 25
743 3537 764 3582 ἢ
788 3536 900 3586 ἀγρὸν
924 3541 1057 3582 MLBl]
1092 3544 1151 3574 aut
1176 3540 1275 3573 etiam
1305 3538 1368 3571 emi

300 3582 1369 3674 {exstitissesfassfftzzz-mz'ss22²:22¹*

303 3686 321 3709 ς
333 3675 387 3717 (cf.
402 3677 445 3707 ‹ul
458 3677 512 3716 32)
528 3675 540 3717 11
559 3677 600 3709 30
620 3674 663 3709 τὸ
676 3676 737 3709 ἐπὶ
749 3694 792 3700 -
803 3676 843 3709 31
859 3675 1054 3720 προνόμιον
1067 3688 1125 3709 om.
1142 3676 1170 3709 L
1185 3675 1198 3719 ss
1216 3641 1367 3718 32ηείρηί

302 3731 363 3751 ται
386 3719 595 3765 ἔμπροσθεν
616 3720 662 3752 B‘
676 3723 689 3763 11
706 3719 794 3760 εἶτα]
818 3721 846 3752 si
866 3732 886 3757 ς

1435 3156 1476 3160 -
1490 3138 1531 3170 16
1543 3134 1631 3167 1111111
1647 3135 1707 3178 exi}
1722 3146 1783 3166 scr.
1794 3132 1843 3165 13²
1856 3134 1887 3165 in
1901 3145 1966 3165 ras.
1978 3133 1998 3166 2
2010 3144 2060 3164 vv.
2072 3132 2083 3174 11
2099 3133 2138 3165 13
2153 3130 2287 3173 utrique
2304 3130 2351 3165 T¹
2365 3133 2504 3172 utroque

1437 3181 1511 3222 R(²)
1530 3180 1542 3224 11
1557 3183 1730 3212 aucmento
1743 3179 1775 3211 R
1790 3178 1802 3221 11
1829 3178 1928 3210 etiam
1940 3177 2027 3218 RV]
2052 3189 2110 3210 om.
2127 3177 2253 3219 Tvulq.
2279 3175 2292 3219 11
2312 3178 2351 3210 15
2365 3175 2503 3208 circum·

1436 3225 1586 3259 uentioni
1611 3225 1660 3258 V¹
1677 3224 1690 3267 11
1723 3225 1760 3257 16
1784 3222 1879 3255 1111110
1901 3222 2012 3256 V¹T¹
2037 3221 2048 3265 11
2075 3221 2227 3254 existenti
2252 3222 2330 3254 libri
2351 3221 2363 3263 11
2389 3224 2421 3253 et
2443 3232 2500 3252 om.

1436 3272 1468 3304 R
1483 3271 1495 3313 11
1516 3273 1554 3305 17
1573 3269 1675 3311 tergis
1695 3267 1880 3301 uersatione
1901 3268 1932 3300 T
1939 3267 1948 3287 ¹
1965 3267 1976 3309 11
1995 3267 2080 3299 fact·
2104 3267 2151 3299 V¹
2169 3266 2181 3309 11
2209 3267 2250 3301 19
2262 3268 2348 3299 rubr.
2366 3264 2416 3297 De
2433 3263 2501 3306 pri—

1435 3315 1560 3358 uilegio
1584 3315 1670 3347 dotis
1697 3314 1763 3347 RT
1775 3315 1807 3346 in
1829 3326 1926 3356 mai-9⁴
1954 3313 2006 3354 (ez-
2022 3311 2100 3353 Iul.)
2119 3310 2131 3355 11
2155 3310 2204 3343 eis
2232 3310 2283 3344 V¹
2304 3311 2318 3351 11
2341 3308 2390 3349 in]
2402 3308 2502 3359 ‘quod

1436 3362 1470 3393 in
1496 3361 1586 3394 R²T
1606 3360 1619 3403 11
1644 3360 1683 3393 21
1703 3358 1832 3400 aliquas
1848 3370 1905 3391 om.
1924 3357 1957 3390 V
1974 3360 2007 3389 et
2020 3356 2149 3398 aliquas
2167 3355 2212 3389 T¹
2236 3354 2249 3399 11
2273 3362 2430 3397 praeponi
2452 3352 2502 3385 V³

1435 3408 1533 3450 υιιΙφ]
1557 3414 1758 3448 praeponere
1776 3403 1907 3436 RV¹T
1927 3402 1939 3445 11
1964 3401 2107 3434 minores
2123 3401 2170 3434 R·
2225 3400 2268 3434 22
2283 3397 2414 3440 quando
2438 3397 2498 3429 ali-

1435 3451 1510 3492 quis
1534 3450 1631 3492 quale
1656 3452 1705 3482 est
1725 3449 1773 3482 V¹
1791 3447 1803 3491 11
1820 3449 1861 3481 23
1878 3447 2133 3489 procurauerint
2147 3446 2180 3479 R
2230 3444 2273 3477 24
2288 3441 2410 3475 donum
2435 3442 2468 3474 R
2491 3441 2502 3485 11

1408 3510 1425 3524 0
1436 3497 1476 3528 25
1491 3497 1600 3536 etiam]
1621 3498 1654 3527 et
1670 3494 1718 3527 R¹
1735 3493 1748 3537 11
1765 3495 1806 3527 27
1819 3494 1890 3533 aut]
1912 3495 2022 3525 autem
2043 3491 2095 3525 V⁰
2109 3490 2132 3575 11)
2140 3490 2182 3524 28
2202 3486 2343 3520 multum
2366 3499 2424 3520 om.
2443 3486 2477 3519 V
2491 3487 2503 3530 11

1435 3542 1477 3575 29
1494 3552 1593 3584 super
1607 3540 1777 3581 antiquam
1793 3530 2049 3580 (superatiquam
2071 3535 2103 3568 V
2154 3533 2263 3566 dotem
2285 3531 2379 3571 Vol-1
2403 3542 2500 3573 super

1433 3586 1572 3627 antiqua
1590 3585 1665 3618 dote
1678 3584 1746 3618 RT
1754 3584 1838 3627 vuly.
1863 3583 1868 3626 1
1886 3584 1928 3616 30
1944 3585 1977 3613 et
1991 3593 2049 3614 om.
2063 3578 2155 3612 R¹T¹
2170 3576 2185 3620 11
2202 3579 2379 3618 augmento
2392 3577 2475 3620 vutq.
2489 3577 2500 3617 ΙΙ

1435 3630 1514 3662 *hio
1540 3632 1632 3671 libri,
1656 3630 1718 3662 hoo
1740 3629 1827 3671 vuly.
1861 3628 1867 3670 1
1889 3627 1932 3660 32
1955 3622 2123 3658 noluerint
2145 3620 2219 3654 RV
2239 3621 2251 3663 11
2276 3621 2317 3654 33
2343 3621 2499 3654 creditori

1437 3675 1483 3708 R¹
1499 3675 1512 3719 11
1530 3674 1703 3718 posterior]
1727 3675 1760 3706 et
1781 3671 1942 3715 posterior
1965 3669 1998 3702 V
