2618 4010
251 139 360 185 Nov.
388 140 506 184 XLII
525 154 587 196 pr.
620 141 639 182 1

252 248 488 285 ἅπελαθέντα
519 250 586 293 μὲν
619 249 684 284 τοῦ
716 249 778 292 τῆς
810 246 994 293 βασιλίδος
1029 245 1158 292 ταύτης
1188 246 1327 284 πόλεως

251 294 389 341 θρόνου
420 292 519 338 παρὰ
539 291 742 341 Ἀγαπητοῦ
773 295 838 329 τοῦ
866 295 927 338 τῆς
956 293 1055 328 ὁσίας
1079 296 1139 327 καὶ
1162 290 1327 339 ἀοιδίμου

249 338 388 384 μνήμης
419 336 593 386 προέδρου
622 338 810 386 γεγονότος
836 340 898 382 τῆς
930 337 1019 373 κατὰ
1043 337 1109 380 τὴν
1134 341 1326 383 πρεσβυτέ-

250 396 319 429 ραν
341 381 480 439 Ῥώμην
511 380 713 439 ἁγιωτάτης
739 382 939 438 ιξκκλησίας,
971 382 1030 435 οἷα
1047 384 1112 437 ’τῷ
1143 384 1235 417 κατὰ
1263 396 1327 438 μη-

1319 134 1404 185 264

1868 151 1931 184 DE
1958 150 2254 184 Dm’osmolm
2282 146 2476 183 amun

1395 249 1569 288 novimus,
1601 246 1788 293 expulsum
1810 249 1951 296 quidem
1982 249 2100 295 regiae
2129 249 2237 285 huius
2264 248 2364 284 urbis
2387 248 2472 286 sede

1396 294 1442 328 ab
1467 292 1620 337 Agapito
1652 294 1799 329 sanctae
1827 297 1866 330 et
1894 294 2074 331 canendae
2095 294 2286 331 memoriae
2309 294 2476 339 praesule

1397 339 1547 374 senioris
1572 337 1707 372 Romae
1739 338 1984 376 sanctissimae
2011 341 2195 383 ecclesiae,
2228 340 2354 384 utpote
2375 339 2473 374 nullo

1397 382 1501 418 modo
1536 382 1603 417 sibi
1640 384 1899 427 competentem
1933 387 2061 421 contra
2094 394 2217 421 omnes
2253 383 2474 419 venerabiles

251 430 337 463 δένα
360 441 499 481 τρόπον
523 442 624 472 ava-q)
648 440 861 474 προςηκοντι
884 441 983 473 παρα
1007 439 1144 462 nanae
1171 426 1252 462 τοὺς
1275 441 1327 462 ευ-
1365 431 1384 463 5
1400 437 1555 462 canones
1585 426 1808 462 invadentem
1840 428 1976 473 sedem,
2009 430 2185 465 communi
2215 439 2299 464 vero
2331 428 2474 463 decreto

250 476 345 520 αγεῖς
364 485 519 508 κανονας
539 471 851 517 ἐπειςπηδῆσαντα
873 472 1012 519 θρόνῳ,
1033 473 1134 519 κοινῇ
1153 470 1193 506 δὲ
1216 470 1328 518 ψήφῳ

251 519 315 552 τοῦ
339 531 380 552 τε
403 515 511 552 αὐτοῦ
543 519 606 561 τῆς
628 518 730 565 ἁγίας
749 515 886 563 μνήμης
917 515 1046 572 ᾆνδρὸς
1070 515 1247 563 πρότερον
1270 520 1330 551 καὶ

1399 476 1435 506 et
1453 471 1564 516 ipsius
1589 475 1736 506 sanctae
1758 472 1946 509 memoriae
1968 474 2034 509 viri
2051 475 2150 520 prius
2169 479 2206 510 et
2225 474 2284 509 hic
2302 473 2475 508 celebrati

1400 516 1495 552 sacri
1515 516 1656 551 concilii
1674 515 1945 553 condemnatum
1961 521 2068 564 atque
2084 519 2296 564 depositum,
2316 528 2359 553 eo
2378 517 2476 563 quod

248 562 321 607 μὴν
343 566 404 596 καὶ
426 566 486 606 τῆς
510 563 675 598 ἐνταῦθα
698 566 888 611 γενομένης
913 573 1006 609 ιερας
1037 559 1188 597 συνόδου
1221 575 1328 596 κατα·
1400 571 1423 596 a
1446 561 1554 596 rectis
1577 560 1760 596 recederet
1782 561 2005 606 dogmatibus
2028 567 2064 599 et
2082 574 2173 609 quae
2194 564 2355 610 primitus
2383 564 2474 597 mul-

250 605 508 652 δεδικασμέων
531 621 572 642 τε
601 611 661 642 καὶ
681 608 947 654 καθῃρημένον,
979 604 1074 640 διότι
1096 608 1176 641 τῶν
1198 604 1330 652 ὀρθῶν
1399 606 1568 651 tipliciter
1590 605 1777 641 videbatur
1800 607 1966 651 amplecti
1999 611 2126 653 postea
2149 608 2296 644 diversis
2320 608 2475 643 declina-

249 651 430 696 ἆπεφοίτα
465 650 659 700 δογμάτων
703 656 763 687 καὶ
798 652 848 686 οἷς
885 652 1062 698 πρότερον
1098 649 1330 694 πολλαχόθεν
1347 653 1386 686 10
1399 655 1455 686 ret
1478 661 1498 686 0
1526 650 1715 694 inionibus,
1746 651 1882 695 fingens
1906 652 2046 696 quidem
2068 657 2238 698 quattuor
2264 663 2303 689 se
2331 654 2476 688 sanctas

251 699 419 743 ἐφαίνετο
440 700 613 745 στέργων,
636 699 753 732 ταῦτα
771 694 921 742 ὕστερον
946 694 1129 743 διαφόροις
1149 693 1330 750 ἀπέφευγε
1400 706 1488 741 syno
1515 706 1555 731 os
1575 696 1675 740 sequi
1700 699 1750 738 (et
1765 698 2006 732 trecentorum
2026 697 2145 733 decem
2169 703 2206 734 et
2224 702 2306 733 octo
2332 701 2475 743 patrum

250 746 463 788 περινοίαις,
495 740 798 790 προςποιοὺμενος
820 743 889 786 μὲν
920 744 998 776 ταῖς
1021 745 1191 787 τέτρασιν
1214 746 1330 788 αγίαις
1399 741 1437 776 111
1461 741 1598 776 Nicaea
1628 745 1664 776 et
1693 740 1951 785 quinquaginta
1985 745 2021 776 et
2049 745 2191 778 centum
2220 743 2258 778 in
2287 743 2357 778 hac
2380 742 2477 778 felici

250 785 415 822 συνόδοις
434 785 647 822 ἀκολουθεῖν
671 789 730 834 (τῇ
753 800 793 821 τε
817 788 894 821 τῶν
918 790 1138 831 τριακοσίων
1162 784 1248 820 δέκα
1271 789 1331 819 καὶ
1399 786 1489 821 urbe
1511 790 1547 822 et
1569 787 1606 821 111
1632 786 1777 830 Epheso
1802 786 1902 831 prius
1927 796 2038 830 congr
2102 790 2220 823 iorum
2243 787 2475 823 ducentorum

249 830 349 867 ὀκτὼ
373 836 545 879 πατέρων
567 834 646 867 τῶν
667 835 707 866 ἐν
720 834 856 874 Νικαία
882 833 924 878 τῇ
950 844 989 865 τε
1009 832 1086 865 τῶν
1107 831 1331 874 πεντήκοντα
1400 836 1436 866 et
1464 831 1530 867 deo
1562 831 1768 866 amabilium
1801 834 1943 876 patrum
1969 831 2040 877 (in)
2092 831 2261 868 alcedone
2290 834 2477 868 sexcento-

249 880 310 911 καὶ
333 876 464 912 ἑκατὸν
494 879 572 912 τῶν
597 879 636 911 ἐν
660 876 774 925 ταύτῃ
797 878 841 924 τῇ
868 875 1054 919 εὐδαίμονι
1085 874 1188 912 πόλει
1213 877 1258 924 τῇ
1292 888 1332 910 τε
1349 880 1386 912 15
1400 887 1478 911 rum
1509 877 1679 920 triginta),
1714 886 1785 911 non
1816 880 1936 911 tamen
1967 876 2095 912 horum
2128 877 2291 921 dogmata
2325 887 2476 922 sequens

249 923 329 957 τῶν
358 924 398 956 έν
419 922 558 968 Ἐφέσῳ
590 921 632 956 τὸ
658 923 807 968 πρῶτον
839 922 1102 964 συναχθέντων
1135 919 1333 955 διακοσίων
1400 931 1516 966 neque
1557 925 1704 956 nostrae
1747 921 1956 956 clementiae
1998 921 2331 958 condescensionem
2370 932 2476 967 qnam

248 969 294 1014 τῇ
325 980 366 1001 τε
388 968 466 1001 τῶν
489 966 790 1013 θεοφιλεστάτων
822 969 993 1012 πατέρων
1024 967 1102 1000 τῶν
1125 968 1166 1000 έν
1191 966 1330 1008 Χαλκη-
1400 970 1547 1011 propter
1569 966 1648 1001 eius
1673 965 1823 1001 salutem
1846 966 2035 1002 habuimus
2060 966 2240 1011 suscipere
2263 967 2386 1003 volens
2409 976 2477 1002 nec

251 1010 330 1046 δόνι
358 1012 558 1052 ἑξακοσίων
581 1011 800 1057 τριάκοντα),
832 1008 872 1045 οὐ
896 1010 969 1055 μὴν
994 1014 1064 1045 τοῖς
1087 1010 1230 1045 τούτων
1252 1009 1330 1057 δόγ-
1400 1012 1568 1047 abdicare
1603 1015 1639 1047 et
1668 1011 1746 1056 ipse
1780 1011 1971 1055 impiorum
2006 1011 2208 1055 dogmatum
2267 1011 2422 1064 rincipes
2454 1021 2477 1046 a

249 1069 361 1101 μασιν
384 1055 670 1091 κατακολουθῶν
699 1054 783 1090 οὐδὲ
811 1056 878 1099 τὴν
908 1053 1085 1102 ἡμετέραν
1118 1055 1329 1102 φιλανθρω-
1400 1056 1580 1101 prioribus
1613 1056 1748 1092 sanctis
1780 1056 1949 1100 expulsos
1982 1057 2159 1098 conciliis,
2192 1065 2231 1091 se
2285 1060 2477 1092 aestimans

250 1106 341 1136 πίαν
363 1105 422 1134 καὶ
443 1100 510 1144 τὴν
529 1099 799 1148 συγκατάβασιν
817 1099 862 1144 ἢν
893 1099 951 1135 διὰ
975 1100 1043 1144 τὴν
1075 1099 1184 1135 αὐτοῦ
1216 1113 1331 1144 σωτη-
1345 1103 1386 1135 20
1401 1105 1564 1146 oportere
1587 1101 1783 1136 secundum
1814 1111 1853 1136 se
1876 1102 1942 1136 sub
1968 1101 2218 1146 aequalitatem
2251 1103 2288 1135 ct
2311 1100 2476 1136 condem-

250 1151 333 1192 ρίαν
347 1149 499 1190 ἔσχομεν
515 1144 787 1191 προςδέξασθαι
799 1145 993 1191 βουληθεὶς
1009 1143 1093 1180 οὐδὲ
1106 1143 1331 1191 ἀποκηρῦξαι
1400 1151 1504 1182 natos
1535 1150 1572 1181 et
1604 1146 1881 1181 condemnantes
1914 1146 2102 1182 deducere.
2150 1145 2263 1181 Semel
2294 1146 2387 1180 enim
2416 1155 2477 1180 ex·

249 1194 309 1226 καὶ
333 1188 438 1224 αὐτὸς
460 1190 542 1226 τοὺς
565 1192 644 1225 τῶν
668 1189 813 1235 ἀσεβῶν
837 1189 1031 1238 δογμάτων
1054 1188 1226 1238 ἀρχηγοὺς
1250 1190 1331 1225 τοὺς
1400 1192 1533 1227 traneis
1559 1191 1805 1226 sanctissimae
1830 1191 2004 1226 ecclesiae
2036 1191 2199 1227 sensibus
2225 1195 2415 1235 corruptus
2442 1194 2479 1225 et

248 1235 320 1270 ὑπὸ
355 1237 434 1270 τῶν
465 1239 656 1283 προτέρων
691 1234 808 1283 ιὶγίων
843 1235 1122 1280 ἐκβεβλημένους
1154 1234 1330 1277 συνόδων,
1400 1247 1422 1270 0
1457 1237 1564 1272 rectis
1599 1236 1777 1272 alienatus
1813 1236 2035 1280 dogmatibus
2072 1237 2197 1271 merito
2232 1245 2391 1270 remeare
2431 1234 2479 1269 ad

249 1278 330 1315 ἀλλ’
364 1281 418 1315 οἰό
464 1292 524 1315 νος
553 1282 681 1328 χρῆναι
713 1280 805 1315 κατὰ
834 1278 970 1316 ταύτὸν
1003 1284 1062 1315 καὶ
1087 1284 1127 1314 έν
1157 1281 1226 1325 ἴσῳ
1250 1281 1332 1315 τούς
1400 1292 1522 1317 eorum
1541 1292 1613 1316 non
1631 1281 1744 1316 valuit
1760 1281 2020 1323 rectitudinem,
2041 1286 2077 1316 et
2097 1281 2186 1316 haec
2207 1290 2229 1315 a
2250 1280 2351 1316 nobis
2372 1279 2480 1315 etiam

249 1339 290 1360 τε
312 1339 405 1360 κατα
431 1323 681 1371 εδικασμένους
711 1324 792 1360 τούς
821 1339 861 1361 τε
884 1324 1197 1360 καταδικάσαντας
1220 1328 1331 1373 ἄγειν.
1345 1328 1386 1361 25
1400 1326 1568 1362 invitatus
1594 1331 1629 1361 et
1653 1326 1814 1361 eruditus
1848 1327 1942 1361 0111111
1966 1327 2149 1362 utentibus
2174 1324 2291 1362 studio
2314 1326 2360 1361 ad
2383 1325 2478 1361 salu-

249 1368 349 1412 ἕέπαξ
377 1370 444 1418 γὰρ
481 1374 558 1405 ταῖς
588 1367 791 1418 ἀλλοτρίαις
822 1372 882 1415 τῆς
916 1369 1118 1418 ἁγιωτάτης
1148 1370 1332 1414 ἐκκλησίας
1401 1375 1472 1407 tem
1497 1371 1585 1408 eius.

251 1417 406 1450 ἐννοίαις
422 1413 801 1463 κατανδραποδισθεὶς
820 1419 879 1450 καὶ
898 1419 976 1451 τῶν
995 1414 1125 1463 ὀρθῶν
1141 1413 1332 1462 ἠλλοτριω-

249 1463 354 1505 μένος
383 1459 576 1507 δογμάτων
607 1460 753 1495 εἰκότως
783 1460 1003 1497 ἐπανελθεῖν
1034 1462 1083 1496 εἰς
1111 1459 1178 1504 τὴν
1209 1458 1332 1495 αὐτῶν

250 1503 315 1540 οὐκ
332 1506 476 1549 ἴσχυσεν
496 1502 515 1540 ὂ
542 1505 696 1549 θότητα,
718 1510 778 1540 καὶ
798 1508 914 1541 ταῦτα
931 1503 1022 1550 παρ’
1047 1503 1150 1551 ἡμῶν
1169 1509 1229 1540 καὶ
1248 1518 1332 1552 προ·

249 1554 398 1606 τραπεὶς
420 1554 479 1585 καὶ
498 1519 690 1597 ὁδηγηθεὶς
709 1551 807 1599 πάσῃ
827 1554 1064 1598 χρησαμένων
1085 1549 1223 1598 σπουδῇ
1246 1550 1334 1596 πρὸς
1346 1553 1389 1586 30

250 1609 318 1639 την
342 1599 527 1642 σωτηρίαν
550 1596 618 1640 τὴν
643 1593 760 1631 αὐτοῦ.

1262 1674 1419 1710 CAPUT
1446 1675 1475 1710 1.

297 1730 368 1766 Διὰ
388 1732 504 1766 ταῦτα
526 1734 652 1766 τοίνυν
673 1728 823 1767 ἅπαντα
848 1730 912 1775 τὴν
932 1735 1128 1779 γενομένην
1148 1728 1210 1766 ἐπ’
1233 1728 1332 1774 αὐτῷ
1447 1731 1601 1775 Propter
1624 1730 1714 1766 haec
1737 1731 1845 1776 igitur
1868 1730 1987 1766 omnia
2009 1729 2146 1766 factum
2172 1740 2281 1776 super
2303 1741 2345 1767 eo
2371 1731 2479 1777 depo-

250 1778 312 1821 τῆς
335 1777 582 1824 καθαιρέσεως
605 1777 729 1856 ἴῆφον
748 1775 847 1833 παρὰ
869 1778 929 1831 τῆς
948 1775 1050 1823 ἁγίας
1069 1774 1220 1811 συνόδου
1247 1788 1333 1822 προ·
1403 1776 1540 1811 sitionis
1565 1776 1746 1811 decretum
1767 1786 1789 1811 a
1810 1778 1935 1811 sancto
1957 1776 2108 1811 concilio
2128 1776 2317 1812 occasione
2335 1776 2480 1812 illicitae

252 1821 361 1868 φάσει
384 1822 446 1865 τῆς
475 1834 516 1856 τε
538 1820 580 1856 οὗ
637 1823 757 1866 εμιτῆς
787 1819 869 1855 ουδὲ
898 1821 968 1857 υπὸ
993 1824 1070 1856 τῶν
1093 1819 1207 1868 ἁγίων
1230 1820 1334 1855 κανό-
1403 1823 1440 1856 et
1471 1832 1543 1857 11011
1575 1831 1597 1856 a
1628 1822 1762 1856 sanctis
1795 1821 1991 1856 canonibus
2026 1821 2225 1857 adtestatae
2259 1821 2479 1866 pervasionis

251 1881 331 1902 νων
349 1869 639 1912 μαρτυρουμένης
662 1868 741 1901 τῶν
759 1868 822 1909 τῆς
844 1864 1029 1910 βασιλίδος
1045 1865 1176 1909 ταύτης
1197 1865 1335 1900 πόλεως
1348 1870 1388 1901 35
1403 1866 1521 1910 regiae
1544 1866 1650 1902 huius
1675 1866 1910 1902 sacerdotalis
1943 1865 2036 1901 sedis
2067 1870 2104 1901 et
2135 1876 2157 1901 a
2187 1867 2294 1902 rectis
2317 1867 2481 1911 verisque

252 1912 446 1959 ἱερατικῶν
470 1911 623 1966 θρόνων
658 1908 664 1919 ‘
692 1913 807 1958 παγῆς
838 1915 897 1944 καὶ
921 1913 983 1955 τῆς
1005 1908 1078 1946 ἀπὸ
1102 1912 1180 1945 τῶν
1203 1907 1335 1958 ὀρθῶν
1404 1911 1628 1955 dogmatibus
1662 1911 1856 1947 aversionis
1891 1916 2009 1946 ratum
2044 1915 2205 1947 nostrum
2235 1912 2338 1956 ponit
2367 1911 2479 1956 impe-

251 1971 292 1992 τε
313 1959 374 1991 καὶ
396 1955 551 1999 ἀληθων
574 1955 768 2004 δογματων
793 1957 964 2002 ἐκτροπῆς
987 1961 1114 2003 κυρίαν
1136 1970 1158 2011 η
1182 1955 1333 2002 ἡμετέρα
1403 1957 1496 1992 rium
1529 1962 1564 1992 et
1596 1966 1704 2001 super
1726 1957 1781 1992 his
1805 1959 2029 2001 praesentem
2053 1957 2177 1992 scribit
2199 1957 2321 2001 legem.
2365 1957 2480 1992 Inter-

250 2002 401 2037 τίθεται
424 2000 591 2043 βασιλεία
621 2005 681 2036 καὶ
712 2004 772 2035 ἐπὶ
802 2002 941 2036 τούτοις
972 1998 1038 2036 τὸν
1062 2014 1229 2047 παροντα
1251 1999 1333 2048 γρά-
1403 2001 1552 2037 dicimus
1578 2006 1696 2037 autem
1721 2002 1752 2037 ei
1777 2004 1813 2036 et
1835 2002 1873 2036 in
1896 2001 1966 2035 hac
1989 2000 2196 2036 felicissima
2220 2002 2362 2037 civitate
2386 2005 2422 2037 et
2441 2002 2481 2037 in

251 2060 312 2093 φει
326 2047 450 2092 νόμον.
495 2044 783 2094 Ἀπαγορεύομεν
807 2045 847 2080 δὲ
871 2043 969 2090 αὐτῷ
992 2050 1052 2080 καὶ
1074 2048 1135 2089 τῆς
1156 2045 1248 2080 κατὰ
1265 2046 1332 2089 τὴν
1403 2047 1557 2082 confinio
1590 2047 1666 2082 eius
1691 2045 1983 2092 [habitationum]
2019 2047 2296 2082 commoratione
2325 2051 2361 2082 et
2384 2046 2480 2082 omni

251 2090 447 2137 εὐδαίμονα
475 2090 612 2135 ταύτην
647 2090 757 2126 πόλιν
791 2094 852 2125 καὶ
881 2092 942 2134 τῆς
974 2089 1190 2146 περιοικίδος
1225 2088 1333 2134 αὐτῆς
1345 2095 1388 2127 40
1402 2092 1551 2127 aliarum
1582 2092 1772 2135 insignium
1805 2092 2003 2133 civitatum,
2036 2091 2237 2127 sancientes
2268 2091 2336 2127 sub
2360 2091 2480 2136 quiete

251 2136 440 2183 διατριβῆς
472 2139 533 2170 καὶ
565 2135 681 2179 πάσης
711 2137 833 2182 ἑτέρας
861 2138 939 2170 τῶν
963 2138 1152 2180 ἐπισημων
1181 2135 1335 2178 πόλεων,
1405 2147 1494 2179 esse,
1518 2137 1575 2172 his
1601 2140 1806 2172 contentum
1831 2137 1958 2181 quibus
1983 2146 2021 2172 Se
2046 2137 2150 2180 digne
2172 2136 2334 2181 subiecit,
2358 2139 2396 2172 ct
2417 2146 2479 2172 ne·

250 2183 493 2224 θεσπίζοντες
515 2181 734 2227 έφησυχάσαι
757 2184 817 2214 καὶ
842 2177 980 2215 τούτοις
1001 2184 1163 2227 στέργειν
1184 2180 1235 2215 οἷς
1257 2181 1335 2215 ἑαυ-

252 2273 402 2315 scimus,
440 2270 501 2315 qui
531 2270 673 2316 quidem
703 2270 861 2306 deiectus
899 2274 954 2305 est
981 2269 1025 2305 de
1055 2269 1139 2305 sede
1170 2270 1277 2305 huius
1309 2269 1427 2313 regiae
1462 2269 1562 2304 urbis
1593 2280 1615 2305 a
1647 2273 1794 2305 sanctae
1829 2272 1866 2305 et
1895 2270 2072 2314 gloriosae
2102 2269 2293 2306 memoriae
2324 2270 2478 2316 Agapito

251 2317 494 2352 sanctissimae
525 2315 697 2351 ecclesiae
728 2315 895 2360 antiquae
918 2315 1054 2351 Romae
1084 2314 1264 2360 pontifice,
1296 2325 1339 2350 eo
1364 2313 1458 2360 quod
1490 2314 1587 2350 nullo
1623 2315 1726 2351 modo
1760 2315 1830 2350 sibi
1857 2314 1926 2360 ipsi
1953 2315 2174 2351 convenienti
2207 2320 2333 2350 contra
2357 2326 2479 2352 omnes

250 2372 373 2398 sacros
398 2371 556 2397 canones
584 2371 623 2396 se
645 2361 842 2396 intruserat
865 2360 958 2405 sedi,
992 2360 1054 2396 sed
1086 2364 1123 2395 et
1156 2359 1334 2395 communi
1365 2360 1542 2395 sententia
1572 2359 1685 2412 ipsius
1716 2362 1862 2395 sanctae
1886 2361 2076 2396 memoriae
2108 2360 2173 2395 viri
2196 2361 2348 2404 primum
2371 2364 2478 2405 atque
2499 2363 2546 2397 45

250 2408 357 2443 etiam
381 2416 507 2442 sacrae
531 2416 548 2441 s
572 2405 656 2441 nodi
680 2406 738 2440 hic
763 2405 966 2441 celebratae
990 2404 1247 2441 condemnatus
1272 2408 1308 2440 et
1331 2405 1375 2440 dc
1404 2405 1528 2440 ositus·
1542 2404 1622 2447 fmt,
1655 2415 1696 2440 eo
1722 2405 1817 2450 quod
1841 2415 1863 2440 a
1885 2405 1993 2441 rectis
2019 2405 2242 2450 dogmatibus
2264 2405 2413 2441 recessit
2443 2409 2480 2442 et

251 2462 342 2497 quae
365 2452 465 2497 prius
488 2462 548 2486 mu
563 2452 667 2487 toties
692 2451 836 2495 diligere
859 2450 1056 2492 videbatur,
1086 2451 1176 2486 haec
1200 2451 1342 2485 demum
1391 2450 1512 2485 'versis
1537 2450 1809 2486 lustrationibus
1834 2450 1983 2494 aufugit,
2014 2450 2186 2485 simulans
2211 2451 2310 2495 sequi
2333 2453 2479 2487 sanctas

274 2499 403 2533 uatuor
433 2496 589 2542 synodos
626 2500 880 2539 (trecentorum
912 2496 1076 2531 videlicet
1107 2495 1228 2531 decem
1259 2498 1297 2530 et
1328 2499 1409 2531 octo
1442 2498 1584 2539 patrum
1617 2495 1654 2530 in
1677 2495 1812 2530 Nicaea
1835 2498 1871 2530 et
1895 2498 2036 2531 centum
2060 2495 2317 2540 quinquaginta
2348 2495 2387 2531 in
2409 2496 2478 2531 hac

249 2509 347 2578 1101101
370 2542 512 2578 civitate
535 2546 571 2577 et
594 2542 631 2576 in
655 2541 800 2586 Epheso
826 2541 939 2586 primo
965 2545 1261 2585 congregatorum
1285 2540 1522 2576 ducentorum
1553 2543 1590 2575 et
1613 2544 1861 2576 sexcentorum
1885 2541 2030 2585 triginta
2057 2539 2311 2576 venerabilium
2334 2544 2478 2586 patrum

249 2588 287 2623 in
312 2587 567 2629 Chalcedone),
599 2588 637 2622 at
666 2586 808 2631 quidem
840 2596 906 2622 nec
939 2585 1104 2630 dogmata
1136 2586 1235 2630 sequi
1265 2595 1333 2621 nec
1364 2587 1523 2620 nostram
1554 2585 1775 2620 clementiam
1809 2588 1844 2620 et
1877 2585 2172 2627 condescensum,
2204 2595 2309 2630 quem
2331 2589 2479 2630 propter
2501 2588 2546 2621 50

249 2633 363 2678 ipsius
387 2632 538 2668 salutem
560 2631 791 2674 habebamus,
824 2631 1006 2676 suscipere
1038 2631 1150 2666 voluit
1181 2641 1297 2675 neque
1327 2630 1405 2676 ipse
1428 2630 1596 2665 abdicare
1619 2636 1784 2665 auctores
1808 2630 1997 2674 impiorum
2020 2630 2222 2674 dogmatum
2246 2629 2307 2674 qui
2330 2629 2431 2675 prius
2455 2640 2477 2665 a

250 2677 385 2714 sanctis
409 2676 554 2723 synodis
579 2676 719 2722 expulsi
742 2676 897 2718 fuerant,
923 2676 986 2711 sed
1009 2677 1147 2720 putavit
1172 2679 1340 2720 oportere
1364 2675 1563 2711 secundum
1586 2675 1705 2719 ipsum
1729 2678 1764 2710 et
1787 2675 1826 2709 in
1847 2675 1989 2718 aequali
2012 2674 2141 2710 ducere
2165 2678 2201 2709 et
2225 2674 2478 2710 condemnatos

251 2726 288 2759 et
308 2722 613 2759 condemnatores.
661 2721 753 2757 Nam
775 2722 885 2757 semel
908 2721 1033 2756 alienis
1051 2731 1074 2756 a
1091 2721 1316 2756 sanctissima
1339 2720 1494 2756 ecclesia
1518 2720 1757 2755 intellectibus
1782 2719 2007 2764 mancipatus
2032 2723 2067 2755 et
2086 2730 2109 2754 a
2129 2719 2236 2754 rectis
2253 2719 2476 2764 dogmatibus

250 2768 426 2804 alienatus
449 2767 576 2802 merito
602 2766 647 2801 ad
671 2767 830 2811 ipsorum
861 2766 1111 2801 rectitudinem
1135 2767 1268 2801 reverti
1300 2776 1373 2801 non
1404 2765 1526 2808 valuit,
1560 2765 1666 2800 etiam
1690 2764 1735 2800 ad
1758 2764 1848 2800 haec
1872 2764 2042 2800 invitatus
2074 2775 2097 2799 a
2121 2764 2224 2800 nobis
2249 2766 2286 2800 et
2309 2764 2477 2808 directus,

250 2813 312 2859 qui
335 2813 430 2849 omni
453 2811 572 2847 studio
597 2811 655 2847 usi
677 2822 799 2847 sumus
827 2811 874 2847 ad
897 2811 1010 2856 ipsius
1035 2811 1198 2846 salutem.
2500 2811 2545 2846 55

386 2857 415 2892 1.
474 2857 627 2901 Propter
659 2857 750 2892 haec
779 2856 886 2900 igitur
919 2856 1038 2891 omnia
1070 2855 1281 2891 sententiam
1306 2854 1538 2900 depositionis
1570 2854 1607 2889 in
1630 2854 1748 2900 ipsum
1772 2864 1794 2889 a
1819 2856 1945 2890 sancta
1966 2854 2102 2900 synodo
2126 2854 2260 2889 factam
2285 2853 2476 2890 occasione

250 2914 324 2940 non
345 2902 435 2938 liciti
458 2912 502 2937 ne
527 2912 572 2937 ue
595 2911 618 2936 a
638 2902 773 2937 sanctis
798 2901 995 2937 canonibus
1019 2901 1211 2946 approbati
1241 2904 1367 2944 raptus
1392 2909 1576 2935 sacrarum
1608 2900 1743 2934 sedium
1775 2899 1881 2934 huius
1913 2900 2031 2944 regiae
2054 2899 2153 2935 urbis
2178 2904 2214 2935 et
2236 2898 2431 2935 aversionis
2455 2909 2479 2934 a

249 2948 359 2984 rectis
390 2951 427 2982 et
455 2957 547 2982 vens
580 2946 805 2990 dogmatibus
830 2946 989 2992 (cyriam)
1013 2946 1195 2991 propriam
1226 2949 1391 2980 nostrum
1422 2945 1512 2979 facit
1534 2945 1721 2990 imperium
1753 2947 1790 2980 et
1819 2947 1944 2979 eontra
1974 2944 2085 2980 istum
2106 2946 2329 2990 praesentem
2352 2944 2481 2980 scribit

250 2994 371 3038 legem.
419 2991 667 3028 Interdicimus
692 2996 811 3027 autem
835 2997 871 3027 et
894 2992 926 3026 ei
950 2991 1161 3027 commorari
1192 2991 1229 3025 in
1261 2990 1329 3025 hac
1360 2989 1456 3025 felici
1481 2990 1623 3025 civitate
1654 2994 1691 3025 et
1725 2990 1800 3024 eius
1823 2989 1987 3025 districtu
2020 2999 2063 3025 ac
2094 2990 2131 3025 in
2160 2999 2312 3035 quacum
2338 2999 2383 3025 ue
2406 2988 2484 3024 alia.

249 3038 379 3083 insigni
403 3037 559 3079 civitate,
584 3037 787 3073 sancientes
810 3037 847 3072 in
871 3036 990 3082 quiete
1013 3046 1092 3072 esse
1116 3040 1152 3071 et
1176 3045 1236 3070 eos
1261 3034 1406 3078 diligere
1429 3035 1557 3080 quibus
1582 3045 1621 3071 se
1644 3035 1760 3080 ipsum
1783 3034 1888 3079 digne
1911 3035 2112 3079 supposuit,
2145 3040 2182 3070 et
2204 3045 2277 3070 non
2338 3033 2482 3079 ‘quibus
2499 3035 2545 3070 60

2374 3124 2476 3158 001οο-

1398 3217 1485 3248 mate
1503 3214 1559 3259 Vn
1582 3217 1619 3249 19
1634 3214 1792 3258 expulsus
1807 3216 1884 3248 libri
1899 3215 1911 3258 u
1928 3216 1967 3248 21
1985 3217 2161 3247 extraneus
2174 3215 2207 3248 T
2217 3213 2231 3259 u
2249 3215 2292 3248 22
2303 3167 2475 3254 coriugotg

296 3133 319 3165 4
341 3129 408 3173 τῷ]
433 3126 475 3163 τὸ
503 3129 533 3163 0
554 3128 567 3172 ΙΙ
591 3131 610 3163 5
630 3129 777 3174 ἐναγεῖς]
803 3123 914 3172 ἱεροὺς
930 3102 1019 3161 ‘corin
1035 3101 1083 3160 1-22
1100 3126 1113 3171 u
1139 3129 1156 3159 7
1178 3127 1238 3159 καὶ
1257 3123 1328 3168 μὴν
1400 3126 1432 3158 Τ
1447 3124 1459 3169 ΙΙ
1479 3128 1514 3159 11
1531 3125 1625 3158 decet
1645 3125 1680 3159 V
1698 3124 1711 3168 Ι]
1737 3126 1777 3159 12
1802 3124 1953 3157 nicenam
1969 3125 2002 3158 T
2019 3123 2032 3169 ss
2061 3126 2101 3158 14
2116 3125 2152 3157 in
2166 3138 2224 3158 om.
2238 3126 2316 3159 libri

250 3177 323 3216 καὶ]
348 3179 382 3208 et
405 3186 426 3212 ς·
449 3173 463 3219 fl
485 3170 644 3219 ἀπέφυγε
669 3174 700 3207 L
723 3172 737 3216 ΙΙ
766 3174 804 3207 12
828 3173 1000 3215 τέτρασιν
1025 3172 1110 3214 ML]
1132 3173 1329 3222 τέσσαρσιν
1398 3170 1496 3203 donie
1518 3171 1552 3204 V
1569 3170 1582 3214 ΙΙ
1614 3172 1653 3204 16
1678 3169 1952 3203 condescensione
1972 3170 2005 3203 T
2030 3170 2042 3212 ΙΙ
2075 3170 2114 3203 18
2138 3169 2290 3203 abdicere

255 3222 285 3254 G
311 3219 323 3264 ΙΙ
358 3222 398 3254 14
423 3216 753 3307 πατέρέἴ]οἁἤκίων
777 3218 949 3259 πατέρων
974 3217 1005 3250 L
1035 3216 1048 3259 ΙΙ
1081 3219 1117 3251 15
1141 3215 1231 3257 τῶν]
1264 3227 1330 3247 τον

252 3266 299 3299 L·
319 3265 332 3310 fl
355 3268 387 3298 Ιῖ
403 3264 472 3298 θεο
502 3277 515 3297 ι
697 3265 736 3297 19
759 3260 868 3295 *οὔτε
883 3262 989 3296 MLG
1002 3261 1014 3304 ΙΙ
1030 3263 1067 3295 21
1085 3262 1213 3305 ἔχομεν
1227 3270 1329 3305 προς·
1407 3260 1488 3294 Val.
1506 3260 1519 3303 ΙΙ
1543 3261 1585 3294 23
1606 3260 1759 3293 alienatis
1782 3259 1860 3293 Val.
1885 3257 1898 3303 'l
1921 3259 1964 3293 33
1985 3258 2140 3292 illicitate
2161 3259 2195 3293 V
2242 3259 2285 3293 39
2296 3253 2473 3307 habitatio—

252 3307 411 3350 δέξασθε
427 3310 456 3344 C'
474 3277 500 3353 ff
519 3311 561 3344 23
586 3305 860 3351 ἐκβεβλημένων
875 3306 920 3339 Μ
939 3306 951 3351 ΙΙ
976 3308 1019 3341 24
1043 3307 1146 3348 κατὰ]
1169 3307 1230 3339 καὶ
1252 3304 1331 3338 τῶν
1399 3315 1479 3337 1111111
1503 3306 1622 3338 seclusi
1638 3306 1695 3348 (cf
1712 3317 1747 3348 p.
1763 3306 1839 3346 267,
1853 3307 1903 3346 23)
1927 3304 1939 3348 ΙΙ
1961 3304 2184 3337 eomoratione
2242 3302 2254 3324 ²
2274 3301 2472 3335 monno-

1399 3360 1474 3382 nem
1495 3349 1546 3383 V²
1581 3349 1924 3383 commemorationem
1950 3350 1983 3383 T
2006 3348 2019 3394 ΙΙ
2045 3351 2089 3384 40
2114 3349 2175 3391 1⁶9.
2197 3344 2287 3381 alia?
2309 3342 2326 3390 Ι
2352 3346 2393 3378 41
2418 3343 2472 3377 his

252 3353 343 3387 κατὰ
360 3355 414 3397 Cu
437 3351 520 3388 τούς
538 3365 579 3387 τε
597 3349 966 3395 καταδεδικασμένους
987 3364 1044 3384 om.
1061 3352 1111 3393 M,
1134 3363 1175 3385 τε
1195 3363 1252 3384 om.
1271 3350 1300 3383 G
1319 3348 1332 3393 ΙΙ
1408 3394 1441 3427 V
1472 3395 1506 3435 l]
1550 3397 1565 3427 t
1588 3395 1621 3427 h·
1666 3395 1700 3428 T

1448 3407 1469 3428 α
1484 3421 1491 3428 .
1531 3405 1549 3428 0
1611 3405 1640 3427 ιε

254 3400 296 3432 28
320 3397 538 3434 ἐπανελθεῖν
551 3406 625 3432 ante
645 3394 834 3442 ὀρθότητα
858 3398 900 3430 29
926 3397 997 3430 coll.
1014 3397 1043 3430 G
1064 3396 1075 3439 ΙΙ
1099 3397 1141 3431 32
1165 3393 1211 3430 τὰ
1232 3391 1330 3441 γενό-

252 3455 343 3486 μενα
358 3443 434 3488 L²ss
456 3445 497 3478 35
522 3441 660 3479 πόλεως
684 3455 742 3476 om.
760 3441 843 3484 ΟςΙΙ
870 3443 911 3475 37
937 3440 1060 3486 κύριον
1072 3441 1121 3475 L²
1143 3441 1155 3484 ΙΙ
1182 3442 1225 3475 38
1247 3436 1331 3517 γῖάζ

254 3499 335 3540 «few
360 3489 390 3521 L
416 3489 429 3531 ll
459 3490 500 3523 41
526 3487 660 3535 ἐτέρας]
684 3487 825 3520 aliarum
851 3498 870 3523 ς
902 3486 914 3530 ΙΙ
945 3489 987 3520 42
1011 3483 1244 3531 ὀφησυχάσαι]
1287 3496 1314 3530 φ

255 3534 394 3573 ησυχίας
418 3531 509 3566 εἶναι
538 3534 566 3567 0

1457 3483 1500 3516 43
1533 3485 1681 3526 Agapeto
1718 3483 1848 3517 Gentius
1882 3481 1895 3526 ΙΙ
1923 3483 1965 3516 47
1998 3476 2262 3518 lustrationibus]
2297 3475 2472 3509 fraudibus

1402 3527 1518 3561 Mansa·
1529 3530 1561 3561 in
1575 3540 1645 3562 mar
1668 3552 1677 3561 .
1702 3526 1715 3571 ΙΙ
1740 3527 1830 3569 fugit
1842 3524 1986 3570 Mami·
2012 3526 2055 3560 50
2074 3519 2282 3556 Chalcedona
2296 3520 2436 3572 ‘Coralius
2458 3519 2473 3566 fl

1401 3582 1461 3604 nec
1482 3572 1620 3605 istorum
1635 3541 1791 3614 ‹fogmata
1814 3569 1961 3622 Mami}
1981 3570 2028 3620 58·
2047 3565 2170 3611 oyritm
2192 3575 2359 3607 proprmm
2389 3566 2471 3617 Gon-

1402 3618 1474 3655 tius,
1498 3617 1625 3650 firmam
1649 3617 1767 3651 Mami
1778 3614 1792 3661 Ι
1810 3617 1853 3651 59
1876 3617 1911 3648 ot
1931 3614 1976 3656 οι]
1999 3622 2030 3646 οι
2052 3614 2086 3644 et
2108 3609 2230 3651 Bcckss
2249 3612 2292 3643 60
2317 3620 2370 3642 eos
2393 3609 2471 3644 11111·

1400 3663 1489 3702 gere]
1510 3662 1552 3694 iis
1570 3664 1762 3695 contentum
1778 3670 1846 3694 ene
1867 3656 2008 3700 Mauri·
2024 3653 2124 3697 digne
2142 3655 2327 3697 nupposuit]
2352 3655 2479 3688 merito-

1400 3706 1582 3740 obnoxium
1604 3705 1750 3740 reddidit
1772 3703 1890 3739 Mami

305 3622 316 3652 1
342 3619 538 3654 nouissimus
558 3623 591 3655 V
610 3622 622 3666 ΙΙ
652 3624 671 3656 2
691 3623 782 3666 apito
802 3621 838 3656 V
850 3621 961 3664 sopita
975 3621 1008 3654 T
1033 3620 1175 3663 agapida
1193 3619 1297 3654 Νεοὸ.
1319 3615 1333 3664 ΙΙ

253 3664 442 3697 canenende
476 3666 538 3709 Vfl
566 3670 585 3700 3
610 3671 727 3709 utpute
760 3665 826 3712 V!
856 3669 877 3702 6
901 3665 1074 3699 celebratis
1102 3666 1137 3699 V
1158 3664 1171 3709 ΙΙ
1198 3666 1218 3699 8
1242 3672 1330 3697 rece-

254 3708 342 3742 derit
361 3707 423 3751 V}
453 3708 670 3750 dignitatibus
693 3712 775 3745 Tal.
801 3710 814 3756 Ι
841 3712 862 3746 9
886 3710 1054 3745 declinare
1075 3710 1109 3745 V
1133 3707 1331 3743 declamaret
