2586 3990
121 130 426 165 COGNOSGITUR
455 133 691 166 SECUNDUM
721 134 851 168 ILLAS

119 228 242 274 ἐπειδὴ
265 231 327 265 τὰς
349 231 475 274 αἰτίας,
499 231 537 272 ἐξ
561 223 615 267 οἶν
635 233 671 267 οἱ
684 232 809 269 παῖδες
832 232 1021 279 ἀχάριστοι
1039 234 1196 283 ὤφειλον

117 276 320 319 κρίνεσθαι,
352 278 392 310 ἐν
415 274 600 330 διαφόροις
629 280 760 324 νόμοιςΟ
779 277 1039 323 διεσπαρμένας
1069 285 1129 316 καὶ
1153 279 1196 315 οὗ

118 322 281 366 φανερῶς
314 321 497 368 εἰρημένας
531 336 691 368 ευρομεν,
728 325 782 359 ὠν
817 324 856 359 αἱ
886 327 954 369 μὲν
984 324 1195 367 οὐδὲοιξιαι

117 364 203 422 ἡμῖν
234 363 324 412 πρὸς
353 363 566 409 ἆχαοιστίαν
589 367 733 413 ἔδοξαν,
764 369 872 405 ἄλλαι
897 369 937 404 δὲ
959 375 1075 406 καίτοι
1099 370 1195 412 ἄξιαι

117 422 223 445 ουσαι
242 398 551 456 παρελείφθησαν,
577 412 637 447 διὰ
659 416 766 450 τοῦτο
787 414 984 461 ἀναγκαῖον
1003 416 1096 450 εἶναι
1112 429 1193 450 συν-
1231 419 1249 450 5

349 453 357 465 Ι

117 453 259 499 είδομεν
291 467 424 490 ταυτας
455 454 633 502 ὀνομαστὶ
664 473 715 503 τῳ
743 462 899 506 παρόντι
923 460 1026 505 νόμῳ
1051 460 1194 507 περιλα-

116 503 204 544 βεῖν,
229 496 316 535 dien
339 500 438 546 παρὰ
460 503 594 537 ταύτας
615 503 741 547 μηδενὶ
766 506 897 546 ἐξεῖναι
922 506 960 546 ἐξ
982 507 1103 551 ἑτέρου
1132 505 1191 540 νό-

114 558 183 589 μον
198 542 407 591 ἀχαριστίας
432 548 553 582 αἰτίαν
577 546 818 593 ἀντιτιθέναι,
843 552 874 584 εἰ
888 550 938 594 μὴ
955 552 1019 585 τὰς
1034 553 1087 594 τῷ
1110 547 1191 597 ὕφει

115 591 176 633 τῆς
198 589 341 635 παρούσ
365 603 379 625 ς
404 590 600 634 διατάξεως
621 599 879 641 περιεχομένας.

180 636 311 669 Αἱτίας

115 679 371 726 ψηφιζόμεθα·
1001 724 1003 726 ,

113 726 134 760 1
179 725 215 758 εἴ
233 737 286 760 τις
309 730 382 760 τοῖς
405 726 507 762 ἰδίοις
528 730 671 774 γονεῖσι
693 731 809 774 χεῖρας
832 727 1010 772 ἐπιβάλοι.

112 770 136 805 2
176 771 207 803 εἰ
229 774 382 815 βαρεῖαν
406 777 465 806 καὶ
489 770 635 819 ἀπρεπῆ
661 771 765 819 ὕβριν
788 771 908 808 αὐτοῖς
929 772 1112 820 ἐπαγάγοι.

113 815 138 851 3
178 816 208 849 εἰ
232 818 292 851 ἐπὶ
317 816 587 863 ἐγκληματικαῖς
617 820 746 853 αἰτίαις
777 817 901 853 αὐτῶν
936 818 1190 865 κατηγορήσειε

112 863 189 895 ταῖς
209 862 259 905 μὴ
277 861 399 897 οὔσαις
423 864 514 897 κατὰ
537 862 713 908 βασιλέως
736 862 757 907 ἢ
780 863 968 898 πολιτείας.

183 907 213 939 εἰ
236 906 327 950 μετὰ
353 910 554 954 φαρμακῶν
570 906 618 942 αἶς
633 910 818 954 φαρμακὸς
843 912 1188 954 συναναστρέφηται.

112 951 135 986 5
182 952 212 984 εἰ
241 953 285 999 τῇ
317 954 392 1000 ζωῇ
421 955 498 987 τῶν
526 952 631 987 ἰδίων
660 958 798 1000 γονέων
830 953 891 988 διὰ
923 959 1143 1000 φαρμακείας
1167 953 1189 997 ἢ

113 994 210 1039 ἄλλῳ
235 994 362 1042 τρόπῳ
387 998 638 1042 ἐπιβουλεῦσαι
662 1000 864 1045 πειραθείη.

111 1042 136 1076 6
182 1041 213 1074 εἰ
240 1044 284 1088 τῇ
308 1040 383 1086 ἰδίᾳ
403 1045 557 1089 μητρυιᾷ
588 1042 610 1087 ἢ
633 1046 678 1091 τῇ
702 1046 766 1078 τοῦ
791 1045 928 1090 πατρὸς
950 1043 1144 1079 παλλακίδι
1167 1042 1186 1078 ὁ

111 1085 186 1119 υἱὸς
209 1086 339 1122 ἑαυτὸν
357 1089 549 1132 συμμίξειε.

112 1133 130 1166 7
178 1132 208 1164 εἰ
233 1132 454 1179 συκοφάντης
484 1135 576 1168 κατὰ
608 1135 685 1168 τῶν
715 1138 854 1180 γονέων
885 1132 904 1169 ὁ
933 1135 1008 1169 υἱὸς
1031 1138 1188 1181 γένηται,

112 1180 171 1210 καὶ
204 1174 265 1211 διὰ
295 1180 357 1221 τῆς
386 1176 477 1212 ἰδίας
499 1178 776 1223 καταμηνύσεως
804 1184 950 1225 βαρείας
981 1177 1107 1214 αὐτοὺς
1131 1183 1189 1223 ζη-

111 1225 193 1265 μίας
216 1219 408 1267 ὑπομεῖναι
434 1225 724 1269 παρασκευάσειε.

111 1268 134 1302 8
182 1268 213 1300 εἰ
245 1280 287 1302 συ
314 1270 362 1315 βῇ
393 1282 477 1302 τινα
512 1270 589 1303 τῶν
618 1270 815 1315 εἰρημένων
849 1273 987 1316 γονέων
1022 1270 1189 1316 ἐγκεκλεῖ-

1177 120 1263 169 537

2034 124 2142 171 Nov.
2172 124 2285 172 CXV
2315 127 2339 171 3

1263 246 1307 271 ex
1331 235 1460 279 quibus
1484 235 1614 279 ingrati
1637 235 1738 270 liberi
1763 236 1914 272 debeant
1936 238 2106 283 iudicari,
2130 239 2166 274 in
2192 239 2340 275 diversIs

1262 281 1398 324 legibus
1434 280 1612 324 dispersas
1647 286 1683 315 et
1714 292 1785 316 non
1817 287 1940 326 aperte
1972 285 2173 320 declaratas
2205 285 2338 320 inveni-

1263 335 1356 367 mus,
1381 335 1531 370 quarum
1555 326 1694 370 aliquae
1719 336 1783 361 nec
1808 327 1933 371 dignae
1957 329 2059 364 nobis
2082 329 2128 364 ad
2150 330 2339 373 ingratitu-

1263 370 1378 405 dinem
1409 371 1506 405 visae
1537 376 1636 412 sunt,
1670 371 1808 416 aliquae
1840 383 1921 407 vero
1954 384 2033 408 cum
2065 377 2183 410 essent
2214 375 2341 419 dignae

1262 416 1534 459 praetermissae
1558 419 1657 458 sunt,
1687 416 1768 452 ideo
1793 419 2034 454 necessarium
2057 430 2135 455 esse
2159 421 2340 465 perspexi-

1262 471 1340 495 mus
1375 470 1434 496 eas
1465 461 1669 496 nominatim
1701 463 1879 514 praesenti
1917 464 1993 507 lege
2031 465 2337 509 comprehendere,

1260 509 1301 540 ut
1323 509 1466 550 praeter
1496 507 1593 551 ipsas
1626 507 1715 541 nulli
1745 507 1851 542 liceat
1883 517 1927 542 ex
1950 509 2020 543 alia
2051 509 2128 553 lege
2151 511 2338 554 ingratitu-

1261 551 1352 586 dinis
1376 561 1505 586 causas
1528 561 1708 596 opponere
1730 552 1800 587 nisi
1825 562 1915 596 quae
1940 553 2046 589 huius
2071 555 2337 590 constitutionis

1261 596 1351 630 serie
1372 596 1607 632 continentur.

369 638 386 670 ὲ
420 635 559 672 δικαίας
594 640 655 682 τῆς
689 638 898 686 ἀχαριστίας
931 637 1065 674 ταύτας
1098 639 1191 673 εἶναι
1206 630 1253 675 10v
1286 641 1440 694 ‘Causas
1462 646 1580 677 autem
1599 642 1712 677 iustas
1730 641 1996 686 ingratitudinis
2021 643 2086 679 has
2111 654 2191 680 esse
2214 645 2336 681 decer-

1210 709 1213 713 ·
1260 696 1393 720 mmus:

1260 732 1280 766 1
1333 731 1372 765 Si
1395 731 1472 775 quis
1497 732 1704 775 parentibus
1730 731 1804 766 suis
1828 742 1953 767 manus
1977 733 2148 770 intulerit.

1259 775 1283 811 2
1329 775 1367 810 Si
1388 786 1528 820 gravem
1561 780 1597 811 et
1620 777 1843 812 inhonestam
1866 778 2032 812 iniuriam
2064 779 2114 813 eis
2138 780 2335 823 ingesserit.

1258 821 1282 857 3
1329 821 1367 856 Si
1391 831 1453 856 eos
1484 821 1521 856 in
1551 821 1792 857 criminalibus
1825 824 1943 858 causis
1975 826 2214 867 accusaverit,
2246 835 2338 870 quae

1206 869 1245 900 15
1259 877 1330 901 non
1355 871 1436 900 sunt
1459 867 1628 901 adversus
1652 868 1847 912 principem
1872 879 1935 903 seu
1959 869 2224 913 rempublicam.

1258 911 1283 946 4
1330 911 1366 945 Si
1391 922 1470 946 cum
1495 912 1666 947 maleficis
1696 919 1736 948 ut
1760 913 1942 948 maleficus
1967 918 2138 958 versatur,

1259 958 1282 991 ὃ
1328 956 1383 990 vel
1406 957 1499 991 vitae
1522 962 1711 1002 parentum
1734 969 1879 994 suorum
1903 969 1967 1004 per
1983 969 2156 994 venenum
2181 963 2244 995 aut
2265 960 2336 995 alio

1258 1001 1362 1036 modo
1386 1001 1547 1037 insidiari
1570 1004 1805 1047 temptaverit.

1258 1047 1282 1081 6
1329 1046 1367 1080 Si
1390 1057 1562 1082 novercae
1586 1058 1674 1083 suae
1693 1052 1757 1083 aut
1774 1049 1993 1084 concubinae
2015 1049 2127 1094 patris
2148 1048 2242 1084 filius
2259 1059 2338 1084 sese

1203 1093 1245 1124 20
1259 1090 1449 1126 miscuerit.

1258 1137 1277 1171 7
1325 1135 1363 1171 Si
1387 1137 1525 1171 delator
1558 1140 1684 1173 contra
1713 1143 1880 1183 parentes
1909 1139 2004 1174 filius
2029 1139 2185 1175 extiterit
2215 1141 2251 1174 et
2274 1149 2339 1183 per

1259 1191 1359 1234 snam
1391 1182 1606 1217 delationem
1635 1185 1756 1227 gravia
1786 1194 1846 1219 eos
1877 1184 2064 1229 dispendia
2098 1184 2224 1219 fecerit
2258 1194 2336 1219 sus-

1258 1230 1381 1307 {megia
1399 1272 1591 1316 quemlibet
1622 1273 1666 1307 de
1699 1273 1889 1317 praedictis
1921 1275 2129 1318 parentibus
2160 1274 2337 1309 inclusum

111 1311 223 1356 σθαι,
254 1325 288 1347 οι
320 1312 359 1347 δὲ
390 1311 513 1348 παῖδες
543 1314 579 1348 οἱ
609 1313 804 1359 δυνάμενοι
836 1315 874 1356 ἐξ
897 1313 1096 1362 ἅὸιαθετου
1129 1319 1190 1350 ἐπὶ
1204 1319 1244 1351 25
1259 1326 1338 1351 esse
1363 1317 1559 1360 contigerit,
1585 1319 1621 1352 et
1644 1318 1747 1353 liberi
1771 1319 1831 1363 qui
1854 1322 2005 1363 possunt
2028 1320 2073 1354 ab
2098 1320 2267 1354 intestato
2291 1319 2338 1353 ad

111 1356 178 1399 τὴν
202 1357 331 1392 τούτου
356 1356 527 1402 διαδοχὴν
557 1359 681 1393 ἐλθεῖν
714 1360 924 1402 αἰτηθέντες
950 1361 1042 1407 παρ’
1068 1358 1189 1403 αὐτοῦ,

111 1399 134 1444 ἢ
152 1403 241 1448 γοῦν
265 1401 284 1436 ὁ
310 1403 357 1438 εἷς
381 1404 419 1444 ἐξ
443 1402 575 1445 αὐτῶν,
599 1406 646 1449 μὴ
669 1404 885 1449 βουληθεῖεν
901 1407 947 1440 εἰς
967 1407 1034 1449 τὴν
1049 1407 1190 1440 ἑαυτῶν

112 1445 240 1493 ἐγγύην
263 1450 394 1483 τοῦτον
419 1446 669 1489 ἀναδέξασθαι
701 1450 723 1493 ἠ
752 1452 842 1495 ὑπὲρ
867 1452 1057 1496 προςιύπου
1081 1450 1102 1494 ἢ
1124 1453 1188 1486 τοῦ

111 1496 246 1536 χρέους,
278 1495 325 1528 εἰς
349 1491 438 1528 ὅσον
470 1493 670 1545 ἐπιτήδειος
693 1496 785 1530 εἶναι
809 1494 828 1530 ὁ
862 1496 1068 1541 αἰτούμενος
1100 1495 1189 1531 ἀπο-

1258 1363 1336 1397 eius
1359 1363 1621 1397 successionem
1645 1364 1779 1405 venire,
1814 1364 1916 1408 petiti
1940 1365 1986 1399 ab
2011 1374 2070 1405 eo,
2102 1365 2157 1399 vel
2180 1375 2272 1399 unus
2293 1374 2337 1399 ex

1258 1407 1312 1442 his
1343 1408 1381 1442 in
1410 1417 1475 1442 sua
1506 1417 1587 1442 eum
1616 1408 1772 1443 noluerit
1805 1409 2033 1444 fideiussione
2067 1410 2249 1454 suscipere
2283 1410 2337 1444 vel

1257 1463 1322 1497 pro
1346 1462 1501 1497 persona
1524 1454 1581 1488 vel
1604 1453 1735 1496 debito,
1759 1454 1795 1488 in
1816 1457 1988 1499 quantum
2013 1464 2092 1490 esse
2119 1455 2179 1500 qui
2203 1455 2338 1499 petitur

1256 1497 1431 1542 probatur
1454 1498 1614 1534 idoneus.
1664 1499 1741 1534 Hoc
1765 1503 1884 1534 tamen
1917 1499 2011 1544 quod
2044 1499 2088 1534 de
2111 1500 2338 1535 fideiussione

112 1536 299 1572 δείκνυται.
345 1541 453 1574 τοῦτο
468 1543 632 1593 μέντοιγε
653 1538 744 1587 ὅπερ
760 1545 842 1596 περὶ
861 1543 924 1596 τῆς
941 1539 1064 1598 ἐγγύης
1083 1543 1188 1597 §trep-
1202 1546 1244 1578 30
1258 1543 1460 1578 censuimus
1484 1543 1530 1578 ad
1547 1544 1728 1579 masculos
1753 1545 1998 1580 tantummodo
2023 1545 2153 1580 liberos
2176 1545 2337 1580 volumus

111 1587 269 1627 πίσαμεν
299 1585 346 1618 εἰς
368 1585 451 1619 τοὺς
475 1597 624 1631 αρρενας
655 1591 714 1619 καὶ
737 1600 852 1631 μονον
880 1600 1029 1630 ανηκειν
1059 1587 1190 1622 παῖδας

110 1626 331 1672 βουλόμεθα.

110 1673 134 1708 9
179 1674 210 1706 εἰ
241 1673 424 1720 ἐλεγχθείη
456 1686 510 1709 τις
540 1677 617 1709 τῶν
648 1673 806 1719 παίδων,
837 1672 896 1710 ὅτι
925 1676 1080 1711 ἐκώλυσε
1108 1679 1191 1712 τοὺς

110 1715 219 1752 ἰδίους
240 1722 355 1765 γονεῖς
379 1719 610 1763 ποιήσασθαι
635 1718 830 1765 διαθήκην,
855 1719 944 1756 dieve
966 1724 997 1756 εἰ
1014 1721 1186 1767 μὲνμετὰ

1257 1589 1446 1633 pertinere.

1259 1679 1284 1715 9
1331 1678 1368 1714 Si
1391 1679 1575 1714 convictus
1606 1679 1716 1714 fuerit
1748 1680 1876 1724 aliquis
1905 1680 2116 1722 liberorum,
2146 1680 2231 1724 quia
2254 1690 2336 1725 pro-

1259 1724 1376 1759 hibuit
1396 1729 1563 1769 parentes
1585 1735 1669 1759 suos
1691 1725 1844 1760 condere
1859 1729 2130 1769 testamentum,
2153 1729 2195 1759 ut
2213 1725 2243 1760 si
2260 1725 2336 1770 qui-

200 1811 243 1843 10
265 1811 396 1844 Αἰτίας
419 1808 460 1844 δὲ
482 1830 525 1836 -
551 1814 670 1852 541‚17
697 1815 824 1846 πίστιν
847 1811 1086 1855 κηρύσσουσιν
1111 1815 1206 1847 habet
1228 1815 1279 1847 Β*
1301 1816 1339 1847 Α
1362 1817 1401 1850 71
1422 1829 1457 1859 p.
1479 1816 1543 1849 122
1561 1816 1664 1850 Zach.
1691 1817 1779 1858 (inde
1803 1817 1838 1849 B
1864 1817 1884 1849 l.
1899 1829 1925 1849 c.
1952 1817 2102 1858 Heimb.).
2128 1835 2173 1842 —-
2206 1817 2337 1851 Summa

266 1858 286 1897 ἐ
306 1858 414 1891 1—-12
438 1864 485 1890 est
509 1859 547 1890 in·
563 1858 689 1900 Ecloya
710 1860 799 1898 6,13,
824 1859 844 1900 ξ
865 1859 975 1891 1—14
998 1860 1032 1891 in
1055 1859 1185 1903 Ecloya
1205 1862 1340 1902 privata
1366 1868 1461 1894 aucta
1486 1863 1517 1902 7,
1532 1868 1644 1894 16—18.

199 1900 253 1942 §8
276 1914 427 1935 summam
450 1903 526 1936 Ath.
552 1910 699 1946 repetunt
719 1905 882 1946 paratitla
905 1904 981 1935 Ath.
1001 1906 1039 1937 15
1063 1908 1110 1943 §8
1138 1913 1167 1937 et
1192 1906 1245 1938 lib.
1271 1907 1354 1950 περὶ
1378 1902 1566 1950 διαφόρων
1589 1902 1891 1951 ἀναγνωσμάτων
1915 1908 1992 1948 §10
2008 1919 2043 1950 p.
2061 1909 2125 1941 194
2145 1909 2268 1941 Heimb.

109 1998 250 2030 causas,
274 1999 323 2023 ea·
346 1988 475 2033 quibus
499 1989 603 2024 liberi
623 1990 762 2035 inm-ati
785 1990 938 2024 iudicari
962 1991 1124 2033 debeant,
1148 1992 1186 2027 in
1209 1992 1359 2027 diversis
1383 1993 1520 2038 leqibus
1543 1993 1728 2040 dispersas
1756 2004 1871 2038 neque
1895 1993 1992 2028 clare
2011 1995 2181 2039 prolatas
2203 1994 2336 2030 inveni-

109 2041 199 2073 mus,
230 2044 383 2078 quarum
413 2034 507 2069 aliae
538 2045 582 2069 ne
604 2035 755 2070 idoneae
786 2035 927 2080 quidem
958 2036 1007 2070 ad
1028 2036 1324 2082 inqratitudinem
1355 2038 1583 2073 statuendam
1614 2038 1718 2073 nobis
1745 2039 1842 2073 visae
1870 2038 1965 2073 aliae
1995 2040 2159 2118 {nammis
2186 2040 2337 2075 idoneae

107 2078 383 2122 praetermissae
405 2085 501 2119 sunt,
525 2086 726 2124 propterea
750 2081 989 2115 necessarium
1012 2092 1089 2116 esse
1118 2081 1223 2117 nobis
1245 2083 1359 2117 visum
1383 2088 1436 2117 est
1466 2094 1529 2118 eas
1552 2083 1761 2118 nominatim
1778 2084 1968 2135 praesenti

2013 2095 2078 2129 eye
2106 2085 2335 2130 comprehen-

109 2121 204 2163 dere,
238 2122 290 2157 ita
321 2127 361 2156 ut
384 2129 535 2168 praeter
565 2135 627 2158 eas
657 2125 790 2159 nemini
818 2124 924 2159 liceat
953 2136 1002 2160 ex
1031 2126 1106 2160 alia
1136 2126 1213 2172 leqe
1237 2126 1511 2172 inqratitudinis
1542 2138 1689 2163 causam
1714 2139 1899 2174 opponere
1928 2139 1997 2162 nisi
2034 2140 2096 2164 eas
2127 2140 2220 2175 quae
2244 2130 2336 2164 serie

103 2167 311 2212 praesentis
335 2168 601 2203 constitutionis
625 2170 864 2204 continentur.
915 2169 1049 2205 Causas
1071 2175 1191 2206 autem
1213 2171 1330 2206 iustas
1352 2172 1629 2217 ingratitudinis
1652 2172 1719 2207 has
1743 2183 1819 2207 esse
1841 2173 2084 2209 decernimus:

111 2214 132 2247 1
180 2211 220 2246 Si
246 2213 326 2257 quis
346 2213 559 2264 parentibus
582 2214 657 2247 suis
680 2224 808 2248 manus
831 2214 1004 2250 intulerit.

180 2256 222 2292 Si
245 2267 349 2303 yram
373 2262 406 2291 et
429 2257 620 2292 inhonesta
643 2258 857 2294 contumelia
879 2270 941 2293 eos
963 2259 1139 2304 affecerit.

180 2345 222 2382 Si
245 2358 324 2382 cum
348 2347 512 2391 veneficis
535 2353 576 2383 ut
599 2349 775 2392 veneficus
798 2354 1040 2384 conversetur.

109 2258 135 2473 0³&spka

181 2301 223 2336 Si
245 2312 308 2337 eos
330 2303 368 2336 in
392 2302 636 2338 criminalibus
659 2304 778 2338 causis
801 2306 1026 2339 accusaverit
1049 2305 1119 2339 nisi
1142 2316 1235 2350 quae
1259 2305 1431 2340 adversus
1450 2306 1654 2352 principem
1678 2309 1743 2341 aut
1764 2307 2021 2352 rempublicam
2044 2311 2140 2343 sunt.

181 2391 222 2426 Si
246 2392 340 2427 vitae
357 2398 553 2438 parentum
574 2403 642 2438 per
665 2393 870 2437 veneficium
894 2393 951 2428 vel
972 2394 1046 2428 alio
1070 2393 1176 2429 modo
1201 2394 1371 2429 insidiari
1394 2396 1628 2441 temptaverit.

182 2436 224 2471 Si
246 2447 325 2471 cum
349 2447 505 2472 noverca
528 2448 596 2472 sua
620 2438 675 2472 vel
698 2438 896 2473 concubina
914 2439 1038 2484 patris
1058 2439 1158 2483 filius
1182 2449 1315 2485 corpus
1338 2439 1530 2475 miscuerit.

110 2483 131 2517 7
176 2480 220 2516 Si
240 2482 480 2517 calumniator
510 2482 682 2517 adversus
710 2487 881 2529 parentes
909 2484 1008 2527 filius
1037 2484 1200 2519 extiterit
1230 2488 1265 2519 et
1287 2495 1361 2530 per
1391 2485 1605 2520 delationem
1634 2496 1737 2520 suam
1768 2486 1947 2531 effecerit,
1977 2490 2019 2522 ut
2041 2489 2170 2533 qravia
2201 2489 2334 2525 damna

204 2531 238 2561 et
298 2537 321 2560 n
338 2538 392 2561 ur.

105 2537 223 2608 gergi
238 2531 350 2617 eqriffeiii
373 2582 423 2607 ex
444 2571 642 2617 praedictis
657 2572 875 2624 parentibus
897 2572 935 2607 in
959 2583 1104 2608 carcere
1126 2572 1303 2608 inclusum
1327 2584 1404 2608 esse
1427 2573 1629 2619 contulerit,
1654 2578 1689 2607 et
1712 2573 1816 2608 liberi
1839 2577 1901 2620 qui
1925 2576 1969 2611 ab
1987 2577 2155 2613 intestato
2180 2578 2230 2613 ad
2254 2589 2332 2614 suc-

111 2617 305 2652 cessionem
328 2617 405 2652 eius
428 2618 547 2652 venire
564 2621 723 2663 possint,
747 2618 792 2653 ab
813 2627 856 2652 eo
880 2618 1023 2663 romili,
1047 2617 1102 2653 vel
1125 2628 1219 2651 unus
1241 2628 1290 2653 ea:
1313 2618 1370 2660 iis,
1394 2618 1578 2654 noluerint
1601 2619 1639 2653 in
1655 2618 1925 2662 fideiussionem
1948 2632 2051 2656 suam
2071 2633 2151 2657 eum
2172 2623 2333 2669 recipere

110 2663 184 2697 sive
204 2672 275 2708 pro
297 2672 457 2708 persona
479 2663 552 2697 sive
567 2673 642 2708 pro
668 2662 796 2703 debito,
826 2663 864 2696 in
889 2666 1061 2708 quantum
1084 2661 1236 2697 idoneus
1260 2673 1336 2698 esse
1357 2664 1390 2697 is
1413 2663 1476 2708 qui
1498 2674 1542 2698 ro
1570 2666 1652 2698 atus
1675 2667 1728 2698 est
1751 2664 1941 2710 probetur.
1987 2666 2071 2701 Hoc
2095 2672 2212 2702 tamen
2235 2668 2335 2713 quod

111 2706 156 2742 de
175 2707 407 2752 fideiussione
429 2707 620 2742 sanximus
642 2707 692 2742 ad
713 2707 895 2742 masculos.
914 2707 1108 2742 dumtaxat
1131 2706 1263 2742 liberos
1283 2708 1466 2753 pertinere
1489 2718 1533 2743 vo
1550 2719 1663 2743 umus.

110 2752 135 2788 9
181 2750 224 2787 Si
254 2753 335 2798 quis
363 2762 413 2787 ex
442 2752 563 2787 liberis
593 2753 776 2788 convictus
804 2753 851 2787 sit
872 2752 1102 2798 prohibuisse
1131 2762 1217 2787 suos
1238 2756 1414 2799 parentes
1446 2754 1636 2798 quominus
1665 2756 1912 2790 testamentum
1941 2756 2127 2801 facerent,
2160 2758 2214 2793 ita
2237 2762 2278 2794 ut
2299 2758 2333 2793 si

183 2845 197 2876 1
226 2842 263 2882 ἐξ
287 2834 341 2875 ὧν
364 2840 410 2883 οἱ]
435 2841 471 2875 οἱ
493 2841 532 2882 ἐξ
554 2834 608 2876 ὦν
632 2840 674 2886 δὴ
697 2844 728 2876 Α
754 2843 766 2886 ΙΙ
793 2841 934 2887 ὤφελον
957 2844 987 2875 A
1010 2842 1021 2886 ΙΙ
1046 2844 1066 2876 6
1092 2854 1189 2886 περι·
1256 2844 1329 2875 τοῖς
1354 2843 1409 2875 Pr.
1422 2844 1571 2885 plerique
1597 2842 1609 2887 ΙΙ
1641 2844 1682 2877 23
1707 2843 2001 2888 *παρασκευάσω
2025 2848 2194 2881 MLAPr.
2217 2860 2330 2892 παρα-

112 2885 236 2930 λαβεῖν
259 2886 360 2930 νόμω
385 2889 416 2920 Α
433 2888 445 2930 ΙΙ
471 2889 490 2922 8
515 2888 641 2929 αἰτίας]
666 2889 743 2924 Las·
764 2888 776 2932 ΙΙ
801 2891 821 2922 9
845 2887 1081 2932 περιεχόμενα
1105 2888 1155 2920 La
1178 2886 1189 2931 ΙΙ
1257 2887 1419 2920 σκευάσει
1433 2888 1482 2920 B8
1494 2888 1558 2931 Ep.
1577 2888 1589 2931 ΙΙ
1608 2889 1651 2922 24
1674 2887 1716 2929 εἰ]
1739 2886 1763 2931 ἢ
1786 2889 1817 2922 εἰ
1837 2891 1901 2932 Ep.
1921 2890 1955 2932 (ι’
1971 2891 2130 2935 Amarq.)
2146 2891 2159 2936 ΙΙ
2176 2896 2330 2936 συμβαίη

115 2934 155 2966 10
179 2932 321 2973 Αἰτίας]
347 2932 386 2964 θ’
401 2946 501 2976 mary.
521 2935 553 2966 A
569 2936 580 2976 ΙΙ
598 2933 729 2975 ταύτης
752 2933 783 2965 L
801 2933 813 2976 ΙΙ
833 2935 873 2967 12
901 2938 939 2972 §§
957 2941 1022 2967 1—8
1046 2945 1190 2965 numeros
1255 2934 1287 2965 A
1307 2935 1317 2973 ξ]
1334 2932 1531 2977 εἰρημένων
1554 2935 1614 2969 Ag
1628 2934 1683 2966 Pr.
1698 2934 1776 2976 Em]
1801 2932 1907 2968 ἰδίων
1931 2937 2054 2970 MLB⁸
2072 2937 2083 2980 ΙΙ
2106 2938 2147 2970 25
2172 2938 2233 2971 ἐπὶ
2247 2939 2329 2978 ML]

113 2978 216 3018 ἆ-ἶ]
242 2980 378 3020 apponit
401 2978 460 3017 M,
485 2979 552 3011 sim.
571 2979 601 3011 A
625 2979 680 3020 (cf.
706 2979 752 3011 ad
775 2980 852 3019 538,
867 2986 893 3012 3.
919 2986 961 3012 13.
987 2980 1031 3016 21)
1054 2976 1066 3021 ΙΙ
1091 2979 1145 3019 χεῖ
1167 2989 1190 3008 α
1256 2978 1303 3010 εἰς
1319 2978 1403 3010 ΑΒ8
1416 2978 1472 3009 Pr.
1486 2979 1550 3020 Ep.
1568 2981 1579 3021 ΙΙ
1599 2979 1642 3011 26
1658 2978 1801 3012 τούτων
1813 2981 1868 3012 Pr.
1886 2981 1898 3023 ss
1917 2977 2089 3023 διαδοχὴν
2112 2979 2246 3022 ἐλθεῖν]
2277 2980 2330 3014 έλ-

113 3022 229 3054 ΡνοεΙι.
261 3022 273 3064 ΙΙ
301 3020 490 3065 ἐπιβάλλω
515 3023 546 3055 L
581 3021 767 3066 ἐπιβάλλει
791 3023 840 3055 B⁸
861 3036 892 3055 υ.
911 3025 931 3056 Ι.
955 3023 967 3066 ΙΙ
998 3025 1037 3056 13
1062 3022 1092 3054 εἰ
1120 3024 1144 3055 lv
1158 3024 1188 3062 ς]
1256 3022 1342 3055 θεῖν
1366 3020 1605 3066 κληρονομίαν
1629 3024 1660 3056 L
1679 3026 1690 3064 ΙΙ
1707 3025 1747 3057 27
1774 3021 1797 3066 ἢ
1819 3025 1908 3070 γοῦν
1922 3045 1961 3050 —
1977 3022 2099 3059 αὐτῶν
2123 3040 2180 3060 om.
2195 3029 2225 3060 A
2242 3027 2255 3069 ΙΙ
2272 3027 2330 3067 εἰς]

114 3064 138 3142 :2
156 3066 517 3144 2221221222·
528 3063 995 3155 2212122222522221
1015 3067 1190 3145 tritt}
1257 3063 1932 3155 221212121222222221122·12
1952 3067 2165 3148 221122
2179 3071 2332 3158 'fai-<2:1¹

115 3125 156 3190 115
181 3155 244 3198 τῆς
270 3155 315 3199 μὶ
328 3125 448 3198 Ροῦσης
471 3158 527 3189 Pr.
558 3156 570 3200 ΙΙ
598 3153 720 3190 αὐτῶν
744 3125 801 3189 οἴη.
823 3125 898 3200 727<1μ11
926 3127 1189 3203 *κΙατηγορήσοι
1257 3159 1288 3191 Α
1302 3126 1401 3201 visbii-9.
1421 3158 1433 3200 [Ι
1454 3126 1544 3199 εἰ]Ρῆ
1567 3157 1598 3190 εἰ
1622 3126 1686 3201 Εἰ.
1704 3158 1716 3201 ΙΙ
1743 3160 1786 3192 34
1810 3139 1992 3202 διἀθήκην
2014 3129 2241 3200 ποιήσεσθαι
2265 3161 2330 3203 Ep.

114 3201 220 3234 MLA
233 3201 291 3234 Pr.
315 3201 548 3246 κατηγορήσει
569 3202 618 3234 B⁸
630 3203 693 3245 Ep.
718 3201 730 3245 ΙΙ
759 3204 798 3234 15
823 3200 928 3242 κατὰ]
954 3199 979 3244 ἢ
997 3201 1090 3235 κατὰ
1108 3203 1156 3234 B³
1178 3200 1191 3246 ΙΙ
1256 3220 2324 3227 ————-———-—-—-—-—-—-

114 3243 307 3287 πολιτείας]
336 3247 397 3280 ἐπὶ
420 3245 563 3279 τούτων
582 3245 651 3291 γὰρ
675 3245 989 3291 ἀποκηρύσσονται
1011 3245 1047 3279 οἱ
1068 3243 1192 3281 παῖδες

115 3293 193 3325 add.
208 3292 255 3324 Β*
278 3304 306 3324 υ.
321 3292 341 3324 l.
360 3292 372 3329 ΙΙ
398 3293 438 3324 16
461 3291 492 3324 εἰ
508 3292 579 3332 Μς]
605 3288 628 3335 ἢ
645 3292 708 3325 LA
718 3292 774 3326 Pr.
788 3292 853 3334 Ep.
876 3285 898 3332 ἢ
923 3291 954 3323 εἰ
978 3292 1028 3324 B*
1046 3291 1057 3333 ΙΙ
1080 3292 1190 3324 *συν-

116 3337 378 3381 αναστρέφεται
399 3331 674 3391 (ἀναστρέφεται
686 3337 748 3378 Βδ)
774 3337 850 3370 libri
870 3336 883 3379 ΙΙ
908 3338 948 3370 17
966 3335 996 3368 εἰ
1009 3336 1144 3378 MAB⁸1
1168 3332 1191 3379 ἢ

115 3381 213 3417 LPr.
229 3381 294 3424 Ep.
310 3393 328 3416 ς
345 3376 397 3423 1Ιῆ
412 3379 524 3423 ἄλλῳ]
548 3394 569 3423 η
594 3383 653 3413 καὶ
674 3380 783 3425 ἑτέρω
807 3383 838 3414 A
861 3381 873 3424 u
900 3382 940 3415 18
964 3379 1123 3426 πειραθῆ
1148 3383 1190 3422 Α,

115 3425 183 3459 τὸν
204 3426 371 3459 τοιοῦτον
394 3424 599 3471 ἀπόκληρον
630 3425 721 3459 εἶναι
746 3425 970 3469 θεσπίζομεν
995 3428 1070 3459 add.
1093 3427 1149 3459 Pr.
1180 3425 1192 3472 ΙΙ

119 3473 159 3504 19
180 3471 221 3511 εἰ]
246 3469 268 3514 ἢ
293 3472 357 3514 Ep.
380 3470 392 3510 ΙΙ
419 3468 612 3504 παλλακίδι
628 3472 708 3512 MA]
741 3469 903 3516 παλλακῇ
930 3468 1084 3514 (παλακῆ
1097 3472 1141 3514 L)
1162 3473 1192 3506 L

119 3515 233 3548 B⁸Pr.
247 3518 311 3559 Ep.
337 3516 349 3560 ΙΙ
378 3513 398 3549 ὁ
422 3515 498 3549 υἱὸς
521 3530 579 3549 om.
601 3510 694 3557 243⁸,
724 3514 743 3548 ὁ
763 3515 838 3549 υἱὸς
860 3515 992 3549 ἑαυτὸν
1015 3529 1073 3549 om.
1097 3517 1161 3560 Ep.
1181 3515 1193 3562 ΙΙ

119 3561 162 3593 20
186 3560 381 3604 *συμμίξοι
398 3562 440 3595 Μ
464 3559 653 3604 καταμίξαι
668 3562 700 3594 A
731 3559 887 3605 ἐπιμίξοι
905 3562 936 3594 L
963 3560 1109 3604 ἑμμίξει,
1128 3575 1157 3597 υ.
1171 3564 1193 3596 l.

118 3602 213 3647 μίξει
238 3606 285 3638 B³
321 3606 417 3649 μίξοι
442 3608 498 3639 Pr.
539 3603 724 3651 ‹ruptulo-uf)
756 3607 829 3650 (leq.
857 3604 1058 3660 συμπλακῇ)
1081 3607 1146 3650 Ep.
1181 3607 1193 3652 ΙΙ
2109 3652 2116 3658 ι

121 3651 161 3683 21
186 3649 230 3691 εἰ]
254 3646 277 3692 ἢ
300 3651 412 3695 MEp.
441 3652 454 3695 ΙΙ
481 3649 500 3684 ὁ
526 3650 612 3691 υἱὸς]
648 3650 749 3684 οὗτος
774 3652 830 3684 Pr.
866 3652 975 3685 αυτοῦ
1002 3655 1050 3692 A,
1081 3648 1101 3684 ὖ
1118 3651 1193 3686 υἱὸς
1261 3652 1413 3684 om.R¹T
1427 3651 1439 3695 ΙΙ
1456 3653 1498 3685 28
1521 3661 1582 3693 pro
1606 3664 1664 3685 om.
1678 3652 1726 3684 R¹
1744 3651 1756 3694 ΙΙ
1774 3653 1816 3685 29
1837 3652 1882 3685 tffi
1903 3653 1933 3684 R
1949 3651 1962 3695 ΙΙ
1981 3653 2023 3686 33
2044 3655 2241 3684 coniunctus
2257 3652 2331 3693 13¹1!

121 3702 194 3727 ante
214 3693 305 3728 κατὰ
330 3698 401 3730 coll.
416 3696 465 3730 Β8
482 3697 494 3742 1]
513 3699 554 3730 22
578 3698 729 3741 βαρεῖαν
753 3692 881 3729 αὐτοὺς
905 3697 1035 3740 ζημίαν
1053 3697 1083 3730 Α
1102 3696 1115 3741 Ι]
1131 3694 1191 3729 αὖ·
1261 3699 1303 3729 34,
1329 3696 1504 3729 concedere
1530 3697 1575 3729 13¹
1595 3695 1607 3740 ΙΙ
1624 3698 1661 3728 ut
1686 3715 1726 3721 -—
1753 3698 1854 3738 538,1
1878 3698 2112 3733 testamentum
2136 3698 2183 3729 bis
2205 3709 2266 3729 scr.
2286 3696 2331 3729 R*

189 3750 243 3780 111.
2020 3755 2062 3787 68

1308 3249 1320 3280 1
1339 3246 1426 3287 grati
1448 3246 1536 3288 Vpr.
1553 3248 1565 3288 ss
1584 3246 1745 3279 debebant
1766 3248 1853 3290 Vpr.
1872 3248 1884 3291 ΙΙ
1902 3249 1937 3280 in
1955 3249 2103 3289 diversis]
2124 3249 2159 3280 in
2177 3260 2238 3281 usu
2263 3249 2307 3282 V¹
2319 3248 2331 3293 ΙΙ

1259 3293 1278 3325 2
1303 3290 1491 3323 invenimus
1512 3293 1582 3332 cet]
1609 3289 1771 3335 luenimus
1793 3310 1836 3317 -
1865 3295 1904 3326 12
1921 3294 1950 3325 si
1974 3294 2048 3335 quis
2070 3307 2132 3327 scr.
2148 3294 2198 3326 Β2
2215 3296 2246 3326 in
2263 3306 2329 3326 ras.

1260 3339 1279 3371 5
1295 3349 1346 3369 υυ.
1365 3336 1376 3379 ΙΙ
1395 3337 1414 3369 3
1438 3336 1552 3377 aliqua
1576 3336 1608 3369 T
1616 3337 1626 3356 ²
1644 3335 1695 3380 114
1718 3336 1856 3378 aliqua?
1877 3337 1929 3370 Va
1947 3338 1959 3380 ΙΙ
1981 3340 2000 3371 5
2023 3338 2243 3381 prospesimus
2264 3338 2298 3371 R
2319 3338 2332 3381 Ι]

1260 3384 1278 3415 7
1296 3381 1399 3414 nullis
1416 3382 1447 3414 R
1463 3383 1475 3423 Ι]
1495 3381 1513 3415 8
1532 3391 1598 3422 qna
1617 3381 1694 3426 1⁷²1!
1713 3382 1784 3414 eius
1804 3383 1836 3415 T
1849 3382 1862 3426 ΙΙ
1877 3383 1898 3416 9
1919 3383 2227 3416 continentinentur
2247 3382 2296 3414 17ι
2319 3382 2333 3424 Ι]

1259 3425 1512 3468 ingratitudinis
1523 3426 1628 3458 iustas
1636 3425 1730 3471 R(²)ss
1746 3428 1786 3460 12
1798 3428 1934 3470 sinqulis
1949 3432 1986 3467 §§
1999 3441 2143 3461 numeros
2150 3427 2336 3461 Ι-ΧΙΙΙΙ

1261 3473 1396 3515 apponit
1414 3470 1471 3512 T²‚
1494 3471 1664 3504 II-IIII
1678 3472 1735 3513 R¹‚
1769 3472 1960 3506 V-XIIII
1974 3472 2049 3516 [2²11
2067 3472 2228 3505 intulerat
2251 3472 2296 3505 R·
2319 3471 2332 3516 ΙΙ

1262 3518 1302 3550 15
1328 3518 1397 3557 seu]
1421 3527 1454 3548 se
1475 3516 1523 3548 V¹
1546 3515 1558 3559 ΙΙ
1587 3518 1627 3550 16
1651 3516 1699 3557 Si]
1723 3517 1794 3548 siue
1822 3517 1853 3550 T
1870 3517 1882 3560 ΙΙ
1905 3519 1954 3557 ut]
1978 3519 2037 3550 aut
2063 3517 2112 3550 T¹
2127 3517 2140 3560 ΙΙ
2169 3519 2207 3552 17
2233 3517 2331 3558 vitae]

1260 3566 1298 3594 ut
1322 3571 1338 3594 e
1365 3562 1397 3594 T
1410 3561 1422 3604 ΙΙ
1439 3560 1631 3594 uenefitium
1657 3562 1688 3595 Τ
1707 3561 1719 3605 ΙΙ
1746 3563 1787 3595 18
1811 3564 2030 3605 temptauerat
2054 3562 2087 3594 R
2103 3562 2116 3605 1]
2136 3563 2176 3596 19
2199 3564 2279 3603 sese]
2299 3572 2332 3594 se

1268 3606 1325 3650 Vll
1349 3608 1388 3640 21
1416 3607 1463 3647 Si]
1488 3606 1551 3638 Vel
1575 3607 1603 3639 si
1629 3605 1686 3650 ΤΗ
1703 3606 1850 3639 existerit
1877 3606 1930 3651 ΤΙΙ
1955 3608 1997 3641 22
2022 3607 2069 3639 eis
2095 3605 2144 3639 T¹
2163 3608 2232 3648 1127
2257 3618 2332 3640 eum
