2618 4010
154 152 587 186 consrAurmoroms
1232 135 1309 182 271
2049 136 2156 178 Nov.
2189 135 2329 178 XLIII
2364 139 2381 176 1

154 255 214 296 τῆς
239 251 448 287 εὐδαίμονος
476 251 607 294 ταύτης
641 250 777 285 πόλεως
808 252 855 284 εἰς
888 254 927 284 ἓν
951 250 1143 284 συνελθεῖν
1176 253 1234 283 καὶ
1306 249 1410 283 huius
1441 247 1540 283 urbis
1570 247 1607 282 in
1630 257 1702 281 uno
1729 247 1916 281 convenire
1947 250 1982 281 ot
2008 258 2152 282 causam
2185 246 2386 281 examinare

153 300 194 332 το
221 289 368 344 ποᾶγιιά
393 296 557 338 ἐξετάσαι
586 300 646 330 καὶ
678 298 725 330 εἰς
757 295 845 338 ἡμᾶς
877 296 1022 343 ἀγαγεῖν
1046 296 1091 329 τὰ
1116 293 1235 330 αὐτοῖς
1306 297 1342 328 et
1365 293 1411 328 ad
1434 304 1500 328 nos
1525 293 1659 328 referre
1683 302 1776 336 quae
1800 292 1851 327 eis
1871 292 2046 334 videntur,
2072 299 2108 328 et
2131 292 2310 337 praesenti
2334 292 2387 326 uti

154 332 330 384 δόξαντα,
360 347 418 376 καὶ
449 343 503 385 τῷ
536 340 692 388 παρόντι
723 341 932 388 χρήσασθαι
965 340 1053 387 πρὸς
1075 340 1142 383 τὴν
1167 341 1234 383 σὴν
1304 339 1350 373 ad
1364 344 1463 373 tuam
1481 338 1724 374 celsitudinem
1744 337 1819 380 lege
1836 338 2070 372 confirmante
2091 348 2180 382 quae
2194 338 2386 372 Anastasio

153 388 330 433 ὑπεροχὴν
359 388 472 430 νόμῳ,
503 389 734 431 βεβαιοῦντες
765 386 809 420 τὰ
837 382 1065 429 ’Λναστασίῳ
1098 387 1150 429 τῷ
1176 387 1237 428 τῆς
1307 385 1388 429 piae
1412 385 1603 419 memoriae
1627 383 1671 417 de
1695 383 1761 416 hoc
1786 382 1932 425 placuit.

154 432 317 478 εὐσεβοῦς
341 432 470 475 λήξεως
493 436 575 478 περὶ
599 431 727 466 τούτου
753 430 1003 477 παραστάντα.
1272 435 1291 464 5

1165 543 1322 600 CAPUT
1342 543 1370 578 Ι.

210 617 282 647 Καὶ
308 614 544 656 θεσπίζομεν,
576 611 620 646 τὰ
643 615 710 655 μὲν
734 614 828 647 mille
853 617 994 647 centum
1020 611 1237 658 ἐργαστήρια
1354 610 1404 645 Et
1425 609 1603 644 sancimus
1623 608 1718 643 mille
1737 608 1876 653 quidem
1897 611 2040 642 centum
2061 609 2253 651 ergasteria
2274 609 2386 642 omni-

154 660 243 693 πᾶσι
266 657 412 693 τρόποις
437 657 598 701 α’μείωτα
622 662 682 691 καὶ
706 660 820 702 πάσης
845 657 979 691 δόσεως
999 658 1147 702 καθαροὶ
1173 672 1234 701 ‹pv-
1307 655 1374 689 bus
1405 655 1518 689 modis
1550 655 1735 688 imminuta
1767 658 1802 688 et
1833 653 1929 687 omni
1962 653 2105 687 datione
2135 664 2226 697 pura
2256 654 2387 687 servari

155 691 354 738 λάττεσῧαι
390 705 433 750 τῇ
468 702 650 749 ἁγιωτάτῃ
683 703 817 750 μεγάλῃ
855 702 1021 744 ἐκκλησίᾳ
1058 703 1236 748 προφάσει
1307 700 1552 735 Sanctissimae
1586 699 1713 734 maiori
1744 699 1915 733 ecclesiae
1951 700 2140 732 occasione
2172 700 2388 732 decanorum

153 751 230 783 τῶν
263 747 426 781 δεκανῶν
459 748 537 790 ἤτοι
570 747 804 793 λεκτικαρίων
836 752 894 781 καὶ
927 749 987 789 τῆς
1019 749 1096 781 τῶν
1121 747 1234 781 τελευ-
1307 755 1370 779 seu
1404 745 1664 779 lecticariorum
1706 746 1741 779 et
1776 744 2026 778 defunctorum
2060 745 2174 777 funeri
2204 744 2387 787 deputata,

153 792 308 828 τώντων
338 794 436 827 ὁσίας
466 794 713 838 άφωρισμενα,
746 792 889 827 οὐδενος
914 793 1035 839 ἑτερου
1058 792 1148 837 παρ’
1176 791 1234 824 αὐ-
1255 794 1292 824 10
1306 791 1404 824 nullo
1438 791 1550 824 altero
1584 794 1726 834 praeter
1757 800 1835 824 eam
1868 790 2043 823 decanum
2077 789 2215 832 exigere
2250 792 2388 823 valente

154 839 220 881 τὴν
255 838 406 872 δεκανὸν
443 836 612 872 άπαιτεῖν
649 838 848 882 δυναμένου
883 835 955 871 άπὸ
990 837 1183 883 αἱρετικῶν
1215 834 1236 879 ἢ
1306 835 1350 868 ab
1378 836 1637 869 haereticorum
1663 839 1726 869 aut
1749 836 1819 869 alia
1843 834 2002 878 qualibet
2025 834 2251 869 sanctissima
2276 835 2387 868 eccle-

154 883 258 926 ἄλλης
289 884 430 918 οἱαςοῦν
452 882 652 929 ἁγιωτάτης
676 884 876 926 ἐκκλησίας·
910 880 997 915 ἀλλὰ
1022 882 1064 916 τὸ
1089 885 1235 928 ἔναγχος
1306 880 1378 914 sia:
1413 881 1474 914 sed
1500 882 1594 924 quod
1628 891 1742 924 nuper
1774 890 1796 914 a
1820 880 1922 914 nobis
1947 880 2151 914 ordinatum
2181 884 2236 914 est
2260 880 2387 921 valere,

155 927 246 975 παρ’
282 930 385 972 ὴμῶν
419 927 700 975 διατεταγμένον
732 933 887 972 κρατεῖν,
922 926 1009 961 diste
1040 925 1235 961 ὀκτακόσια
1305 927 1346 959 ut
1367 926 1573 968 octingenta
1594 926 1735 969 quidem
1754 925 1948 969 ergasteria
1967 925 2107 959 solvant
2128 935 2291 968 corpora,
2317 929 2386 958 tre-

154 977 220 1015 μὲν
246 973 460 1020 ἐργαστήρια
491 974 605 1007 τελεῖν
635 973 681 1008 τά
706 974 877 1017 στόματα,
910 974 1100 1018 τριακόσια
1133 971 1172 1005 δὲ
1195 976 1235 1004 ἐν
1306 973 1411 1004 centa
1442 981 1523 1004 vero
1553 970 1589 1004 in
1621 982 1764 1005 nummo
1798 971 1997 1013 exigantur.
2046 969 2148 1013 Quod
2181 970 2273 1004 enim
2304 970 2388 1003 hinc

154 1019 417 1065 άπαργνρισμαῖ
451 1018 688 1052 καθεστάναι.
736 1019 778 1052 τὸ
810 1019 878 1064 γὰρ
909 1018 1083 1051 ἐντεῦθεν
1112 1018 1235 1050 συνιὼν
1254 1018 1290 1048 15
1305 1015 1482 1058 colligitur
1513 1015 1583 1049 iam
1608 1026 1711 1050 sacra
1743 1021 1866 1050 nostra
1898 1016 2119 1060 pragmatica
2149 1015 2307 1050 definivit
2332 1016 2388 1048 lox

154 1064 219 1106 ἤδη
250 1066 345 1097 ,τεῖος
369 1062 473 1107 ἡμῶν
503 1063 747 1109 πραγματικὸς
779 1061 980 1096 διετύπωσε
1012 1061 1119 1108 νόμος
1144 1063 1191 1096 εἰς
1214 1059 1235 1095 ὂ
1305 1059 1350 1093 ad
1375 1060 1460 1104 quid
1482 1065 1686 1104 competens
1712 1066 1765 1095 est
1788 1061 1949 1105 expendi,
1976 1060 2165 1104 subrogari
2188 1071 2270 1095 vero
2296 1070 2388 1094 sern-

155 1109 329 1154 προςῆκύν
364 1113 441 1143 ε’στι
477 1112 686 1155 προχωρεῖν,
723 1106 998 1154 ἀντειςαγεσθαι
1035 1107 1073 1140 δὲ
1106 1106 1161 1140 ἀεὶ
1193 1106 1234 1140 τὸ
1305 1115 1370 1148 per
1394 1105 1489 1149 quod
1515 1106 1626 1139 cadit:
1664 1107 1789 1140 modus
1817 1116 1955 1150 quoque
1980 1106 2173 1140 secundum
2199 1116 2302 1150 quem
2323 1106 2389 1139 erit

156 1156 373 1189 διαπῖπτον·
406 1158 465 1187 καὶ
489 1151 508 1187 ὅ
531 1167 570 1199 γε
595 1153 735 1198 τρόπος,
770 1152 858 1185 καθ’
893 1151 935 1186 ὃν
964 1155 1067 1186 ἔσται
1099 1152 1145 1186 τὰ
1175 1153 1236 1194 τῆς
1305 1150 1509 1193 subrogatio
1548 1151 1593 1184 ab
1632 1152 1816 1185 Anastasii
1839 1152 1932 1195 -piae
1967 1153 2156 1185 memoriae
2193 1151 2388 1195 dispositus

155 1199 421 1246 ἀντειςαγωγῆς,
446 1198 516 1231 ὑπὸ
541 1200 616 1231 τῶν
638 1199 872 1232 Ἁναστασιόν
897 1201 960 1231 τοτ’
985 1199 1046 1239 τῆς
1069 1198 1235 1242 ευσεβοῦς
1304 1198 1360 1230 est
1383 1195 1612 1230 iussionibus.
1665 1195 1760 1230 Haec
1785 1197 1955 1239 siquidem
1981 1198 2056 1231 sine
2080 1197 2224 1230 tributis
2246 1205 2389 1230 manere

156 1245 293 1288 μνήμης
311 1242 578 1278 διατετύπωται
598 1242 803 1276 κελεύσεων.
835 1244 1033 1285 ταῦταμὲν
1049 1244 1113 1275 οὖν
1130 1240 1235 1283 ἀτελῆ
1249 1243 1289 1274 20
1305 1245 1340 1274 et
1376 1240 1472 1274 omni
1508 1244 1658 1283 excepta
1691 1242 1877 1275 functione
1913 1242 2110 1284 sancimus,
2148 1251 2264 1285 neque
2300 1241 2387 1284 ipsis

155 1293 276 1333 με’νειν
308 1292 366 1322 καὶ
390 1287 503 1330 πάσης
527 1288 725 1334 ἐξῃρημένα
756 1288 971 1334 λειτουργίας
998 1289 1234 1331 θεσπίζομεν,
1305 1286 1509 1329 ergasteriis
1541 1296 1657 1329 neque
1689 1286 1904 1329 praepositis
1936 1287 2161 1324 collegiorum
2187 1287 2387 1330 praebenti-

155 1335 237 1368 οὗτε
269 1335 390 1367 αὐτῶν
421 1335 499 1366 τῶν
531 1336 778 1379 ἐργαστηρίων
810 1335 889 1366 οὗτε
912 1334 989 1366 τῶν
1015 1333 1235 1377 προστατῶν
1306 1332 1372 1365 bus
1397 1341 1439 1364 ea
1463 1332 1645 1375 quodlibet
1665 1332 1925 1365 sustinentibus
1945 1332 2111 1365 damnum
2131 1339 2194 1365 aut
2214 1332 2388 1366 tributum

154 1379 232 1412 τῶν
252 1378 492 1422 συστημάτων
510 1380 588 1411 τῶν
610 1382 866 1423 παρεχομένων
893 1377 982 1412 αὐτὰ
1003 1377 1069 1420 τὴν
1089 1378 1235 1411 οἱανοῦν
1305 1377 1592 1420 agnoscentibus.

154 1421 413 1467 ὑπομενόντων
455 1426 587 1466 ζημίαν
628 1424 650 1466 ἦ
691 1438 726 1457 τι
765 1424 863 1457 τέλος
902 1423 1233 1469 ἐπιγινωσκόντων.

155 1471 174 1503 1
229 1467 273 1502 τὰ
300 1471 464 1514 με’ντοιγε
497 1467 603 1502 λοιπὰ
633 1467 754 1502 πάντα
787 1468 1003 1515 ἐργαστήρια
1035 1471 1095 1511 τῆς
1119 1466 1235 1502 εὐδαί-
1249 1468 1324 1501 251
1378 1466 1531 1511 Reliqua
1554 1477 1636 1501 vero
1660 1466 1778 1501 omnia
1810 1467 2006 1510 ergasteria
2032 1466 2259 1501 felicissimae
2282 1466 2389 1500 huius

154 1525 261 1557 μονος
289 1512 420 1556 ταύτης
452 1513 589 1547 πόλεως
623 1515 701 1547 τῶν
734 1513 1007 1558 δεκατεσσάρων
1040 1512 1234 1557 κλιμάτων,
1304 1511 1405 1546 urbis
1430 1512 1716 1556 quattuordecim
1740 1512 1934 1555 regionum,
1964 1513 2037 1546 sive
2061 1512 2308 1546 sanctissimae
2332 1522 2387 1545 ec-

155 1559 225 1593 εἴτε
248 1556 448 1605 ἁγιωτάτης
472 1558 656 1600 ἐκκλησίας
686 1559 756 1593 εἷεν
782 1561 853 1593 εἴτε
878 1559 1049 1599 ξενώνων
1081 1560 1152 1592 εἴτε
1174 1570 1234 1602 μο-
1307 1557 1436 1592 clesiae
1462 1558 1534 1592 sint
1557 1558 1630 1592 sive
1654 1558 1959 1592 xenodochiorum
1993 1558 2065 1592 sive
2090 1558 2389 1592 monasteriorum

155 1609 363 1650 ναστηρίων
393 1605 464 1638 εἴτε
497 1601 815 1651 όρφανοτροφείων
847 1606 917 1638 εἴτε
941 1608 1235 1649 βρεφοτροφείων
1306 1602 1378 1636 Sive
1403 1603 1791 1647 orphanotrophiorum
1823 1603 1896 1637 Sive
1924 1603 2284 1647 brephotrophiorum
2317 1602 2389 1636 Sive

156 1650 226 1682 εἴτε
245 1653 436 1691 πτωχείων
453 1650 523 1683 εἴτε
543 1648 648 1692 ἄλλης
669 1651 810 1683 οἰαςοῦν
831 1649 1049 1690 δεσποτείας,
1071 1651 1142 1683 εἴτε
1158 1650 1235 1682 τῶν
1305 1648 1531 1691 ptochiorum
1563 1648 1635 1683 sive
1667 1649 1814 1683 alterius
1839 1648 2094 1692 cuiuscumque
2127 1647 2281 1688 dominii,
2317 1647 2388 1682 sive

155 1693 357 1738 βασιλικῶν
377 1695 487 1727 οἴκων
512 1695 582 1728 εἴτε
602 1693 790 1741 ἀρχόντων
820 1697 935 1729 τινῶν
959 1693 1111 1742 μεγάλας
1132 1693 1153 1735 ἢ
1178 1697 1236 1737 με’·
1251 1696 1292 1726 30
1306 1694 1541 1737 imperialium
1563 1694 1731 1728 domuum
1751 1694 1823 1728 Sive
1842 1693 1999 1728 iudicum
2020 1694 2218 1737 aliquorum
2235 1693 2388 1727 maiores

156 1751 219 1773 σας
243 1736 263 1781 ἢ
286 1737 451 1773 ἐλάττους
472 1737 579 1785 ἀρχὰς
608 1740 768 1782 ἐχόντων
798 1741 868 1774 εἴτε
890 1741 966 1774 τῶν
989 1738 1237 1780 ἐνδοξοτάτων
1306 1746 1369 1772 aut
1393 1739 1547 1773 minores
1573 1738 1897 1774 administrationes
1929 1739 2135 1773 habentium
2164 1739 2235 1773 Sive
2258 1738 2388 1780 glorio-

157 1783 402 1830 συγκλητικῶν
433 1781 453 1826 ἢ
477 1787 555 1818 τῶν
577 1785 974 1832 μεγαλοπρεπεστάτων
1002 1784 1237 1830 ἰλλουστρίων
1306 1783 1528 1818 sissimorum
1551 1787 1757 1818 senatorum
1782 1788 1845 1818 aut
1862 1783 2288 1827 magnificentissimorum
2309 1783 2387 1818 illu-

155 1827 176 1872 ἢ
197 1831 274 1863 τῶν
292 1830 546 1874 περιβλέπτων
564 1832 870 1876 κουβικουλαρίων
894 1832 965 1864 εἴτε
990 1832 1105 1864 τινῶν
1129 1842 1234 1875 στρα-
1306 1830 1433 1863 strium
1458 1833 1521 1864 aut
1545 1830 1791 1874 spectabilium
1813 1829 2113 1864 cubiculariorum
2139 1832 2211 1864 sive
2232 1839 2388 1873 quorun-

156 1879 266 1908 τείαις
285 1875 633 1921 εγκαταλεγοιιένων,
655 1879 771 1910 ταῦτα
793 1874 939 1911 ἅπαντα
959 1875 1074 1909 τελεῖν
1094 1874 1139 1909 τὰ
1160 1877 1235 1908 ε’πι-
1306 1874 1386 1908 dam
1419 1875 1454 1909 in
1486 1875 1619 1910 militiis
1653 1875 1956 1918 conscriptorum,
1988 1875 2077 1909 haec
2109 1874 2229 1909 omnia
2253 1875 2389 1908 solvere

157 1924 301 1964 κείμενα
338 1922 457 1954 αὐτοῖς
494 1919 648 1963 δημόσια
683 1921 777 1964 τέλη,
814 1925 874 1955 καὶ
908 1920 953 1955 τὰ
987 1920 1077 1954 ἄλλα
1113 1920 1235 1954 πάντα
1251 1923 1291 1954 35
1306 1920 1472 1964 imposita
1503 1922 1553 1955 eis
1586 1921 1731 1964 publica
1764 1921 1916 1961 tributa,
1953 1924 1988 1955 et
2021 1920 2140 1955 omnia
2171 1920 2240 1954 alia
2271 1920 2388 1953 facere

157 1968 275 1999 ποιεῖν
298 1977 338 1999 τε
360 1969 419 1998 καὶ
443 1965 602 2010 πληροῦν
627 1967 718 2000 κατὰ
742 1966 783 2001 τὸ
809 1968 983 2014 προςῆκον
1008 1967 1147 2008 ἑκάστῳ
1173 1966 1236 1999 τοῦ
1307 1970 1414 2009 atque
1440 1966 1617 2010 complere
1648 1965 1841 2000 secundum
1871 1965 1966 2010 quod
1998 1965 2167 2010 competit
2198 1964 2389 2009 unicuique

157 2011 285 2043 οἰκείου
304 2007 412 2043 αὐτοῦ
428 2010 661 2054 συστήματος,
682 2016 741 2045 καὶ
756 2011 1053 2055 καταβάλλεσθαι
1075 2010 1133 2045 δια
1149 2008 1239 2045 πάν-
1309 2011 1443 2055 proprii
1467 2012 1522 2046 sui
1548 2011 1695 2055 collegii,
1721 2016 1756 2046 et
1779 2011 1962 2045 exsolvere
1987 2021 2050 2055 per
2074 2010 2191 2045 omnia
2214 2011 2300 2045 fisco
2327 2020 2390 2054 per

156 2068 233 2089 των
257 2056 310 2098 τῷ
336 2054 497 2099 δημοσίῳ
531 2055 590 2089 διὰ
621 2058 698 2090 τῶν
723 2060 944 2101 προστατῶν
973 2058 1036 2090 τοῦ
1061 2055 1238 2099 συστήμα-
1308 2057 1532 2100 praepositos
1569 2056 1722 2099 collegii,
1759 2057 1856 2090 nullo
1889 2057 2029 2090 valente
2065 2056 2246 2100 privilegio
2283 2057 2388 2089 huius

155 2112 223 2142 τος,
257 2099 399 2134 οὐδενὸς
433 2105 619 2146 προνομίῳ
651 2101 780 2144 ταύτης
812 2105 916 2135 ἕνεκα
947 2104 1008 2144 τῆς
1040 2102 1156 2135 αἰτίας
1180 2102 1240 2135 έπ-
1309 2101 1361 2135 rei
1397 2103 1512 2145 gratia
1545 2101 1751 2136 incumbere
1787 2106 1851 2136 aut
1885 2101 1949 2135 tali
1985 2105 2138 2145 quadam
2169 2101 2224 2135 uti
2256 2100 2388 2136 refuta-

157 2143 366 2191 ερείὸεσθαι
386 2144 586 2190 δυναμένου
611 2144 631 2189 ἢ
655 2145 803 2194 τοιαύτῃ
828 2150 901 2181 τινὶ
926 2147 1124 2192 κεχρῆσθαι
1149 2158 1238 2191 παρ·
1253 2148 1295 2180 40

158 2257 432 2302 archiepiscopo
456 2257 580 2302 felicis
612 2256 718 2291 huius
742 2256 842 2290 urbis
874 2260 913 2290 ut
945 2257 982 2290 in
1014 2267 1124 2289 unum
1149 2261 1277 2290 coeant
1308 2259 1342 2289 et
1370 2266 1446 2289 rem
1469 2256 1680 2291 examinent
1711 2267 1874 2302 quaeque
1905 2256 1950 2290 iis
1974 2257 2051 2292 visa
2074 2257 2145 2291 sint
2170 2256 2219 2290 ad
2240 2268 2308 2290 nos
2331 2269 2387 2291 re-

157 2304 285 2347 ferant
315 2301 559 2335 mandandum
593 2302 887 2342 existimavimus,
920 2311 964 2335 ac
986 2301 1172 2345 praesenti
1203 2300 1281 2345 leqe
1305 2300 1476 2334 utendum
1508 2301 1557 2334 ad
1581 2306 1677 2335 tuam
1706 2301 1958 2336 sublimitatem
1984 2302 2125 2343 datam,
2160 2312 2233 2346 qua
2258 2303 2386 2346 confir-

160 2357 294 2381 memus
318 2357 360 2380 ea
384 2356 478 2390 quae
501 2348 695 2380 Anastasio
714 2347 803 2391 piae
826 2345 1019 2379 memoriae
1044 2344 1111 2379 hac
1134 2345 1172 2378 in
1195 2355 1236 2378 re
1258 2344 1485 2390 placuerunt.

295 2391 322 2425 Ι.
369 2393 487 2436 Atque
509 2391 690 2425 sancimus
718 2390 814 2425 mille
838 2395 978 2424 centum
1011 2389 1183 2434 officinas
1217 2389 1381 2423 omnibus
1411 2389 1527 2423 modis
1550 2389 1711 2424 illibatas
1742 2394 1777 2424 et
1808 2391 1907 2424 omni
1929 2391 2184 2436 praestatione
2215 2392 2388 2426 immunes

161 2437 410 2471 sanctissimae
434 2437 564 2470 maiori
588 2436 758 2470 ecclesiae
782 2436 923 2470 servari
944 2434 1163 2469 decanorum
1186 2445 1250 2468 seu
1274 2434 1541 2469 lecticariorum
1565 2439 1598 2469 et
1617 2435 1857 2479 exequiarum
1880 2435 2136 2514 desunctorum
2161 2437 2303 2471 nomine
2327 2439 2386 2470 cle-

159 2482 324 2523 stinatas,
349 2492 393 2515 ne
413 2481 508 2515 alius
528 2482 718 2526 quisquam
741 2485 888 2526 praeter
911 2480 1012 2514 illam
1032 2479 1206 2514 decanum
1227 2480 1374 2524 exiqere
1396 2481 1515 2524 possit
1539 2479 1582 2514 ab
1603 2479 1794 2514 haereticis
1820 2480 1874 2515 vel
1894 2492 1916 2514 a
1933 2481 1970 2514 ia
1989 2492 2215 2526 quacumque
2235 2482 2387 2516 sanctis-

159 2527 250 2560 sima
275 2526 443 2560 ecclesia:
477 2527 540 2560 sed
563 2526 661 2572 quod
690 2536 806 2571 nuper
830 2537 853 2559 a
877 2524 979 2559 nobis
1012 2524 1244 2559 constitutum
1275 2529 1330 2559 est
1359 2525 1489 2566 valere,
1523 2532 1564 2559 ut
1588 2525 1816 2570 octinqentae
1873 2525 1991 2560 uidem
2024 2527 2199 2570 officinae
2229 2537 2387 2572 corpora

159 2576 365 2617 praestent,
400 2574 578 2606 trecentae
610 2574 729 2605 autem
761 2571 797 2604 in
832 2570 1068 2604 adaeratione
1098 2579 1136 2603 se
1167 2569 1385 2604 contineant.
1446 2568 1550 2611 Quod
1573 2571 1666 2604 enim
1698 2569 1782 2604 inde
1806 2580 1848 2604 co
1865 2571 2001 2616 liqitur,
2032 2572 2104 2605 iam
2128 2582 2236 2606 sacra
2260 2577 2387 2606 nostra

156 2617 388 2663 praqmatica
412 2617 550 2650 sanctio
576 2616 736 2660 desinivit
771 2615 820 2650 ad
838 2626 1030 2660 quamnam
1055 2625 1130 2648 rem
1153 2614 1332 2659 proficere
1355 2613 1482 2649 debeat
1505 2618 1539 2649 et
1562 2620 1602 2649 ut
1621 2625 1762 2660 semper
1786 2622 2038 2661 compensetur
2062 2617 2159 2667 quod
2183 2617 2387 2651 intercidit:

160 2672 204 2696 ac
234 2661 331 2695 ratio
364 2661 507 2705 quidem
538 2661 733 2696 secundum
766 2671 873 2705 quam
905 2660 1148 2705 compensatio
1179 2659 1311 2703 futura
1343 2660 1401 2700 sit,
1434 2660 1620 2694 Anastasii
1649 2661 1736 2705 piae
1766 2661 1959 2695 memoriae
1989 2661 2207 2695 iusszonibus
2238 2661 2387 2705 definita

160 2710 223 2742 est.
271 2705 351 2740 Has
376 2706 489 2751 iqitur
512 2706 685 2740 immunes
709 2710 743 2740 et
767 2706 810 2739 ab
837 2706 933 2740 omni
957 2715 1103 2739 uulnere
1126 2709 1315 2749 exemptas
1338 2715 1482 2739 manere
1505 2705 1697 2746 sancimus,
1729 2710 1770 2739 ut
1793 2716 1837 2739 ne
1864 2716 1907 2739 ue
1938 2706 2040 2752 ipsae
2065 2707 2238 2751 officinae
2272 2717 2387 2752 neque

154 2751 345 2797 praesides
377 2751 613 2796 colleqiririiin
645 2761 738 2796 quae
769 2761 830 2785 eas
856 2755 1050 2796 praestant
1079 2749 1190 2783 ullum
1222 2749 1472 2783 detrimentum
1503 2749 1655 2784 subeant
1691 2755 1755 2784 aut
1786 2716 1956 2784 triblutum
1989 2751 2102 2785 ullum
2134 2752 2385 2797 experiantur.

161 2799 181 2832 1
242 2798 387 2830 Ceterae
411 2807 494 2831 vero
525 2807 646 2831 omnes
676 2796 850 2841 officinae
878 2796 1000 2840 felicis
1032 2794 1138 2829 huius
1169 2794 1268 2827 urbis
1297 2794 1584 2839 quattuordecim
1608 2795 1816 2840 reqionum,
1848 2795 1922 2830 sive
1945 2796 2194 2831 sanctissimae
2217 2798 2388 2831 ecclesiae

160 2849 243 2876 sunt
267 2843 340 2876 sive
363 2841 604 2887 hospitiorum
627 2841 701 2876 sive
721 2841 1019 2875 monasteriorum
1044 2840 1118 2875 sive
1147 2838 1540 2884 orphanotrophiorum
1563 2839 1636 2874 sive
1669 2839 2033 2885 brephotrophiorum
2057 2842 2131 2876 sive
2153 2841 2386 2886 ptochiorum

160 2888 234 2921 sive
266 2886 415 2921 alterius
447 2887 718 2931 qualiscumque
748 2886 909 2926 dominii,
942 2887 1015 2920 sive
1038 2884 1277 2930 imperialium
1309 2883 1478 2917 domuum
1509 2884 1583 2919 sive
1613 2885 1890 2929 maqistratuuin
1915 2886 2121 2931 aliquorum
2146 2887 2302 2922 maiores
2333 2887 2390 2922 vel

161 2932 296 2966 medios
320 2932 374 2966 vel
397 2932 553 2966 minores
577 2931 908 2965 (almiiiist7·ationes
932 2930 1135 2965 habentium
1166 2929 1239 2963 sive
1261 2928 1607 2973 qt0r20.ez'ssim0r<eim
1630 2937 1838 2964 senatorum
1871 2931 1926 2965 vel
1951 2932 2386 2976 maqnilicentissimorum

161 2977 354 3011 illustrium
378 2976 435 3010 vel
455 2977 701 3022 spectabilium
726 2976 1041 3016 cubiculariorum,
1066 2975 1139 3009 sive
1158 2974 1383 3019 quorundam
1409 2974 1544 3008 militiis
1568 2973 1847 3019 adscriptorum,
1872 2975 1939 3009 hae
1959 2986 2082 3010 omnes
2104 2977 2274 3022 imposita
2297 2978 2387 3021 ipsis

160 3021 305 3066 publica
339 3021 473 3055 tributa
505 3023 664 3063 solvant,
698 3032 741 3055 ac
777 3026 893 3055 cetera
927 3021 1046 3054 omnia
1076 3021 1222 3064 faciant
1253 3023 1287 3053 et
1318 3018 1508 3064 impleant,
1540 3020 1632 3052 sicut
1650 3030 1723 3064 pro
1747 3030 1811 3053 suo
1841 3030 2016 3065 quemque
2040 3021 2192 3066 colleqio
2219 3022 2328 3063 decet,
2353 3027 2388 3056 et

158 3066 285 3110 utique
307 3066 516 3110 persolvant
534 3066 680 3111 publico
701 3077 768 3111 per
781 3065 974 3111 praesides
995 3065 1149 3109 colleqii,
1174 3065 1225 3098 ita
1246 3067 1288 3098 ut
1307 3074 1408 3098 nemo
1427 3063 1622 3109 privileqio
1640 3068 1798 3109 propter
1818 3063 1911 3099 hanc
1932 3076 2077 3099 causam
2098 3066 2206 3101 inniti
2228 3072 2292 3101 aut
2311 3067 2387 3101 ulla

210 3182 227 3210 τ’)
254 3181 335 3223 περὶ
359 3178 465 3210 τοῦτο
495 3179 521 3211 L
547 3179 558 3222 ΙΙ
588 3184 607 3213 6
632 3179 723 3211 mille
747 3181 876 3210 sentum
901 3180 957 3219 M,
993 3176 1089 3218 χίλια
1113 3177 1243 3210 ἑκατὸν
1276 3178 1278 3192 ¹
1315 3180 1352 3210 lo
1374 3180 1604 3218 praeterquam
1623 3176 1775 3209 decanot
1805 3177 1817 3221 ΙΙ
1848 3179 1978 3220 exigere
1999 3182 2021 3220 t]
2055 3180 2193 3212 existere
2215 3180 2350 3213 VNeob.
2378 3180 2390 3225 ΙΙ

165 3225 295 3264 Ms.v.‚
313 3224 340 3256 L
365 3226 375 3265 ΙΙ
405 3226 421 3255 7
448 3220 606 3264 ἀμίαντα
633 3226 795 3266 Scrimqer
820 3224 901 3256 male
927 3223 938 3266 {fl
963 3225 982 3254 9
1009 3222 1243 3268 ὃεκτικαρίων
1313 3222 1445 3255 alente
1468 3223 1491 3254 τ’
1510 3222 1522 3264 ΙΙ
1542 3223 1581 3254 12
1596 3221 1651 3253 sed
1665 3222 1753 3262 quod
1772 3223 1815 3262 V]
1841 3223 2003 3264 siquidem
2029 3225 2154 3257 tNeob.
2175 3226 2186 3266 ΙΙ
2206 3227 2245 3258 13
2265 3228 2303 3256 ut
2327 3239 2385 3258 om.

165 3270 207 3302 M
222 3269 233 3313 Η
259 3267 437 3301 τελευτῶν
454 3269 481 3300 L
509 3270 519 3311 ΙΙ
547 3271 586 3301 16
608 3267 724 3311 νόμος]
752 3282 813 3301 non
827 3275 974 3301 servatur
998 3267 1010 3310 ΙΙ
1039 3270 1075 3300 17
1098 3266 1241 3300 ἀντισά-
1319 3268 1350 3299 V
1365 3267 1376 3311 ΙΙ
1394 3267 1592 3308 *octoginta
1617 3267 1693 3299 libri
1716 3267 1728 3309 ΙΙ
1757 3267 1931 3300 soluantur
1952 3269 1982 3301 V
2007 3270 2018 3311 ss
2050 3272 2089 3302 14
2114 3270 2302 3310 exigantur]
2327 3273 2385 3310 leq.

164 3314 298 3359 γεσθαι
324 3314 394 3346 ML
433 3313 444 3356 ΙΙ
483 3316 523 3346 22
549 3311 631 3346 οὔτε
656 3310 779 3345 αὐτῶν
806 3315 861 3353 M]
899 3309 993 3344 ὥστε
1018 3308 1140 3345 αὐτῶν
1169 3314 1195 3345 [ι
1232 3312 1242 3356 ll
1312 3311 1477 3344 existant?
1507 3312 1518 3355 ΙΙ
1547 3311 1633 3342 enim
1658 3324 1715 3344 om.
1735 3320 1745 3344 t
1769 3313 1780 3355 ΙΙ
1812 3314 1853 3346 16
1877 3313 2057 3355 subrogaui
2083 3315 2158 3347 libri
2185 3317 2197 3356 ΙΙ
2228 3317 2265 3348 21
2293 3308 2386 3357 prac-

165 3357 273 3392 *οὐδὲ
297 3361 373 3392 libri
398 3357 409 3401 ΙΙ
449 3361 491 3392 ’24
516 3356 536 3400 ἢ
560 3361 596 3391 τί
620 3356 717 3391 τέλος
746 3359 789 3390 M
792 3360 850 3398 (ςι]
884 3355 905 3399 ἢ
929 3354 1068 3390 τίτλους
1091 3359 1122 3390 L
1152 3358 1242 3399 (ἢτοι
1310 3358 1426 3399 positis
1451 3359 1482 3388 et
1506 3355 1721 3396 collegiorum
1748 3358 1773 3389 ιι
1802 3359 1813 3399 ΙΙ
1846 3359 1887 3391 22
1914 3362 1962 3398 ea]
1995 3370 2032 3391 eo
2059 3361 2135 3392 libri
2163 3358 2174 3403 ΙΙ
2202 3361 2385 3402 quodlibet]

166 3403 261 3438 τέλος
284 3405 382 3448 vulq.)
400 3403 412 3448 ΙΙ
438 3405 479 3438 30
493 3418 540 3446 sq.
565 3405 680 3436 τινῶν
694 3423 734 3426 -
750 3402 908 3444 ἐχόντων
928 3415 986 3435 om.
1003 3404 1041 3434 M
1058 3402 1070 3446 ΙΙ
1089 3405 1129 3436 39
1155 3414 1240 3447 προ·
1311 3403 1399 3443 quod
1421 3402 1453 3434 V
1473 3401 1484 3445 ΙΙ
1509 3403 1550 3435 26
1575 3402 1642 3433 sive
1666 3402 1900 3443 sanctissimae]
1926 3405 1994 3436 sive
2019 3412 2102 3438 σαμε
2128 3403 2140 3448 ΙΙ
2168 3405 2207 3437 27
2235 3409 2315 3438 sunt
2341 3414 2351 3439 t
2374 3407 2386 3452 ΙΙ

165 3453 290 3493 νομίας
308 3451 338 3483 L
646 3474 655 3480 ,
1311 3447 1625 3479 exsenodochiorum
1646 3446 1694 3479 Vt
1709 3449 1720 3489 ΙΙ
1741 3448 1782 3480 28
1797 3449 2141 3491 orphanotrophorum
2157 3450 2185 3481 {²
2203 3452 2386 3492 orphanor-

1312 3493 1507 3533 trophorum
1533 3492 1559 3524 1²
1595 3492 1924 3534 orfanostrophorum
1960 3495 1990 3527 V
2015 3494 2026 3538 ss
2063 3495 2349 3537 bephorophorum
2378 3506 2389 3530 t

1314 3537 1665 3579 berefonotrophorum
1680 3538 1751 3577 (sic)
1776 3537 1827 3581 Vn
1852 3540 1893 3571 30
1919 3539 2051 3571 domum
2073 3539 2105 3572 V
2124 3539 2317 3573 dominuum
2342 3550 2354 3576 t
2375 3541 2388 3587 ss

216 3587 229 3617 1
257 3586 358 3617 huius
382 3598 439 3617 om.
459 3583 512 3628 Vll
533 3585 551 3616 2
577 3586 609 3615 et
627 3584 680 3623 ad]
706 3585 739 3615 et
764 3596 821 3615 om.
840 3583 871 3614 T
884 3583 896 3624 ΙΙ
913 3584 932 3615 3
954 3581 1037 3622 lege]
1063 3582 1160 3623 longe
1182 3582 1215 3615 V
1232 3583 1242 3623 j,
1311 3582 1444 3613 maioris
1468 3585 1527 3613 aut
1549 3581 1687 3613 minoris
1710 3582 2008 3616 administrationis
2034 3585 2109 3617 libri
2141 3587 2151 3627 ΙΙ
2190 3586 2232 3619 32
2257 3588 2385 3628 magni-

171 3629 418 3662 confirmantem
439 3638 449 3662 t
472 3630 623 3661 firmante
647 3629 679 3661 V
695 3630 747 3661 An
764 3629 823 3670 leq.
838 3626 1092 3659 confirmantes?
1111 3632 1123 3670 ΙΙ
1147 3628 1166 3661 6
1185 3629 1241 3667 Et]
1310 3628 1505 3659 ficentorum
1527 3627 1558 3659 V
1572 3628 1583 3668 ΙΙ
1601 3628 1641 3660 33
1663 3627 1946 3669 spectabilitorum
1969 3630 1995 3661 1¹
2012 3629 2024 3672 ll
2050 3631 2092 3663 36
2113 3631 2307 3673 compellere
2329 3633 2387 3675 Vll

168 3674 223 3705 Set
244 3674 297 3717 Vn
315 3675 417 3715 mille]
439 3675 532 3706 nulla
555 3683 565 3707 t
584 3674 595 3717 ΙΙ
612 3677 743 3705 centum
764 3673 858 3706 om.t¹
878 3672 925 3716 117
945 3676 1026 3714 puta
1050 3672 1090 3715 τΙΙ
1115 3672 1241 3706 8*ma-
1312 3674 1352 3705 37
1375 3682 1433 3713 per
1457 3673 1670 3714 praepositos]
1702 3683 1761 3713 per
1785 3674 1896 3705 omnia
1920 3678 2122 3717 praepositos
2144 3676 2171 3708 τ’
2197 3675 2210 3721 fl
2239 3679 2281 3711 39
2305 3677 2386 3709 talia

168 3719 248 3750 ioris
261 3720 336 3752 libri
349 3719 361 3762 ΙΙ
380 3721 399 3752 9
413 3719 659 3752 lectitariorum
677 3728 688 3752 ι
711 3718 947 3750 letitiariorum
972 3719 998 3749 V
1011 3717 1023 3760 ΙΙ
1041 3716 1161 3759 deputa
1181 3719 1211 3749 V
1231 3717 1243 3761 ss
1314 3719 1389 3750 libri
1410 3716 1422 3759 ΙΙ
1453 3717 1592 3757 quedam
1619 3717 1743 3750 tNeob.
