2580 4022
166 133 317 164 FORMA
348 132 639 164 PRAGMATIGA
1247 115 1334 164 763
2015 115 2090 157 Ed.
2115 114 2309 157 lv—-vn
2339 127 2401 168 pr.

1163 242 1322 279 CAPUT
1346 241 1409 277 111.

299 308 434 345 Ἐκεῖνο
457 311 582 354 μέντοι
604 310 781 356 γίνεσθαί
803 323 842 344 τε
867 313 926 344 καὶ
949 312 1093 355 κρατεῖν
1116 309 1342 354 βουλόμεθα,
1374 309 1417 344 τὸ
1442 309 1507 343 τὰς
1531 308 1686 350 σιτήσεις
1709 308 1788 342 τῶν
1812 307 2067 352 περιβλέπτων
2091 305 2234 341 ὃουκῶν
2257 305 2402 339 ἐκεῖθεν

165 353 295 390 αὐτοὺς
317 355 553 400 κομίζεσθαι,
579 351 727 390 ὁπόθεν
759 353 807 389 ἂν
841 353 861 390 ὁ
895 354 1131 400 περίβλεπτος
1161 357 1222 398 τῆς
1246 357 1416 400 ἐπαρχίας
1438 353 1651 399 μοδεράτωρ
1675 352 1850 395 ἐκτάξειε,
1883 350 2067 395 πρόδηλον
2090 350 2148 395 ὅν,
2171 349 2220 385 ὠς
2244 347 2285 384 οῦ
2308 349 2401 403 μετεὰ

165 399 339 444 τοσαύτης
370 398 562 444 ἀδρανείας
587 400 794 445 προςέξουσι
825 403 898 435 τοῖς
925 401 1144 447 πράγμασιν,
1176 397 1226 435 αἱς
1255 400 1347 445 μηδὲ
1378 398 1442 434 τὰς
1465 401 1594 434 οἰκείας
1618 398 1772 442 σιτήσεις
1795 398 1931 440 ἰσχύειν
1955 395 2169 440 ἀπαιτῆσαι,
2193 394 2328 430 εἰδότες
2351 405 2401 428 ως

165 446 196 479 εἰ
219 445 318 491 παρὰ
343 445 460 479 ταῦτά
485 457 522 479 τι
547 457 575 479 π
599 446 735 487 άξειαν,
760 446 894 489 ποινὴν
918 445 1041 490 viginti
1064 446 1235 481 librarum
1256 446 1334 480 auri
1359 444 1620 479 xavastro‘ovm.
2256 482 2263 492 ε

298 459 599 535 (Ἐπίλογοςὲ
651 490 701 524 Τὰ
725 494 851 524 τοίνυν
869 489 1114 535 παραστάντα
1144 487 1228 535 ἡμῖν
1252 493 1311 524 καὶ
1336 487 1397 524 διὰ
1421 466 1528 524 τοῦὲε
1551 490 1615 523 τοῦ
1640 488 1743 523 θείου
1767 485 1971 532 δηλούμενα
1993 485 2107 531 νόμου
2131 484 2153 530 ἡ
2178 486 2224 530 σὴ
2246 483 2400 531 υπεροχὴ
2426 485 2446 518 5

164 535 258 581 ἔργῳ
284 537 344 568 καὶ
368 538 498 581 πέρατι
522 533 753 581 παραδοῦναι
778 534 984 570 σπευσάτω.

1243 672 1303 679 0—-1

220 746 278 798 H
311 747 652 801 ΔΙΑΤΑΞΙΣ
702 747 1136 801 ΑΝΑΙΡΟῩΣΑ
1183 682 1336 800 ΤΙΤΝ
1392 746 1540 800 ΤΩΝ
1590 744 1899 798 ΕΚΑΤΟΝ
1943 742 2331 797 ΕΝΙΑῩΤῼΝ

447 815 960 868 ΠΑΡΑΓΡΑΦΗΝ
1011 815 1147 867 ΕΠΙ
1194 814 1344 868 ΤΩΝ
1393 813 1834 868 ΕΥΚΤΗΡΙΩΝ
1883 811 2130 866 ΟΙΚῼΝ.

1260 1008 1315 1016 u·—

376 1081 679 1136 ΙΔΙΚΤΟΝ
728 1083 872 1136 TOY
921 1022 1491 1136 ΕῩΣΕΒΕΣΤΑΤΟΥ
1539 1081 1765 1135 ΗΜῼΝ
1815 1082 2195 1136 ΔΕΣΙΙΟΤΟῩ

998 1150 1557 1205 ΙΟῩΣΤΙΝΙΑΝΟῩ.

2427 1014 2470 1046 10

1276 1354 1299 1387 Ζ

378 1420 622 1473 ΤῩΠΟΣ
673 1420 1219 1474 ΠΡΑΓΜΑΤΙΚΟΣ
1266 1420 1445 1473 ΠΕΡΙ
1498 1418 2181 1474 ΑΡΓΥΡΟΠΡΑΤΙΚῼΝ

937 1488 1082 1541 EYN
1085 1491 1130 1541 A
1139 1487 1623 1542 ΛΛΑΓΜΑΤῼΝ.
2429 1499 2470 1532 15

162 1562 224 1600 Ἐν
265 1562 422 1610 ὀνόματι
461 1568 526 1601 τοῦ
561 1565 741 1602 δεσπότου
774 1565 889 1611 Ἰησοῦ
926 1568 1087 1613 Χριστοῦ
1124 1569 1188 1602 τοῦ
1226 1568 1316 1602 θεοῦ
1352 1564 1458 1611 ἡμῶν
1490 1565 1742 1613 Αὐτοκράτωρ
1777 1570 1922 1614 Καῖσαρ
1960 1566 2118 1611 Φλάβιος
2151 1564 2406 1601 ’Ῑουστινιανὸς

162 1610 398 1655 Ἀλαμανικὸς
424 1612 604 1646 Γοτθικὸς
630 1614 832 1659 Φραγγικὸς
857 1613 1078 1658 Γερμανικὸς
1098 1609 1258 1647 Ἀντικὸς
1277 1610 1462 1647 :alumnas
1487 1609 1731 1647 Οῦανδαλικὸς
1742 1611 1908 1659 Ἀφρικὸς
1930 1611 2077 1657 εἷσεβὴς
2099 1608 2242 1656 εὐτυχὴς
2262 1611 2405 1653 ἔνδοξος

725 1658 868 1702 νικητὴς
893 1659 1131 1704 τροπαιοῦχος
1154 1656 1386 1702 ἅεισέβαστος
1406 1656 1617 1704 Αὔγουστος
1635 1657 1828 1702 Ἰουλιανῷ.

300 1724 608 1769 (Προοίμιον.)
648 1720 780 1770 ’Ώςπερ
810 1720 867 1758 ἀεὶ
899 1720 921 1768 ἦ
944 1726 1008 1769 τῆς
1032 1723 1158 1769 ἀρετῆς
1182 1722 1333 1767 δύναμις
1356 1728 1396 1758 ὲν
1419 1727 1493 1758 τοῖς
1517 1726 1694 1759 ἐναντίοις
1718 1723 1961 1770 διαφαίνεται,
1985 1721 2083 1759 οὕτω
2107 1727 2169 1758 καὶ
2191 1721 2214 1767 ἡ
2236 1723 2405 1768 βασιλικὴ

166 1766 322 1813 πρόνοιά
353 1781 393 1802 τε
422 1773 482 1803 καὶ
515 1767 686 1812 διοίκησις
718 1770 758 1802 ἐν
788 1772 867 1803 ταῖς
890 1771 968 1804 τῶν
992 1768 1167 1812 ὑπηκόων
1192 1770 1383 1803 ἐνστάσεσι
1407 1770 1637 1815 φανεροῦται.
1686 1773 1746 1803 καὶ
1766 1767 1934 1804 εὐκταῖον
1956 1771 2024 1814 μὲν
2047 1767 2134 1814 ἡμῖν
2156 1767 2338 1814 μηδέποτε
2360 1771 2404 1816 τῇ
2428 1769 2472 1802 20

299 1860 450 1893 Edictum
472 1859 506 1892 V
526 1859 652 1894 Graece
684 1867 772 1894 extat
802 1861 836 1894 in
860 1861 907 1893 Μ
910 1872 918 1899 ;
953 1867 1000 1893 est
1030 1861 1194 1903 exemplar
1223 1873 1375 1904 yraecum
1398 1872 1471 1893 nov.
1493 1860 1581 1894 CXI
1597 1868 1628 1894 et
1651 1862 1742 1894 iuxta
1767 1863 1834 1895 eius
1853 1862 2029 1895 versionem
2055 1861 2200 1904 latinam,
2225 1872 2310 1905 quae
2332 1861 2406 1894 sola

167 1905 200 1938 in
225 1917 340 1948 corpus
366 1905 428 1939 168
454 1905 651 1938 novellarum
675 1906 817 1947 transiit,
842 1906 1014 1939 exhibitum
1030 1918 1066 1949 p.
1085 1907 1162 1946 521,
1178 1913 1206 1940 6.

301 1951 452 1983 Edictum
472 1950 524 1983 VI
546 1950 672 1984 Graece
696 1957 785 1984 extat
805 1952 838 1984 in
862 1951 909 1984 Μ
910 1962 926 1992 ;
947 1957 995 1984 est
1017 1963 1088 1984 nov.
1109 1951 1255 1984 CXXII
1274 1957 1304 1985 et
1327 1952 1394 1985 eius
1420 1950 1488 1984 loco
1514 1951 1631 1984 editum
1650 1963 1686 1994 p.
1704 1952 1839 1993 592,1s.

302 1996 453 2028 Edictum
474 1995 547 2027 VII
569 1994 695 2029 Graece
721 2003 842 2029 tantum
866 2002 954 2029 extat
976 1996 1010 2028 in
1034 1995 1085 2028 M.

302 2117 366 2152 III.
414 2114 516 2152 Illud
546 2119 662 2151 tamen
692 2116 775 2161 fieri
806 2118 842 2151 et
874 2114 994 2151 valere
1018 2113 1192 2156 volumus,
1224 2117 1265 2150 ut
1287 2115 1537 2161 spectabilium
1560 2114 1692 2150 ducum
1716 2126 1882 2151 annonas
1907 2115 1990 2151 inde
2013 2116 2043 2151 ii
2063 2116 2272 2163 percipiant
2291 2117 2402 2153 unde-

168 2173 318 2208 cumque
349 2160 556 2208 spectabilis
581 2161 796 2207 provinciae
827 2160 1034 2195 moderator
1064 2159 1110 2193 iis
1133 2158 1364 2205 deleqaverit,
1395 2170 1474 2195 cum
1505 2160 1740 2206 manifestum
1763 2162 1821 2204 sit,
1855 2171 1918 2196 eos
1942 2171 2016 2195 uon
2039 2171 2120 2196 cum
2143 2165 2246 2197 tanta
2270 2162 2403 2198 inertia

168 2219 226 2244 res
258 2212 450 2243 curaturos
480 2216 568 2248 esse,
600 2210 641 2240 ut
667 2217 713 2241 ne
738 2206 914 2252 proprias
943 2204 1084 2248 quidem
1117 2214 1284 2240 annonas
1313 2205 1463 2251 exiqere
1483 2205 1651 2252 possint;
1675 2206 1738 2251 qui
1760 2206 1793 2240 si
1816 2205 1906 2251 quid
1927 2205 2100 2242 adversus
2123 2205 2213 2242 Ιιαεο
2233 2207 2403 2252 fecerint,

168 2254 287 2288 sciant
309 2263 348 2288 se
366 2261 525 2298 poenam
549 2250 677 2296 viqinti
700 2250 875 2287 librarum
898 2250 983 2285 auri
1004 2249 1189 2284 soluturos
1212 2259 1297 2285 esse.

308 2297 546 2343 Epiloqus.
594 2294 695 2338 Quae
718 2295 831 2342 iqitur
853 2295 958 2331 nobis
977 2294 1198 2341 placuerunt
1219 2299 1253 2330 et
1274 2305 1343 2341 per
1365 2294 1460 2330 hanc
1481 2304 1625 2330 sacram
1648 2293 1882 2330 declarantur
1906 2293 2018 2339 leqem
2044 2297 2108 2330 tua
2130 2295 2333 2333 sublimitas
2356 2296 2407 2332 ad

170 2353 264 2389 opus
286 2342 525 2388 effectumque
549 2340 729 2376 adducere
751 2339 904 2376 studeat.

1271 2473 1306 2511 V

176 2541 628 2596 CONSTITUTIO
678 2541 864 2603 QUAE
905 2540 1183 2592 CENTUM
1216 2502 1563 2594 ANNORUM
1604 2540 2283 2596 PRAESCRIPTIONEM
2315 2542 2410 2594 IN

791 2609 1108 2660 AEDJBUS
1150 2609 1403 2661 SACRJS
1443 2608 1786 2661 ABROGAT.

324 2867 645 2920 EDICTUM
689 2866 1156 2918 PIENTISSIMI
1197 2798 1482 2919 DZMJNI
1524 2866 1783 2919 NOSTRI
1829 2867 2253 2921 IUSTINIANI.

235 3126 476 3177 FORMA
524 3123 981 3176 PRAGMATJCA
1027 3124 1130 3176 DE
1169 3053 1782 3177 ARVZZWABIORUM
1831 3127 2362 3182 CONTRACTIBUS.

180 3207 224 3242 ln
239 3206 380 3240 nomine
396 3204 531 3239 domini
546 3203 631 3240 Iesu
648 3203 779 3239 Christi
794 3203 854 3239 dei
866 3205 985 3239 nostri
995 3203 1088 3250 Imp.
1104 3204 1236 3240 Caesar
1249 3205 1396 3240 Flavius
1408 3202 1635 3240 Iustinianus
1649 3204 1907 3242 Alamannicus
1922 3205 2094 3243 Gothicus
2105 3208 2305 3245 stancicus
2319 3209 2407 3247 Ger-

179 3251 340 3286 manicus
353 3250 504 3284 Anticus
515 3249 690 3285 Alanicus
706 3248 928 3284 Vandalicus
935 3250 1087 3295 Africus
1096 3249 1181 3295 pius
1189 3249 1289 3294 felia:
1299 3249 1458 3285 inclutus
1468 3249 1584 3284 victor
1595 3260 1639 3285 ac
1652 3250 1896 3297 triumphator
1904 3262 2047 3298 semper
2054 3254 2240 3299 Auqustus
2247 3254 2403 3291 Iuliano.

313 3316 575 3361 Praefatio.
629 3314 674 3351 Ut
702 3326 844 3360 semper
873 3316 1017 3351 virtutis
1047 3316 1098 3352 vis
1130 3317 1167 3352 in
1190 3316 1296 3351 rebus
1319 3315 1481 3352 adversis
1504 3316 1629 3359 elucet,
1652 3317 1705 3352 ita
1729 3318 1834 3354 etiam
1859 3319 2094 3365 imperatoria
2115 3321 2347 3366 providentia
2370 3326 2406 3358 et

180 3362 394 3409 (lubernacio
417 3361 457 3396 in
480 3360 704 3396 subditorum
727 3360 906 3406 anqustiis
930 3365 1096 3407 apparet.
1143 3361 1194 3398 Et
1216 3361 1412 3407 optandum
1436 3360 1578 3407 quidem
1602 3362 1705 3398 nobis
1728 3367 1792 3406 est,
1817 3374 1862 3398 ne
1886 3364 1974 3410 quid
1996 3375 2158 3411 unquam
2184 3366 2406 3414 reipublicae

230 3490 246 3522 1
272 3498 311 3537 τε
336 3486 512 3528 Scrimyer]
536 3498 572 3518 τι
589 3484 658 3528 Mn
677 3486 696 3518 2
718 3482 763 3518 ὅν
780 3497 840 3520 om.
867 3487 899 3518 in
925 3485 985 3518 lac.
1008 3486 1095 3519 6—7
1122 3486 1180 3519 litt.
1198 3485 1260 3531 ΜΗ
1330 3488 1406 3526 493,
1419 3487 1477 3528 34).
1495 3485 1507 3528 ΙΙ
1529 3487 1566 3519 17
1590 3485 1775 3531 γοθθικός
1791 3487 1859 3529 Ml}
1880 3489 1919 3522 18
1940 3485 2131 3524 Ἰουλιανὸς
2149 3491 2208 3524 M⁰
2232 3492 2319 3536 vulq.
2334 3493 2404 3527 Ad-

185 3533 204 3566 3
230 3541 384 3573 σιτησεις
409 3531 608 3570 Zachariae]
636 3529 791 3572 αἰτήσεις
814 3530 862 3563 M
869 3529 881 3574 ΙΙ
900 3531 922 3564 4
945 3529 1076 3572 boginti
1099 3530 1261 3564 librarum
1330 3538 1473 3565 vocatum
1490 3543 1558 3564 eum
1567 3533 1675 3572 fuisse
1692 3541 1775 3567 recte
1789 3535 1903 3567 statuit
1915 3533 2114 3577 Zachariae,
2133 3539 2244 3581 praefi
2258 3539 2333 3571 urbi
2347 3539 2407 3581 (sic

184 3579 260 3609 auri.
275 3577 316 3609 M
330 3576 342 3619 ΙΙ
362 3578 382 3610 6
405 3577 526 3609 subscr.
553 3577 660 3615 deest,·
683 3582 781 3608 const.
808 3576 886 3608 data
906 3582 983 3619 post
1006 3588 1075 3608 nov.
1095 3576 1186 3610 VIII
1205 3578 1260 3620 (cf.
1333 3578 1454 3610 Biener
1470 3577 1547 3617 533)
1564 3577 1631 3610 solo
1648 3574 1853 3623 λογιότητος
1869 3579 1918 3621 (p.
1934 3580 2123 3621 766‚1o.32.
2142 3582 2270 3624 767,15.
2285 3584 2334 3626 23)
2348 3595 2405 3617 nc-

183 3635 216 3665 p.
234 3623 311 3663 761,
325 3623 375 3663 23)
400 3621 506 3654 eodem
528 3622 607 3663 fere
632 3627 768 3663 tempore
800 3633 861 3663 quo
885 3632 955 3653 nov.
969 3620 1070 3654 XXI
1076 3621 1180 3664 Vsqq.
1206 3629 1262 3655 aut
1329 3623 1411 3655 mine
1436 3622 1601 3665 appellari
1623 3635 1685 3655 non
1704 3632 1835 3666 poterat
1861 3623 1917 3666 (cf.
1929 3636 1966 3667 p.
1981 3626 2057 3667 507,
2071 3626 2118 3668 23)
2136 3625 2149 3670 ss
2167 3628 2209 3661 20
2225 3624 2406 3671 μηδέποτε

191 3666 259 3701 011
267 3679 314 3711 sq.
330 3678 360 3699 a.
375 3667 439 3700 535
455 3666 508 3699 vel
524 3666 588 3699 536
602 3666 656 3709 (cf.
671 3666 748 3706 762,
763 3672 798 3699 22
811 3677 878 3699 cum
892 3666 969 3707 498,
981 3672 1031 3705 343
1051 3667 1128 3708 762,
1143 3674 1178 3700 28
1192 3679 1260 3700 cum
1329 3667 1528 3708 Zachariae]
1552 3663 1665 3710 μηδέν
1688 3680 1776 3702 ποτε
1799 3670 1847 3703 Μ

2068 3727 2138 3760 96*
