2586 3990
273 163 384 209 Nov.
409 162 523 206 CXX
552 157 578 204 6

274 273 394 309 ἄλλων
410 269 551 318 εὖαγῶν
565 265 676 304 οἴκων
691 266 879 312 διοικηταί,
902 266 985 314 παρ’
1012 261 1131 303 ἀὐτοῖς
1145 271 1218 303 τοῖς
1234 266 1342 315 ἁγιω-

273 320 393 352 τάτοις
408 313 643 362 πατριάρχαις
666 310 732 359 ὑφ’
750 306 804 348 οἷν
826 314 1115 360 χειροτονοῦνται
1137 309 1161 368 ᾗ
1185 311 1343 359 προβάλ-

273 363 396 396 λονται
427 358 669 405 ὑπομνήματα
693 361 898 399 ποιεῖσθαι,
927 361 987 391 καὶ
1014 354 1107 402 μεθ’
1133 371 1240 403 ορκου
1268 358 1344 392 τῶν

273 404 465 460 διοικητῶν
495 407 554 438 καὶ
578 407 814 438 συναινέσεως
839 404 903 437 τοῦ
927 402 1090 437 πλείονος
1111 407 1236 447 μέρους
1266 403 1344 436 τῶν

272 453 312 485 ἐν
335 453 455 484 αυτοῖς
476 448 780 494 λειτουργούντων
804 447 847 482 τὸ
872 450 969 493 χρέος
989 449 1161 493 γίνεσθαι
1185 445 1344 500 φανερὸν

271 498 330 529 καὶ
354 491 414 529 ὅτι
429 490 492 528 οὐκ
517 495 593 527 ἔστι
617 491 774 527 δυνατὸν
798 494 835 525 ἐκ
855 491 1061 538 πράγματος
1075 494 1221 536 κινητοῦ
1237 503 1344 527 τουτο

271 538 508 581 διαλυθῆναι·
543 538 625 572 τοὺς
656 535 696 572 δὲ
723 537 796 572 ’ὑπὸ
826 536 1103 582 μητροπολιτῶν
1134 535 1347 573 ἐπισκόπων

292 586 614 639 ειροτονουμεζνους,
646 582 717 636 εἴτε
741 584 931 617 ἐπίσκοποι
960 576 1053 616 ὦσιν
1084 582 1154 617 εἴτε
1177 579 1345 628 ἆρχιμαν-

1338 155 1422 203 584

2091 172 2152 203 DE
2180 170 2481 205 ALmNA'HoNE

1409 279 1489 305 rum
1520 267 1758 312 ordinatores,
1772 275 1774 278 ·
1789 268 1886 314 apud
1914 270 2154 307 sanctissimos
2184 269 2427 315 patriarchas,
2458 280 2481 307 a

1411 314 1540 358 quibus
1583 312 1792 348 ordinantur
1831 316 1895 349 aut
1931 324 2019 360 prae
2046 319 2212 359 onuntur,
2255 317 2481 351 monumenta

1410 359 1507 399 fieri,
1539 359 1576 393 et
1604 367 1683 392 cum
1716 357 1941 406 iureiurando
1973 370 2013 396 or
2051 365 2213 396 natorum
2244 364 2279 395 et
2307 369 2482 396 consensu

1411 401 1592 447 amplioris
1615 401 1728 447 partis
1756 402 1869 439 ineis
1891 403 2160 441 deservientium
2189 405 2346 441 debitum
2369 405 2480 440 mani·

1379 447 1534 483 5festari
1566 451 1601 482 et
1625 447 1709 492 quia
1731 457 1803 483 non
1826 450 1879 483 est
1901 448 2068 493 possibile
2095 451 2139 487 de
2162 451 2268 486 rebus
2291 450 2481 486 mobilibus

1411 492 1507 527 istud
1527 492 1693 537 persolvi3
1718 501 1780 527 eos
1795 501 1878 528 vero
1895 493 1955 537 qui
1971 503 1993 528 a
2006 495 2239 541 metropolitis
2257 494 2480 540 ordinantur,

1414 536 1487 572 sive
1507 537 1665 582 episcopi
1689 538 1760 572 sint
1790 537 1863 572 sive
1886 532 2181 575 archimandritae
2210 541 2283 576 sive
2306 540 2482 585 orphano·

1414 581 1535 626 trophi
1576 582 1649 618 sive
1682 582 1818 626 ptochii
1856 586 1919 617 aut
1952 583 2100 619 aliarum
2133 585 2382 621 venerabilium
2419 585 2481 619 do-

294 641 389 684 ριται
410 629 480 662 εἴτε
504 639 774 675 ορφανοτροφοι
798 627 869 661 εἴτε
891 624 1145 674 πτωχοτρόφοι
1175 625 1198 671 ἢ
1224 625 1346 661 ἄλλων
1413 636 1551 662 morum
1585 626 1822 671 ordinatores,
1863 636 1885 662 a
1910 627 1958 663 ud
1992 637 2053 663 eos
2088 628 2247 666 similiter
2280 629 2483 674 metropoli-

270 674 413 720 ευαγῶν
447 673 558 708 οἴκων
593 670 789 715 διοικηταί,
831 668 922 727 παρ’
958 669 1077 706 αὐτοῖς
1111 670 1245 726 ῥμοίως
1274 673 1401 706 τοῒςῙΟ
1414 675 1470 707 tas
1501 671 1687 724 episcopas
1718 672 1879 707 huiusmo
1905 671 1917 707 i
1952 678 2178 709 monumenta
2209 675 2399 718 conscribi:
2437 674 2482 709 ab

269 717 548 763 μητροπολίταις
583 717 792 752 ἐπισκόποις
831 730 877 750 τοι
912 717 1065 751 τοιαῦτα
1103 716 1346 762 υπομνήματα

270 762 506 810 συγγράφειν·
532 761 621 807 παρ’
636 764 780 796 ἐκείνοις
797 760 837 796 δὲ
851 765 924 796 τοῖς
942 762 1159 806 ἐπισκόποις,
1181 763 1308 796 οἵτινες
1323 757 1344 805 ἢ

269 808 370 854 παρὰ
394 809 628 861 πατριαρχῶν
656 806 680 850 ἢ
702 807 802 852 παρὰ
824 806 1101 862 μητροπολιτῶν
1133 806 1346 842 ἐπισκόπων

1413 716 1483 751 illis
1507 726 1589 752 vero
1615 717 1802 762 episcopis,
1824 717 1883 762 qui
1906 720 1969 752 aut
1992 728 2014 753 a
2036 719 2245 762 patriarchis
2268 724 2332 755 aut
2354 723 2482 755 metro·

1413 761 1535 815 politis
1565 762 1741 815 episcopis
1773 763 1984 815 ordinantur
2014 766 2050 798 et
2078 763 2210 799 habent
2238 764 2304 800 sub
2338 765 2484 809 propria

1413 807 1656 842 iunsdictione
1680 810 1744 842 aut
1763 812 1977 842 monasteria
2000 809 2065 842 aut
2082 808 2226 852 ptochia
2247 813 2311 844 aut
2328 819 2483 845 xenones

268 865 557 908 χειροτονουνται
570 855 635 907 ‚⁸⁰¹²
652 854 792 894 ἔχουσιν
816 865 888 887 vno
905 865 973 895 την
989 850 1085 886 ἰδίαν
1102 850 1346 886 δικαιοδοσίαν
1413 855 1477 887 aut
1500 853 1704 887 nosocomia
1735 855 1800 886 aut
1823 853 1910 887 alias
1934 853 2150 888 venerabiles
2175 853 2313 896 domos,
2345 854 2411 889 sub
2435 854 2483 889 si-

268 911 294 952 ’Z
312 897 538 952 μοναστῄρια
563 912 585 941 η
610 900 771 940 πτωχεῖα
802 895 1011 951 ἧρξενῶνικιις
1040 894 1064 940 ἢ
1090 900 1301 942 νοσοκομεῖα
1324 895 1346 940 ἢ
1362 899 1401 932 15
1413 897 1530 932 milem
1560 897 1702 932 modum
1731 899 1831 941 gesta
1861 897 1954 939 fieri,
1986 897 2037 932 ita
2067 901 2185 933 tamen
2208 901 2264 940 ut,
2296 898 2368 933 sive
2391 899 2484 943 apud

269 942 395 978 αλλους
424 946 559 990 ευαγεῖς
590 943 718 984 οἴκους,
754 955 846 976 κατα
877 942 945 975 τὸν
974 955 1100 986 ομοιον
1130 942 1269 987 τρόπον
1298 941 1345 975 τοὶ

268 985 511 1032 ὑπομνήματα
526 988 715 1035 γίνεσθαι·
740 984 836 1021 οὕτω
851 989 1033 1033 μέντοιγε,
1057 984 1144 1021 diets
1161 988 1231 1022 εἴτε
1246 986 1345 1032 παρὰ

269 1032 505 1079 πατριάρχαις
534 1033 606 1066 εἴτε
636 1032 735 1077 παρὰ
758 1030 1037 1078 μητροπολίταις
1065 1032 1136 1066 εἴτε
1165 1029 1255 1078 παρ’
1283 1030 1344 1066 ἆλ-

269 1077 342 1112 λοις
371 1075 582 1113 ἐπισκόποις
612 1078 659 1111 τοὶ
685 1078 834 1111 τοιαῦτα
866 1075 1110 1131 ὑπομνήματα
1134 1077 1344 1122 πράττεται,

1412 942 1634 987 patriarchas
1667 941 1739 977 sive
1770 942 1865 987 apud
1895 942 2137 987 metropolitas
2169 942 2240 978 sive
2271 942 2367 988 apud
2396 943 2484 978 alios

1414 987 1600 1032 episcopos
1626 987 1827 1022 huiusmodi
1849 991 1948 1031 gesta
1972 987 2071 1030 fiant,
2095 988 2229 1022 nullum
2252 998 2317 1033 pro
2338 987 2393 1023 his
2414 987 2484 1023 dis-

1412 1031 1579 1076 pendium
1608 1035 1671 1066 aut
1694 1041 1883 1077 expensam
1907 1033 2124 1068 venerabiles
2153 1033 2275 1068 domos
2299 1033 2482 1069 sustinere.

1414 1077 1608 1122 Propterea
1631 1077 1721 1111 enim
1746 1078 1909 1112 nolumus
1934 1077 1977 1112 de
1994 1080 2111 1113 cetero
2136 1078 2231 1123 apud
2254 1077 2388 1130 iudices
2406 1088 2482 1123 pro-

268 1121 446 1177 μηδεμίαν
469 1124 560 1168 ὑπὲρ
585 1119 710 1156 αὐτῶν
735 1124 864 1175 ζημίαν
881 1119 903 1165 ἢ
921 1122 1091 1177 δαπαγην
1113 1124 1196 1156 τοὺς
1211 1119 1345 1169 εὐαγεῖς
1359 1123 1399 1155 20
1413 1122 1605 1157 vinciarum
1638 1127 1700 1156 aut
1724 1122 1925 1158 defensores
1957 1125 2116 1158 locorum
2139 1123 2338 1158 huiusmodi
2361 1133 2484 1158 monu-

267 1169 382 1202 οἱκους
403 1167 642 1213 υφίστασθαι.
691 1165 752 1201 διὰ
769 1180 877 1201 τουτο
899 1180 966 1213 γαρ
986 1181 1027 1201 ου
1047 1167 1257 1212 βουλόμεθα
1281 1169 1346 1202 τοῦ

268 1211 394 1247 λοιποῦ
418 1213 518 1258 παρὰ
541 1215 614 1246 τοῖς
638 1210 784 1258 ἄρχουσι
807 1213 882 1246 τῶν
906 1214 1090 1257 ἐπαρχιῶν
1113 1211 1136 1256 ἢ
1159 1215 1231 1247 τοῖς
1254 1211 1345 1247 ἐκδί-

267 1268 340 1292 κοις
369 1258 447 1292 τῶν
469 1256 600 1292 τόπων
630 1258 677 1291 τοὶ
701 1258 852 1291 τοιαῦτα
879 1255 1122 1302 ὑπομνήματα
1146 1257 1245 1303 παρὰ
1269 1260 1345 1291 τῶν

266 1303 599 1347 μνημονευθέντων
621 1302 824 1347 προςιύπων
844 1300 954 1349 ἤγουν
970 1303 1081 1337 οἴκων
1100 1303 1344 1348 πράττεσθαι,

1413 1171 1532 1202 menta
1561 1177 1583 1202 a
1615 1168 1815 1202 memoratis
1845 1168 2007 1212 personis
2042 1169 2113 1203 sive
2143 1168 2305 1204 domibus
2337 1168 2412 1213 agi,v
2446 1170 2487 1204 ut

1413 1213 1548 1247 nullum
1564 1212 1785 1257 dispendium
1805 1213 1969 1248 sentiant.
2007 1213 2198 1257 Postquam
2219 1224 2301 1249 vero
2316 1213 2386 1249 ista
2402 1213 2485 1249 sub-

1414 1261 1537 1293 secuta
1562 1257 1694 1292 fuerint
1716 1258 1811 1302 apud
1834 1261 2046 1293 memoratos
2071 1258 2311 1294 sanctissimos
2336 1259 2485 1303 patriar-

1415 1303 1499 1337 chas
1542 1305 1606 1337 aut
1638 1303 1884 1347 metropolitas
1925 1308 1988 1338 aut
2028 1303 2116 1339 alios
2153 1304 2358 1348 episcopos,
2401 1308 2487 1338 tunc

268 1348 334 1401 ἵναι
351 1345 531 1393 μηδεμίαν
556 1350 688 1392 ζημίαν
710 1345 940 1394 ὑφίστανται.
987 1348 1079 1392 μετὰ
1104 1346 1143 1382 δὲ
1164 1349 1207 1382 τὸ
1233 1345 1345 1382 οὕτως
1359 1349 1400 1381 25
1413 1347 1587 1392 praedicti
1611 1348 1832 1383 ordinatores
1865 1348 2044 1384 debitricis
2069 1348 2193 1384 domus
2217 1348 2425 1385 venerabilis
2449 1349 2487 1383 in

266 1406 384 1427 ταυτα
426 1392 749 1439 παρακολουθῆσαι
793 1392 894 1438 παρὰ
937 1396 1010 1427 τοῖς
1043 1394 1345 1437 μνημονευθεῖσιν

267 1435 483 1484 ἁγιωτάτοις
517 1437 753 1484 πατριάρχαις
792 1436 816 1481 ἢ
849 1437 1127 1485 μητροπολίταις
1167 1437 1190 1482 ἢ
1228 1437 1346 1472 ἄλλοις

267 1482 477 1518 ἐπισκόποις
507 1483 706 1527 τηνικαῦτα
737 1482 819 1517 τοὺς
842 1484 1043 1528 εἰρημένους
1075 1483 1254 1526 διοικητὰς
1279 1485 1344 1518 τοῦ

268 1527 521 1574 ἐποφιίλοντος
543 1524 689 1572 εὐαγοῦς
711 1527 807 1562 οἴκου
832 1527 1017 1583 ἐγγράφρως
1040 1530 1080 1562 ἐν
1099 1526 1259 1583 ὁὶημοσίῳ
1282 1529 1345 1572 τῆς

1413 1393 1555 1445 scriptis
1587 1393 1624 1427 in
1647 1393 1791 1437 publico
1822 1393 1971 1428 civitatis
2002 1393 2080 1428 loco
2113 1397 2315 1439 proponant
2344 1404 2408 1439 per
2437 1394 2486 1428 vi·

1412 1438 1498 1482 giuti
1531 1438 1622 1480 dies,
1660 1441 1695 1473 et
1726 1438 1794 1473 isto
1828 1439 1932 1474 modo
1968 1440 2156 1474 hortentur
2185 1449 2244 1474 eos
2280 1439 2342 1484 qui
2372 1448 2487 1474 emere

1412 1483 1534 1518 volunt
1570 1483 1782 1518 immobilem
1817 1494 1908 1527 rem,
1944 1487 1985 1518 ut
2019 1484 2079 1528 qui
2113 1484 2193 1528 plus
2255 1485 2375 1519 raebet
2408 1484 2486 1519 aliis

1413 1532 1666 1573 praeponatur.
1713 1529 1778 1564 His
1807 1539 1890 1564 vero
1915 1529 2075 1564 omnibus
2107 1539 2215 1574 proce
2241 1529 2380 1564 entibus
2403 1539 2487 1564 ven-

266 1571 406 1608 πόλεως
439 1572 545 1617 τόπῳ
560 1617 568 1628 .
581 1573 800 1619 προτιθέναι
841 1576 900 1608 ἐπὶ
936 1575 1070 1626 εἰκοσιν
1104 1577 1250 1619 ημέρας,
1285 1576 1345 1607 καὶ
1359 1574 1399 1607 30
1413 1574 1579 1608 ditionem
1595 1573 1672 1608 fieri
1688 1574 1802 1618 pretio
1825 1575 1938 1609 modis
1956 1574 2118 1609 omnibus
2139 1584 2204 1619 pro
2222 1574 2340 1610 debito
2358 1574 2486 1616 dando,

265 1616 385 1661 τούτῳ
418 1619 470 1661 τῷ
503 1631 632 1663 τροπῳ
663 1621 879 1664 προτρέπειν
912 1629 994 1653 τους
1021 1615 1196 1665 ἀγοράσαι
1220 1617 1343 1664 βουλο-

265 1666 391 1708 μένους
419 1664 462 1697 τὸ
488 1660 661 1706 ἀκίνητον
683 1665 852 1710 πρᾶγμα,
885 1664 945 1698 ἵνα
976 1661 996 1697 ὁ
1028 1663 1143 1698 πλείω
1174 1667 1345 1709 παρέχων

266 1709 344 1743 τῶν
373 1707 497 1742 ἄλλων
527 1709 748 1756 προτιμηθῇ.
796 1708 939 1743 τούτων
963 1707 1002 1743 δὲ
1022 1708 1176 1744 πάντων
1199 1710 1344 1755 προϊόν-

266 1765 344 1787 των
374 1753 442 1796 τὴν
464 1754 602 1806 πρᾶσιν
632 1753 804 1800 γίνεσθαι
832 1755 898 1788 τοῦ
921 1753 1119 1798 τιμήματος
1149 1756 1240 1789 πᾶσι
1263 1754 1345 1798 τρό-

266 1809 348 1834 ποις
378 1796 470 1844 ὑπὲρ
501 1811 566 1832 του
599 1795 803 1853 ὀφλήματος
833 1796 1033 1843 διδομένου,
1057 1799 1126 1854 ιῗνοι
1156 1800 1204 1844 μὴ
1229 1797 1345 1833 ἄλλως
1358 1801 1401 1834 35

267 1845 341 1886 ἔχοι
364 1840 387 1877 ὃ
409 1840 610 1890 ἇγοραστὴς
634 1857 676 1877 το
702 1840 867 1889 ἀσφαλές,
900 1845 931 1877 εἰ
953 1844 1002 1888 μὴ
1026 1849 1069 1878 το
1094 1848 1231 1888 τίμημα
1253 1842 1344 1889 ’ὑπὲρ

267 1886 379 1922 αὐτοῦ
403 1889 469 1923 τοῦ
483 1890 602 1934 χρέους
624 1887 822 1936 καταβάλῃ,
845 1891 906 1922 καὶ
919 1889 1028 1923 τοῦτο
1049 1889 1163 1933 ῥητῶς
1184 1891 1342 1936 ἐγγραφῇ

1412 1622 1453 1653 ut
1467 1629 1538 1654 non
1563 1619 1666 1653 aliter
1681 1619 1813 1654 habeat
1828 1625 1967 1664 emptor
1986 1619 2226 1661 munitionem,
2250 1619 2317 1654 nisi
2336 1619 2488 1664 pretium

1412 1674 1477 1710 pro
1499 1663 1577 1710 ipso
1602 1664 1720 1700 debito
1743 1666 1976 1710 persolvatur,
2007 1668 2042 1700 et
2065 1665 2134 1701 hoc
2157 1664 2339 1701 evidenter
2361 1663 2487 1701 inscri-

334 1991 365 2013 v.
382 1980 515 2014 29—33
539 1981 697 2014 sententia
721 1980 933 2014 adumbratur
955 1975 1048 2013 ‘Pom
1069 1982 1121 2024 10,
1137 1988 1164 2023 3,
1189 1982 1246 2014 ubi
1268 1982 1384 2014 citatur
1407 1979 1518 2025 νεαρὰ
1542 1975 1618 2025 ριέ.

266 2077 591 2122 administratores,
614 2078 716 2125 apud
737 2080 836 2125 ipsos
859 2081 1106 2115 sanctissimos
1126 2078 1360 2125 patriarchas
1382 2091 1406 2114 a
1430 2079 1558 2125 quibus
1579 2083 1749 2115 creantur
1770 2078 1826 2114 vel
1845 2078 2081 2125 desiqnantur
2103 2084 2331 2116 monumenta
2372 2092 2487 2126 acere,

266 2129 396 2160 etcum
411 2123 645 2159 iureiurando
662 2124 994 2159 administratorum
1019 2128 1128 2170 atque
1145 2134 1319 2158 consensu
1336 2125 1486 2159 maioris
1500 2126 1620 2170 partis
1638 2135 1761 2160 eorum
1779 2125 1841 2170 qui
1856 2125 2054 2159 ministeria
2070 2124 2108 2159 in
2124 2125 2169 2160 iis
2186 2126 2318 2161 obeunt
2357 2126 2487 2162 ebitum

266 2169 498 2215 manifestum
518 2169 605 2214 fieri
630 2173 666 2204 et
695 2169 795 2214 quod
821 2180 871 2205 eoe
900 2169 1008 2205 rebus
1030 2168 1217 2203 mobilibus
1246 2168 1286 2203 id
1307 2170 1401 2204 solvi
1422 2180 1466 2204 ne
1493 2174 1597 2212 ueat;
1634 2180 1697 2205 eos
1720 2175 1837 2205 autem
1870 2169 1933 2215 qui
1955 2180 1977 2204 a
2001 2170 2288 2216 metropolitanis
2309 2173 2488 2218 episcopis

267 2217 447 2255 creantur,
478 2214 552 2249 sive
575 2214 736 2261 episcopi
758 2214 831 2250 sint
857 2214 931 2250 sive
954 2213 1260 2249 archimandritae
1290 2214 1365 2249 sive
1389 2215 1456 2261 orp
1471 2214 1679 2260 tanotrophi
1710 2216 1784 2249 sive
1803 2214 2063 2260 ptochotrophi
2085 2215 2143 2250 vel
2164 2215 2318 2250 aliarum
2341 2227 2486 2252 venera-

266 2258 389 2294 bilium
411 2258 579 2294 domuum
604 2259 934 2301 administratores,
968 2258 1069 2306 apud
1090 2259 1190 2304 ipsos
1212 2259 1376 2306 similiter
1398 2260 1695 2306 metropolitanos
1726 2259 1915 2311 episcopos
1946 2260 2121 2295 eiusmodi
2152 2266 2378 2297 monumenta
2403 2272 2487 2298 con-

266 2303 444 2345 scribere;
477 2303 579 2350 apud
603 2303 685 2339 illos
708 2311 825 2340 autem
849 2305 1048 2351 episcopos,
1081 2304 1143 2349 qui
1166 2304 1223 2339 vel
1243 2315 1266 2338 a
1283 2304 1508 2350 patriarchis
1532 2304 1587 2340 vel
1609 2316 1632 2339 a
1657 2304 1945 2350 metropolitanis
1967 2305 2147 2385 episeopis
2170 2312 2340 2341 creantur
2365 2311 2400 2342 et
2421 2306 2487 2342 sub

266 2349 511 2384 iurisdictione
533 2360 600 2384 sua
625 2349 680 2384 vel
701 2350 921 2384 monasteria
944 2349 1001 2385 vel
1014 2348 1168 2395 ptochia
1192 2349 1247 2384 vel
1268 2359 1430 2384 xenones
1453 2349 1509 2385 vel
1530 2351 1735 2385 nosocomia
1759 2349 1816 2384 vel
1836 2349 1929 2384 alias
1951 2360 2080 2384 venera
2105 2350 2169 2385 iles
2192 2349 2319 2386 domus
2342 2350 2483 2394 habent,

267 2394 390 2430 eodem
413 2393 518 2429 modo
541 2399 768 2430 monumenta
784 2394 884 2440 fieri:
907 2395 958 2430 ita
981 2398 1098 2429 tamen
1123 2398 1162 2429 ut
1183 2394 1258 2430 sive
1276 2393 1377 2440 apud
1392 2394 1631 2441 patriarchas
1653 2395 1727 2430 sive
1748 2394 1849 2440 apud
1867 2395 2166 2441 metropolitanos
2187 2396 2261 2430 sive
2276 2397 2377 2442 apud
2394 2397 2487 2432 alios

268 2450 291 2473 e
315 2440 455 2485 iscopos
489 2438 663 2475 eiusmodi
696 2445 923 2474 monumenta
955 2439 1066 2484 fiant,
1110 2438 1246 2474 nullum
1279 2438 1363 2475 inde
1398 2439 1566 2481 damnum
1609 2440 1664 2476 vel
1685 2445 1864 2486 sumptum
1898 2440 2116 2475 venerabiles
2157 2439 2283 2475 domus
2324 2442 2487 2477 subeant.

322 2491 470 2530 opterea
491 2485 584 2520 enim
599 2484 767 2520 nolumus
790 2486 827 2519 in
846 2490 1035 2530 posterum
1059 2483 1160 2531 apud
1179 2484 1366 2530 praesides
1383 2485 1658 2531 provinciarum
1682 2484 1739 2520 vel
1752 2485 1963 2530 defensores
1987 2485 2146 2520 locorum
2169 2485 2342 2521 eiusmodi
2365 2497 2488 2522 monu-

267 2534 387 2564 menta
410 2540 434 2564 a
454 2531 660 2564 memoratis
685 2529 856 2576 personis
884 2529 940 2565 vel
968 2529 1130 2564 domibus
1152 2529 1281 2574 confici
1290 2556 1298 2571 ‚
1331 2540 1376 2564 ne
1399 2530 1511 2564 ullum
1543 2530 1712 2564 damnum
1735 2530 1895 2565 subeant.
1944 2529 2142 2576 Postquam
2173 2534 2292 2566 autem
2324 2530 2412 2567 haec
2434 2532 2487 2567 ita

268 2579 459 2610 consecuta
474 2579 560 2610 sunt
581 2573 682 2621 apud
703 2578 920 2610 memoratos
942 2574 1188 2609 sanctissimos
1210 2574 1445 2620 patriarchas
1467 2574 1523 2611 vel
1544 2574 1843 2621 metropolitanos
1866 2574 1922 2610 vel
1939 2574 2032 2610 alios
2055 2575 2257 2628 episcopoS,
2284 2579 2357 2611 tum
2378 2587 2487 2623 prae-

268 2619 356 2655 dicti
378 2619 690 2655 administratores
713 2619 895 2655 debitrieis
918 2620 1131 2655 venerabilis
1153 2619 1279 2654 domus
1310 2621 1347 2654 in
1370 2620 1517 2666 scriptis
1547 2620 1585 2654 in
1607 2620 1752 2667 publico
1777 2620 1931 2655 civitatis
1962 2619 2042 2655 loco
2061 2631 2133 2666 per
2157 2620 2283 2666 mqinti
2306 2621 2382 2657 dies
2401 2632 2488 2668 pro·

262 2668 426 2711 ponant,
455 2675 498 2700 eo
525 2676 569 2699 ue
591 2664 698 2700 modo
723 2664 963 2700 adhortentur
990 2675 1052 2700 eos
1083 2664 1148 2710 qui
1177 2675 1251 2700 rem
1273 2665 1486 2700 immobilem
1515 2676 1630 2701 emere
1659 2664 1784 2706 velint,
1817 2668 1858 2700 ut
1881 2666 1943 2710 qui
1964 2665 2050 2711 plus
2074 2665 2207 2711 offerat
2234 2665 2361 2702 ceteris
2378 2677 2488 2713 prae-

263 2714 439 2756 ponatur.
487 2675 556 2744 ᾖξε
579 2714 697 2745 autem
722 2709 884 2745 omnibus
903 2709 1181 2756 procedentibus
1211 2709 1366 2745 venditio
1387 2710 1467 2755 fiat,
1499 2714 1535 2746 et
1555 2710 1712 2757 pretium
1743 2708 1907 2745 omnibus
1930 2709 2044 2744 modis
2061 2721 2135 2756 pro
2160 2711 2277 2746 debito
2302 2710 2416 2753 detur,
2448 2715 2490 2748 ut

268 2760 410 2801 emptor
437 2765 509 2790 non
538 2755 646 2790 aliter
674 2755 903 2790 securitatem
933 2754 1064 2791 habeat
1094 2755 1167 2790 nisi
1192 2756 1348 2802 pretium
1372 2765 1448 2802 pro
1472 2755 1553 2802 ipso
1585 2755 1702 2791 debito
1733 2754 1890 2798 solverit,
1922 2754 2030 2800 idque
2053 2755 2260 2790 nominatim
2291 2766 2371 2791 cum
2394 2756 2488 2793 iure-

270 2866 479 2949 0333‘22‘22‘
495 2870 528 2948 2⁰
538 2870 551 2958 fl}
570 2865 894 2959 rigettati]
913 2882 1019 2949 atro
1035 2872 1107 2959 {1⁰3⁶
1120 2865 1342 2959 &titiis

269 2969 329 2994 τος
352 2941 495 3003 κινητοῦ
521 2973 578 2993 om.
598 2960 627 2994 Ο
647 2960 660 3003 ΙΙ
684 2963 702 2994 7
729 2958 943 2994 ἐπισκόπων
957 2961 1151 2994 Haloander
1174 2949 1345 3002 (aneti-o—

269 3005 429 3049 politanis
452 3005 614 3048 episcopis
638 3006 727 3047 Iul.)]
762 3002 785 3047 ἢ
809 3004 1021 3039 ἐπισκόπων
1045 3006 1092 3039 M
1095 3005 1171 3039 LB
1203 3003 1346 3039 ἐπισκό-

271 3060 358 3084 πους
385 3051 427 3093 Ο,
452 3063 511 3083 om.
536 3062 555 3086 ς
583 3051 595 3094 ΙΙ
625 3052 644 3084 8
668 3050 758 3084 εἰσὶν
782 3051 856 3083 LB
873 3051 886 3094 ΙΙ
906 3053 942 3084 11
970 3048 1179 3084 ἐπισκόποις
1204 3051 1346 3092 Gelai]

271 3093 294 3138 ἢ
318 3092 527 3129 ἐπισκόποις
550 3095 687 3136 MLBll
716 3097 756 3129 13
782 3094 994 3130 ἐπισκόπων
1014 3096 1122 3137 glut]
1156 3096 1346 3130 ἐπίσκοποι

272 3141 382 3174 MLB
416 3138 438 3183 ἢ
458 3139 669 3174 ἐπισκόπων
697 3140 750 3184 011
775 3142 815 3175 19
838 3140 1001 3182 τοιαῦτα]
1028 3137 1119 3173 αιἰτά
1148 3142 1177 3174 C
1197 3141 1210 3185 ΙΙ
1235 3138 1346 3187 πράτ-

271 3184 406 3219 τεσθαι
429 3186 461 3218 L
485 3186 498 3230 ΙΙ
521 3187 563 3220 25
586 3182 765 3230 μηδεμίαν
787 3181 1004 3230 ὑφίστανται
1025 3184 1169 3230 βλάβην
1196 3188 1224 3220 (J
1245 3186 1258 3230 fl
1282 3182 1346 3232 ὑφ-

273 3230 447 3264 ιστῶνται
463 3243 531 3264 cum
550 3231 731 3274 Scrimyero
747 3232 833 3274 vuly.
850 3232 862 3273 ΙΙ
882 3232 923 3264 28
945 3230 1008 3263 τοῦ
1029 3228 1280 3275 έποφείλοντος
1296 3234 1348 3267 Ge

272 3276 400 3330 Iul.(e[.
412 3277 557 3317 585,12)]
576 3276 640 3309 τοῦ
655 3271 714 3310 ἐπ’
730 3272 884 3321 ὠφελείᾳ
900 3273 1004 3309 ὄντος
1016 3273 1137 3316 (ὄντας
1149 3276 1203 3319 Μ)
1219 3274 1349 3321 MLBn

274 3322 316 3354 29
347 3320 505 3367 ευαγοῖις]
528 3320 593 3354 τοῦ
619 3316 761 3367 εὖαγοῖις
784 3322 815 3354 L
849 3320 914 3354 τοῦ
939 3322 1067 3360 (deinde
1082 3323 1220 3364 spatium
1238 3322 1258 3355 3
1272 3322 1349 3365 sere

275 3366 331 3398 liu.
347 3367 496 3409 sortasse
518 3379 595 3399 casu
620 3367 775 3405 relictum)
800 3365 842 3399 M
868 3365 881 3410 ΙΙ
906 3365 1012 3400 τόπω
1037 3366 1096 3407 τῆς
1120 3364 1258 3400 πόλεως
1282 3367 1314 3399 L

274 3411 317 3443 32
340 3408 453 3444 πλείω
470 3411 579 3452 OLB]
602 3409 646 3444 τὸ
670 3408 794 3445 πλεῖον
811 3411 855 3444 Μ
871 3408 980 3444 πλέον
996 3411 1077 3445 Cott.
1088 3412 1128 3445 87
1141 3423 1226 3455 cap„
1242 3411 1318 3445 Aeh.

275 3455 318 3488 34
336 3455 510 3501 γενέσθαι
533 3456 586 3500 011
613 3458 654 3490 37
679 3453 886 3502 καταβάλλῃ
912 3457 959 3497 L,
977 3457 1042 3490 Ου-
1060 3456 1080 3489 l.

1414 2870 1462 2904 R¹
1479 2870 1492 2915 ΙΙ
1516 2871 1535 2904 6
1559 2869 1704 2913 persolui
1724 2869 1814 2902 istud
1837 2869 1870 2902 T
1888 2868 1901 2911 ΙΙ
1924 2871 1988 2910 eos]
2012 2879 2071 2911 per
2087 2879 2140 2902 eos
2163 2870 2247 2913 vuly.
2266 2871 2321 2914 (⁶.st
2340 2872 2386 2903 ad
2401 2873 2453 2913 10)
2476 2871 2489 2915 ΙΙ

1414 2916 1472 2957 qui
1491 2917 1521 2956 a]
1546 2916 1625 2958 quia
1645 2915 1694 2949 V¹
1713 2915 1725 2959 ΙΙ
1750 2917 1768 2949 7
1786 2914 2062 2958 orphanotrophii
2081 2915 2113 2948 T
2130 2914 2142 2958 ΙΙ
2168 2915 2187 2949 8
2208 2916 2278 2948 siue
2297 2915 2424 2958 ptochii
2442 2917 2487 2958 T]

1414 2974 1472 2994 om.
1485 2962 1515 2993 R
1527 2961 1563 3003 V,
1584 2961 1651 2993 sive
1663 2960 1896 3003 ptochotrophi
1909 2961 1995 3004 vulq.
2009 2959 2021 3004 ss
2038 2962 2076 2994 10
2089 2959 2280 2992 huiusmodi
2292 2979 2331 2985 —
2347 2962 2386 2995 12
2398 2962 2488 2994 ordi-

1414 3008 1539 3038 nantur
1562 3018 1622 3039 scr.
1644 3004 1696 3039 V³
1719 3007 1751 3039 in
1771 3018 1837 3039 ras.
1856 3007 1875 3039 2
1893 3017 1942 3038 vv.
1972 3005 1984 3050 ΙΙ
2016 3005 2075 3049 leq.
2101 3004 2331 3038 conscribere?
2355 3007 2426 3047 (sed
2444 3007 2487 3050 ef.

1416 3053 1460 3084 ad
1475 3053 1507 3092 3)
1523 3050 1535 3095 ΙΙ
1565 3053 1602 3085 11
1628 3052 1687 3084 aut
1710 3061 1729 3083 a
1752 3051 1851 3095 cuiq]
1885 3053 1944 3083 aut
1963 3050 2038 3083 RV
2055 3060 2075 3082 a
2100 3051 2132 3083 Τ
2153 3049 2166 3095 ΙΙ
2194 3051 2234 3085 12
2259 3050 2401 3083 habeant
2428 3050 2489 3096 ΤΠ

1414 3097 1581 3140 propriam
1603 3096 1650 3130 R*
1708 3097 1748 3130 13
1768 3095 2031 3128 iurisdictionem
2054 3095 2109 3139 Vss
2134 3097 2192 3128 aut
2208 3096 2405 3128 monasteria
2428 3109 2488 3130 om.

1424 3142 1454 3174 V
1468 3143 1480 3184 ΙΙ
1495 3151 1639 3174 xenonas
1708 3150 1838 3173 xenona
1854 3141 1887 3174 T
1903 3141 1915 3183 ΙΙ
1943 3142 1985 3175 14
2001 3140 2117 3173 domus
2134 3140 2183 3173 R¹
2197 3140 2229 3173 Τ
2245 3139 2258 3184 ΙΙ
2285 3142 2325 3174 15
2341 3140 2487 3182 modum]

1415 3186 1589 3229 domodum
1608 3186 1662 3220 ΤΒ
1688 3185 1700 3230 [Ι
1726 3185 1798 3219 fieri
1813 3188 1904 3227 gesta
1919 3186 1951 3219 R
1974 3185 2041 3230 ltffi
2063 3185 2097 3219 R
2125 3184 2138 3229 ΙΙ
2168 3187 2205 3219 17
2231 3185 2324 3226 fiant]
2348 3186 2415 3219 sint
2437 3186 2488 3220 V·

1415 3231 1501 3263 fiunt
1522 3230 1570 3264 Vb
1599 3231 1612 3274 11
1642 3231 1682 3266 18
1708 3231 1823 3264 domus
1845 3231 1938 3264 R¹T
2002 3230 2185 3263 sustineant
2212 3230 2244 3263 Τ
2247 3231 2260 3250 ²
2286 3231 2299 3274 ΙΙ
2326 3232 2367 3265 19
2391 3229 2487 3264 uolu-

1415 3287 1487 3309 mus
1510 3276 1597 3310 RT¹
1616 3275 1628 3320 ΙΙ
1653 3278 1695 3310 20
1718 3275 1908 3309 huiusmodi
1931 3288 1989 3310 om.
2008 3276 2040 3309 T
2057 3275 2070 3320 ΙΙ
2093 3278 2380 3309 monumentorum
2403 3274 2453 3312 ,Τι
2464 3273 2488 3352 ἒ

1417 3323 1459 3355 23
1482 3321 1568 3354 finnt
1586 3321 1617 3355 Τ
1631 3320 1645 3366 [l
1659 3321 1872 3355 sanctissimis
1892 3320 1942 3354 V¹
1960 3320 1972 3365 ΙΙ
1990 3322 2032 3355 24
2055 3323 2115 3354 aut
2135 3319 2375 3364 metropolitas]
2398 3329 2463 3363 apu

1416 3365 1642 3409 metropolitas
1663 3366 1718 3410 Vll
1737 3367 1778 3400 25
1794 3365 1956 3410 praedicti
1975 3365 2038 3407 ΤΞ]
2062 3366 2246 3410 praedictos
2262 3364 2404 3399 R¹VT¹
2427 3373 2485 3406 per

1416 3411 1601 3454 praedictos
1615 3411 1664 3445 Β2
1673 3413 1760 3456 vulq.
1776 3412 1789 3454 n
1807 3411 1919 3444 domos
1941 3411 1986 3445 V¹
2003 3411 2016 3455 ΙΙ
2034 3413 2076 3446 26
2097 3410 2326 3454 *proponatur
2338 3408 2386 3442 Β*
2408 3418 2484 3451 pro·

1415 3459 1582 3499 ponantur
1611 3457 1735 3501 Vvulq.
1771 3459 2017 3500 praeponantur
2043 3457 2076 3490 T
2103 3466 2155 3489 res
2176 3454 2378 3499 proponatur
2401 3452 2451 3485 Β*

1403 3503 1457 3550 ,27
1476 3502 1552 3542 isto]
1577 3501 1617 3534 de
1633 3501 1697 3535 isto
1714 3502 1761 3535 R·
1780 3504 1918 3545 flor-tent
1938 3502 1986 3535 V¹
2005 3501 2017 3545 {l
2033 3503 2075 3536 28
2092 3502 2151 3543 qui
2164 3499 2250 3543 plus]
2270 3496 2390 3540 quibus
2412 3497 2459 3531 V'

1415 3546 1573 3590 praebent
1598 3547 1630 3579 R
1646 3546 1659 3591 ΙΙ
1684 3547 1726 3581 29
1750 3557 1827 3580 vero
1851 3560 1909 3581 om.
1923 3547 1957 3580 R
1978 3547 1991 3591 ΙΙ
2014 3543 2264 3590 procedentibus
2284 3541 2330 3583 T]
2353 3552 2484 3585 praeoe-

1414 3590 1570 3624 dentibus
1594 3591 1762 3635 RVvuly.
1785 3591 1799 3635 ΙΙ
1827 3593 1869 3627 30
1891 3592 2034 3635 pretium
2059 3590 2090 3624 T
2110 3590 2124 3633 Ι
2151 3589 2191 3623 31
2216 3585 2334 3620 habeat
2358 3590 2485 3631 emptor

1413 3636 1632 3669 munitionem
1656 3637 1755 3680 υιιίς]
1779 3637 1899 3670 habent
1922 3638 2048 3680 emptor
2069 3631 2293 3667 uenditionem
2316 3632 2347 3666 V
2364 3631 2485 3666 habeat

1413 3681 1611 3714 mentionem
1646 3681 1858 3725 (emptionem
1882 3681 1944 3724 132)
1979 3679 2106 3722 emptor
2127 3676 2161 3711 13
2203 3679 2331 3720 emptor
2364 3677 2484 3711 habeat

1413 3726 1588 3759 emtionem
1611 3726 1645 3760 T
1665 3725 1678 3771 Ι
1699 3726 1778 3768 nisi]
1800 3728 1840 3759 ut
1861 3725 1890 3759 si
1909 3725 1957 3758 R·
2020 3731 2022 3733 '

321 3544 341 3576 2
361 3549 607 3586 praeponantur
622 3546 679 3589 ΤΙΙ
697 3547 716 3580 3
740 3545 824 3586 fieri]
848 3545 955 3578 heere
972 3558 1034 3588 pro
1059 3548 1141 3580 osuit
1160 3547 1290 3581 Haenet
1303 3547 1349 3580 ad

276 3586 340 3620 lut.
353 3590 417 3622 410
434 3596 496 3622 not.
514 3591 561 3622 dd
582 3592 653 3631 (sed
667 3591 708 3634 cf.
727 3591 863 3631 58¹1‚25.
890 3590 1006 3631 588,1)
1023 3559 1103 3634 fet]
1127 3594 1166 3624 nt
1189 3591 1314 3625 RVT²
1334 3590 1348 3635 Ι

278 3640 469 3665 consensum
490 3634 539 3667 V·
565 3634 578 3677 Ι
602 3637 622 3669 4
645 3635 750 3677 partis
774 3635 894 3668 om.R¹
919 3635 932 3679 ss
956 3635 992 3667 in
1017 3637 1064 3668 eis
1087 3635 1347 3669 deseruientibus

279 3674 312 3707 R
323 3675 369 3708 V¹
394 3677 427 3708 in
444 3677 564 3710 eisdem
583 3679 805 3712 seruientibus
821 3681 1009 3721 (seruientis
1027 3679 1089 3723 T0)
1112 3681 1145 3714 Τ
1158 3682 1171 3726 11
1186 3680 1345 3723 debitum]

278 3717 315 3751 in
334 3719 479 3752 debitum
499 3722 547 3755 R¹
572 3723 606 3755 id
622 3723 767 3757 debitum
784 3722 895 3767 R’Vn
922 3726 941 3757 5
965 3725 1000 3757 et
1022 3736 1081 3759 om.
1097 3725 1130 3759 T
1141 3725 1154 3770 ΙΙ
1175 3725 1347 3769 possibiles
