2618 4010
263 133 371 176 Nov.
393 132 553 176 LXXII
582 133 691 175 6--8
784 114 786 116 ’
1337 125 1426 179 362
1862 103 1864 105 Ι
1962 143 2024 175 u'r
2050 142 2102 173 m
2130 141 2209 181 om
2238 138 2503 199 onmes-ris

264 242 383 284 λοίαις,
400 243 599 285 τηνικαῦτα
624 242 737 284 ἐχέτω
752 243 822 286 μὲν
838 240 882 277 τὸ
902 242 983 277 τὸν
1001 239 1079 277 δύαι
1098 242 1226 286 μηνῶν
1246 237 1341 275 καθ’
1411 241 1500 275 tunc
1522 237 1657 275 habeat
1685 239 1827 286 quidem
1848 240 2000 288 duorum
2030 241 2205 279 mentium
2236 250 2301 286 pel-¹
2329 239 2488 285 singulo!

264 289 416 321 ἕκαστον
447 288 524 321 ἔτος
553 283 747 331 ἐνδόσιμον
778 287 900 328 (τοῦτο
929 282 1018 334 ὅπερ
1047 286 1083 321 οἱ
1113 285 1218 331 νόμοι
1244 285 1342 322 laxa·
1412 293 1525 320 annos
1546 283 1707 320 indutias
1730 285 1812 328 (h'oc
1835 286 1929 331 quod
1951 286 2046 332 leges
2069 287 2312 323 laxamentum
2333 288 2488 328 vocant),

263 334 404 367 mento-a
425 329 626 375 καλοῦσιν),
654 331 746 368 ἵστω
770 329 810 367 δὲ
829 330 896 366 τὸν
924 334 988 366 τοῦ
1010 329 1246 376 δανείσματος
1267 333 1341 365 κίν-
1410 328 1503 365 sciat
1537 330 1659 365 autem
1689 329 1804 366 mutui
1837 330 2036 376 periculum
2074 333 2124 369 ad
2157 342 2196 369 se
2230 330 2372 367 omnino
2404 339 2489 366 veii-

265 376 374 411 δυνον
396 374 458 422 ἐφ’
485 375 617 412 ἑαυτὸν
639 374 788 424 πάντως
811 375 1056 421 ἐλευσόμενον.
1411 376 1544 409 turum.

1252 463 1408 500 CAPUT
1431 463 1511 499 VII.

310 533 357 568 Ε
377 534 446 578 μὲν
467 526 533 569 οὖν
555 534 581 568 b'
596 547 630 569 οι
653 531 844 580 προςόδους
867 530 1054 579 αὐτάρκεις
1073 529 1093 567 ὁ
1112 529 1340 576 κηδεμονευό-
1378 534 1397 566 5
1463 530 1525 566 Sin
1554 539 1638 566 vero
1669 529 1779 565 habet
1801 530 1935 567 reditus
1960 531 2177 569 sufficientes
2208 534 2240 569 is
2274 534 2376 569 cuius
2401 543 2491 568 curn·

264 589 385 623 μενος,
414 576 548 614 ταύτης
594 578 784 622 απανάτω,
808 580 840 613 εί
863 576 903 612 δὲ
925 577 1065 612 πλείους
1088 578 1158 612 εἰσὶ
1180 578 1259 612 τῶν
1284 574 1342 610 αὖ·
1411 574 1701 628 administratnr‚
1738 584 1800 611 eos
1836 575 2032 621 expendat3
2076 577 2133 613 sin
2165 587 2248 614 vero
2288 579 2370 624 plus
2406 583 2492 614 sunt

265 621 421 703 ἵὲιρκων,
450 624 494 679 τὸ
516 623 642 704 πέεῖον
665 621 921 681 ἁποτιθέσθω.
966 623 1013 702 Eli
1042 620 1083 656 δὲ
1107 622 1234 679 κινητὴ
1258 620 1341 658 πολ·
1412 631 1534 702 gffimf
1543 619 1711 700 εὲιῐῖῆοιᾳὺ,
1749 620 1843 674 quod
1865 622 1948 666 plus
1971 625 2026 657 est
2022 625 2209 702 drneponat.
2258 623 2391 668 Quodsi
2415 633 2489 676 mo-

203 738 205 740 ,
265 679 1343 760 „affatnsswffltffltffizzzsatientatis&
1413 675 2021 755 est⁸t1310⁶m⁶d¹3⁸231¹31¹1²2⁸m⁰1322²212
2043 669 2490 759 &mamm

265 756 354 794 ὅσον
368 759 458 816 πρὸς
471 759 538 804 τὴν
554 758 730 804 διοίκησιν
748 758 850 806 ἀρκεῖ
871 760 925 802 τῷ
944 762 1015 801 νέῳ
1040 761 1124 800 [καὶ]
1141 759 1219 793 τῶν
1236 755 1344 792 αὐτοῦ
1360 760 1400 792 10
1412 760 1489 792 tum
1511 757 1558 792 ad
1581 756 1883 801 dispensationem
1914 756 2068 793 sufficiet
2097 757 2315 794 adolescenti
2345 759 2491 804 eiusque

266 816 296 839 π
341 817 502 852 γματων,
537 805 580 840 τὸ
616 804 655 839 δὲ
685 803 857 851 περιττὸν
887 803 1057 850 ἀσφαλῶς
1086 800 1345 838 άποτιθέσθω.
1412 803 1530 843 rebus,
1555 802 1650 847 quod
1673 811 1756 837 vero
1781 802 1863 847 plus
1882 806 1938 838 est
1962 805 2067 837 caute
2089 803 2316 840 recondatur.
2354 804 2493 841 Licebit

263 846 273 859 '
325 853 427 885 ἐσται
449 848 489 884 δὲ
506 849 606 894 αὐτῷ
629 851 697 884 σὺν
714 849 880 895 ἀκριβείᾳ
909 847 1008 897 πάσῃ
1029 848 1344 895 περιεργάζεσθαι,
1413 853 1532 883 autem
1552 847 1586 882 ei
1607 857 1688 882 cum
1708 847 1804 882 omni
1823 847 2023 885 subtilitate
2041 848 2280 893 perscrutari,
2302 849 2334 885 si
2351 849 2492 895 aliquos

266 896 302 929 εἴ
319 909 404 930 τινα
435 894 484 930 ὠς
513 896 603 931 εἰκὸς
629 894 743 941 εὑρεῖν
766 892 938 940 ἀσφαλῶς
963 892 1138 936 δυνηθείη
1170 891 1346 941 πρόςοδον
1413 893 1537 928 forsan
1559 892 1719 927 invenire
1744 895 1849 927 caute
1871 892 2036 937 potuerit,
2053 892 2200 937 reditus,
2225 897 2261 929 et
2285 903 2493 940 comparare

267 938 488 984 ὠνήσασθαι
510 941 564 985 τῷ
589 943 660 984 νέῳ
684 942 722 974 ἐκ
746 940 825 974 τῶν
843 938 1131 986 περιττευόντων
1153 937 1348 986 χρημάτων
1415 938 1542 974 minori
1566 947 1610 973 ex
1634 937 1900 974 abundantibus
1924 938 2096 983 pecuniis,
2128 937 2276 974 modicis
2298 939 2492 975 functioni-

266 984 401 1032 ὀλίγων
422 988 489 1031 μὲν
508 984 695 1030 ’δημοσίων
719 982 766 1031 φό
791 998 845 1019 ων
867 982 1089 1026 ὑπεύθυνον,
1117 985 1284 1031 πρατῆρα
1309 982 1348 1018 δὲ
1363 987 1402 1019 15
1416 984 1483 1019 bus
1518 983 1673 1028 publicis
1708 983 1903 1027 obligatos,
1944 983 2164 1019 venditorem
2201 993 2284 1019 vero
2321 983 2494 1020 habentes

267 1033 418 1074 ἔχουσαν
429 1029 586 1077 εὔπορον
602 1033 662 1064 καὶ
675 1027 771 1064 εὖθα
793 1031 815 1074 ἢ
828 1029 895 1072 τὴν
907 1027 1083 1076 πρόςοδον
1094 1023 1217 1064 οὖσαν.
1253 1027 1347 1064 δίδο-
1415 1029 1582 1065 idoneum
1601 1030 1640 1063 et
1655 1028 1843 1073 opulentos
1859 1028 1996 1064 reditus
2012 1029 2215 1064 existentes.
2249 1028 2384 1065 Damus
2400 1029 2495 1065 enim

266 1090 334 1121 μεν
363 1075 431 1123 γὰρ
464 1075 563 1120 αὐτῷ
595 1079 802 1122 παρρησίαν
833 1078 894 1109 καὶ
923 1076 1032 1110 τοῦτο
1055 1073 1239 1122 πράττειν,
1272 1076 1347 1110 ἐπι·
1417 1075 1448 1109 ei
1471 1074 1651 1109 licentiam
1676 1076 1712 1109 et
1734 1074 1804 1109 hoc
1824 1082 1945 1118 agere,
1977 1073 2104 1109 scienti
2132 1074 2234 1119 quia,
2268 1074 2300 1110 si
2323 1075 2407 1127 quid
2429 1076 2494 1109 ho·
2522 1090 2525 1092 -

267 1124 435 1166 σταμόνῳ
461 1119 508 1156 ὠς
531 1122 566 1155 εἴ
583 1132 680 1156 τινος
702 1120 845 1155 τούτων
869 1118 891 1154 ά
919 1119 1086 1163 ελήσειεν,
1107 1119 1127 1155 ὁ
1143 1121 1206 1164 τῆς
1221 1117 1348 1168 ἆγορα-
1417 1130 1495 1155 rum
1513 1119 1718 1164 neglexerit,
1743 1119 1849 1155 liuius
1867 1119 2055 1164 emptionis
2073 1119 2191 1165 ipsum
2211 1119 2379 1165 respiciet
2401 1120 2494 1164 peri-

268 1170 349 1201 σιάς
363 1165 502 1210 ταύτης
525 1163 637 1201 αὐτὸν
661 1164 792 1212 ὄψεται
817 1170 876 1200 κίν
899 1177 991 1200 υνος.
1419 1165 1548 1200 culum.

1248 1255 1407 1291 CAPUT
1430 1255 1529 1291 VIII.

325 1326 372 1360 Ei
394 1323 443 1360 δε·
469 1325 645 1360 τοσοῦτον
676 1322 791 1370 μόνον
821 1324 875 1366 εἴη
910 1323 953 1358 τὸ
987 1325 1050 1358 τοῦ
1083 1327 1164 1358 νέου
1194 1328 1349 1369 χρυσίον,
1364 1325 1405 1358 20
1465 1323 1502 1358 Si
1517 1332 1600 1358 vero
1617 1324 1757 1359 tantum
1777 1322 1997 1358 solummodo
2015 1323 2062 1358 sit
2077 1322 2223 1358 mium-Is
2241 1333 2378 1367 aurum,
2396 1324 2498 1358 cuius

268 1369 402 1407 ὁπόσου
425 1370 527 1406 τόκος
548 1369 649 1415 μόλις
680 1368 793 1404 αὐτόν
820 1382 861 1404 τε
883 1372 943 1403 καὶ
966 1369 1048 1403 τοὺς
1073 1367 1181 1403 αὐτοῦ
1205 1372 1350 1415 τρέφειν
1419 1378 1550 1404 usurae
1573 1369 1632 1403 vix
1656 1378 1736 1404 eum
1760 1371 1795 1403 et
1819 1368 1878 1412 qui
1902 1368 1978 1403 eius
2003 1371 2088 1403 sunt
2111 1378 2259 1413 pascere
2285 1372 2322 1403 et
2344 1369 2498 1413 aliquam

268 1420 328 1452 καὶ
361 1415 430 1459 τὴν
464 1415 577 1459 ἄλλην
611 1412 712 1459 αὐτῷ
747 1418 916 1459 παρέχειν
953 1416 1017 1449 τοῦ
1052 1418 1134 1459 βίου
1173 1412 1351 1457 διοίκησιν
1419 1414 1523 1449 aliam
1557 1414 1591 1449 ei
1624 1414 1798 1459 praebere
1836 1414 1930 1448 vitae
1965 1413 2266 1458 dispensationem
2305 1414 2497 1457 sufficiant,

269 1461 383 1510 ἀρκεῖ,
412 1462 611 1505 τηνικαῦτα
634 1458 653 1495 ὁ
677 1461 739 1503 τῆς
761 1457 915 1507 ἀνάγκης
941 1458 1042 1515 λόγος
1068 1457 1155 1504 ἡμᾶς
1179 1463 1239 1494 καὶ
1262 1459 1350 1503 πρὸς
1418 1462 1506 1494 tunc
1535 1459 1761 1495 necessitatis
1790 1459 1881 1494 ratio
1911 1469 1977 1494 nos
2003 1458 2110 1494 etiam
2141 1458 2188 1494 ad
2210 1458 2281 1495 hoc
2303 1463 2425 1502 vocat,
2457 1463 2499 1495 ut

269 1509 376 1543 τοῦτο
399 1505 509 1549 καλεῖ,
531 1508 611 1541 τῶν
628 1503 839 1550 κηδεμόνων
857 1503 1087 1551 ἀφορωντεεν
1110 1506 1159 1539 εἰς
1176 1504 1270 1540 θεὸν
1290 1508 1349 1539 καὶ
1419 1506 1603 1541 curatores
1627 1504 1859 1550 respicientes
1883 1504 1930 1539 ad
1953 1505 2059 1540 deum
2089 1504 2141 1539 ita
2162 1503 2298 1540 faciant
2319 1505 2496 1549 guberna-

269 1551 367 1588 οὕτω
391 1554 617 1597 ποιουμένων
647 1550 710 1596 τὰς
733 1549 922 1594 διοικήσεις
950 1549 998 1585 αἱς
1021 1547 1067 1584 ἂν
1091 1552 1151 1586 ἐπὶ
1175 1553 1247 1585 τοῖς
1271 1550 1348 1584 ἑαυ-
1363 1553 1404 1585 25
1419 1550 1552 1586 tionem
1586 1553 1769 1594 tamquam
1804 1550 1841 1584 in
1876 1549 1951 1586 suis
1984 1549 2102 1585 rebus.
2151 1549 2295 1585 Etenim
2326 1550 2498 1592 volumus,

269 1600 349 1634 τῶν
371 1595 570 1645 πράγμασι.
605 1599 665 1631 καὶ
687 1596 756 1644 γὰρ
779 1595 1002 1641 βουλόμεθα,
1025 1594 1130 1638 ἡνίκα
1149 1599 1350 1637 κατασταίη
1420 1595 1504 1632 dum
1529 1595 1733 1633 celebratur
1757 1595 1937 1631 decretum
1967 1594 2063 1639 quod
2091 1594 2203 1631 tradit
2236 1605 2358 1632 curam
2382 1596 2415 1631 ei
2439 1596 2500 1640 qui

270 1644 388 1690 ψῆφος
411 1636 664 1689 παραδιδοῦσα
687 1641 755 1685 τὴν
778 1637 996 1686 κηδεμονίαν
1021 1642 1075 1684 τῷ
1101 1641 1190 1687 πρὸς
1213 1638 1351 1684 ταύτην
1419 1640 1465 1676 ad
1500 1650 1578 1676 eam
1613 1640 1771 1683 accedit,
1813 1640 1922 1675 etiam
1956 1640 2202 1676 iusiurandum
2245 1650 2327 1676 eum
2360 1641 2500 1677 adicere

270 1686 452 1734 παριόντι,
476 1690 538 1722 καὶ
560 1683 668 1734 ὅρκον
691 1687 791 1731 αὐτῷ
817 1686 1116 1733 προςεπιτιθέναι
1140 1688 1218 1721 τῶν
1232 1687 1351 1721 θείων
1420 1688 1652 1722 sacrosancta
1683 1686 1865 1729 evangelia
1896 1690 2116 1730 tangentem,
2149 1685 2233 1730 quia
2263 1696 2330 1731 pei·
2359 1697 2499 1722 omnem

269 1732 464 1779 ἁπτομένῳ
489 1731 651 1780 λογίωνγ
667 1731 714 1767 ὠς
737 1730 798 1767 διὰ
821 1731 935 1775 πάσης
959 1730 1029 1766 ἰὼν
1051 1724 1136 1765 ὁδοῦ
1159 1731 1201 1766 τὸ
1219 1733 1350 1777 συμφέ-
1419 1741 1570 1777 pergens
1593 1731 1686 1767 viam
1711 1731 1899 1766 utilitatem
1927 1731 2166 1767 adolescentis
2191 1731 2273 1775 agit.
2321 1731 2424 1776 Quod
2444 1736 2498 1767 ta-

271 1793 336 1825 ρον
363 1780 418 1823 τῷ
449 1781 521 1822 νέῳ
546 1776 682 1821 πράξει.
731 1773 820 1823 ὅπερ
844 1774 908 1811 οὐκ
931 1775 1110 1820 ἐξαιρήσει
1133 1778 1211 1811 τῶν
1236 1776 1351 1823 λογισ-
1365 1779 1407 1812 30
1420 1787 1500 1812 men
1532 1787 1604 1812 non
1632 1776 1785 1820 excipiet
1816 1786 1898 1812 eum
1929 1786 1951 1811 a
1982 1776 2180 1812 ratiociniis
2213 1786 2328 1822 neque
2357 1787 2381 1812 a
2411 1777 2499 1821 legis

269 1826 366 1871 μῶν-
384 1820 497 1858 αὐτὸν
520 1821 604 1857 οὐδὲ
634 1824 695 1866 τῆς
731 1824 793 1857 τοῦ
819 1820 931 1866 νόμου
954 1820 1097 1864 τάξεως,
1127 1819 1211 1856 ἀλλ’
1238 1819 1351 1868 ἀσφα-
1422 1821 1562 1864 ordine,
1597 1821 1659 1857 sed
1690 1821 1885 1857 cautiorem
1919 1820 2032 1857 faciet
2059 1821 2106 1856 ad
2130 1831 2248 1857 rerum
2270 1822 2499 1867 gubernatio-

272 1867 441 1916 λε’στερόν
461 1881 503 1916 γε
525 1867 668 1912 ποιήσει
690 1867 780 1913 πρὸς
797 1867 863 1910 τὴν
879 1869 959 1903 τῶν
978 1864 1206 1914 πραγμάτων
1222 1865 1350 1910 διοίκη-
1421 1877 1512 1910 nem,
1536 1867 1716 1902 timentem
1741 1877 1882 1911 semper
1902 1866 1999 1903 circa
2023 1876 2084 1902 eas
2101 1871 2249 1912 propter
2271 1868 2501 1904 iurisiurandi

271 1929 343 1957 σιν,
372 1910 631 1960 εὐλαβέστερον
654 1910 721 1956 ἀεὶα
732 1916 815 1959 περὶ
847 1909 939 1947 αὐτὰ
968 1910 1028 1947 διὰ
1057 1912 1125 1956 τὴν
1149 1913 1214 1947 τοῦ
1245 1909 1350 1958 ὅρκου
1418 1912 1624 1949 memoriam
1655 1911 1800 1948 factam.
1846 1911 1946 1948 Haec
1976 1922 1999 1946 a
2030 1912 2135 1947 nobis
2166 1913 2225 1947 lex
2253 1923 2320 1957 pro
2359 1913 2502 1949 cautela

270 1958 415 2007 μνήμην
428 1958 630 2007 γινόμενον.
671 1957 781 1993 Οὗτος
796 1954 879 2001 ἡμῖν
895 1955 914 1992 ὁ
927 1955 1035 2002 νόμος
1049 1954 1140 2005 ὑπὲρ
1155 1955 1352 2003 ἀσφαλείας
1421 1958 1467 1993 sit
1485 1958 1605 2003 posita
1622 1958 1750 1993 horum
1774 1957 1835 2002 qui
1855 1957 2083 1993 curatoribus
2107 1957 2282 2002 indigem
2308 1960 2345 1994 et
2364 1959 2395 1994 si
2415 1959 2502 2004 quid

271 2005 412 2042 κείσθω
432 2006 510 2040 τῶν
530 2002 739 2048 κηδεμονίας
759 2001 960 2048 δεομένων·
984 2004 1015 2036 εί
1035 2000 1078 2036 δέ
1093 2016 1130 2037 τι
1149 2006 1209 2037 καὶ
1229 2005 1353 2050 ἕτερον
1365 2005 1407 2038 35
1421 2007 1458 2038 et
1487 2003 1586 2039 aliud
1617 2002 1918 2046 adinvenerimuS,
1953 2012 2069 2046 neque
2099 2002 2168 2038 hoc
2198 2003 2276 2046 lege
2312 2004 2502 2057 complecti

272 2049 573 2098 προςεξεύροιμεν,
603 2046 687 2083 οὐδὲ
708 2050 816 2083 τοῦτο
847 2047 949 2093 νόμῳ
974 2047 1182 2093 περιλαβεῖν
1205 2045 1351 2091 ὀκνήσο-
1421 2048 1635 2093 pigebimur‚
1676 2051 1717 2085 ut
1754 2058 1818 2092 per
1856 2047 1976 2085 omnia
2011 2051 2132 2092 patres
2172 2057 2295 2084 eorum
2337 2059 2398 2093 qui
2432 2049 2501 2085 sibi

270 2110 350 2142 μεν,
382 2097 442 2130 ἵνα
474 2093 535 2130 διὰ
564 2093 716 2130 πάντων
747 2096 897 2138 πατέρες
928 2097 1002 2127 τοῖς
1030 2093 1167 2128 ἑαυτοῖς
1198 2093 1354 2137 βοηθεῖν
1423 2093 1590 2129 auxiliari
1614 2097 1795 2138 nequeunt
1818 2094 2021 2129 existamus.

271 2140 313 2178 οὗ
337 2139 548 2185 δυναμένοις
568 2138 778 2187 γενώμεθα.

272 2232 415 2279 quidem
446 2230 613 2266 binorum
635 2229 809 2264 mensium
831 2237 904 2273 per
927 2227 1013 2272 sinq
1036 2223 1089 2262 los
1122 2235 1240 2261 annos
1269 2225 1431 2261 indutias
1460 2225 1514 2268 (id
1535 2226 1635 2271 quod
1666 2227 1763 2273 leqes
1793 2226 2040 2262 laxamentum
2067 2230 2228 2269 vocant),
2259 2228 2352 2262 sciat
2383 2234 2503 2263 autem

264 2275 471 2325 periculum
495 2274 625 2310 crediti
647 2273 698 2309 ad
718 2284 758 2310 se
780 2273 898 2320 ipsum
923 2271 1069 2306 omnino
1092 2271 1292 2306 rediturum
1316 2281 1402 2306 esse.
2190 2291 2193 2293 >

406 2320 487 2357 VII.
534 2320 587 2355 Ae
609 2320 642 2355 si
665 2318 808 2365 quidem
830 2316 970 2353 reditus
992 2316 1218 2368 sufficientes
1242 2315 1374 2352 habeat
1397 2317 1428 2351 is
1451 2316 1555 2351 cuius
1577 2325 1667 2352 cura
1691 2316 1842 2361 qeritum
1867 2327 1929 2352 eos
1953 2321 2102 2352 curator
2125 2317 2325 2363 impendat,
2348 2317 2406 2352 sin
2429 2328 2503 2352 am-

266 2368 409 2416 pliores
430 2370 517 2402 sunt
546 2375 655 2412 quam
687 2375 783 2411 quae
810 2362 1017 2408 sufficiant,
1049 2361 1091 2397 td
1113 2361 1213 2407 quod
1241 2366 1409 2408 superest
1431 2361 1600 2408 deponat.
1649 2359 1786 2404 Quodsi
1814 2361 1917 2407 forte
1945 2361 2087 2397 mobilis
2116 2362 2166 2398 sit
2194 2361 2397 2398 substantia
2427 2363 2504 2398 eius

273 2415 376 2450 cuius
406 2422 498 2448 cura
528 2411 680 2457 qeritur,
713 2414 787 2446 tum
809 2407 903 2443 illud
930 2407 1047 2443 solum
1073 2407 1200 2452 fenori
1230 2406 1320 2442 dare
1349 2411 1502 2442 curator
1533 2411 1688 2453 coqatur
1716 2410 1889 2451 quantum
1922 2406 1972 2442 ad
1994 2407 2343 2443 administrationem
2371 2407 2504 2443 minori

271 2469 393 2495 rerum
424 2458 501 2493 eius
528 2455 686 2502 sufficit,
718 2453 817 2501 quod
845 2456 964 2489 autem
993 2456 1145 2499 superat
1177 2455 1252 2487 tuto
1280 2451 1449 2498 deponat.
1503 2451 1642 2488 Licebit
1672 2462 1755 2488 vero
1785 2452 1819 2487 ei
1846 2463 1925 2487 cum
1958 2452 2055 2487 omni
2087 2452 2275 2499 diliqentia
2308 2453 2502 2499 inquirere,

272 2515 359 2540 num
390 2493 495 2555 quem
524 2502 628 2547 forte
659 2501 815 2542 reditum
846 2501 982 2534 certum
1011 2497 1173 2544 reperire
1200 2498 1319 2544 possit
1349 2497 1482 2533 minori
1514 2496 1699 2533 emendum
1729 2507 1779 2533 ex
1795 2498 1965 2543 pecuniis
1987 2498 2180 2544 superfluis
2210 2498 2274 2544 qui
2296 2504 2331 2534 et
2354 2498 2504 2534 modicis

275 2549 417 2586 tributis
444 2547 600 2594 publicis
631 2545 813 2582 obnoxius
843 2543 893 2579 sit
926 2548 962 2579 et
991 2542 1219 2579 venditorem,
1242 2542 1374 2578 habeat
1404 2542 1617 2589 locupletem
1651 2543 1769 2588 sitque
1803 2542 1942 2577 reditus
1971 2543 2118 2587 fertilis.
2172 2543 2310 2579 Damus
2343 2544 2437 2579 enim
2471 2544 2504 2579 ei

274 2594 456 2631 licentiam
484 2592 551 2628 hoc
580 2602 723 2638 quoque
759 2588 909 2636 aqendi:
936 2588 1030 2624 sciat
1055 2592 1192 2630 tamen,
1226 2588 1260 2623 si
1282 2587 1374 2633 quid
1401 2586 1530 2623 horum
1554 2587 1774 2633 neqlexerit,
1804 2587 2007 2633 periculum
2039 2587 2146 2623 huius
2177 2589 2368 2634 emptionis
2395 2588 2446 2624 ad
2466 2600 2505 2624 se

273 2652 292 2676 s
319 2642 529 2676 ectaturum.
2324 2667 2328 2671 ι
2380 2640 2383 2642 .

287 2651 317 2687 p
408 2683 508 2720 VIII.
554 2680 693 2726 Quodsi
716 2684 819 2716 tanta
841 2679 959 2715 solum
982 2679 1117 2714 minori
1137 2679 1185 2714 sit
1201 2679 1376 2726 pecunia,
1400 2678 1503 2713 cuius
1525 2688 1660 2714 usurae
1683 2678 1748 2715 vix
1771 2677 1820 2713 ad
1839 2677 1958 2724 ipsum
1986 2681 2022 2713 et
2044 2677 2109 2723 qui
2131 2678 2209 2713 eius
2237 2682 2323 2713 sunt
2353 2678 2504 2714 alendos

274 2736 310 2767 et
332 2730 383 2766 ad
403 2729 581 2775 reliquam
604 2727 698 2763 vitae
721 2724 1070 2761 administrationem
1093 2724 1127 2759 ei
1148 2723 1407 2771 praestandam
1431 2734 1475 2758 su
1493 2723 1634 2769 ficiant,
1665 2727 1739 2758 tum
1762 2724 1843 2770 ipsa
1866 2723 2090 2758 necessitatis
2112 2723 2209 2758 ratio
2234 2734 2302 2758 nos
2324 2723 2431 2759 etiam
2455 2723 2506 2759 ad

275 2776 344 2812 hoo
367 2780 490 2812 vocat:
525 2776 565 2809 ut
586 2775 774 2808 curatores
795 2769 845 2805 ad
866 2768 971 2806 deum
994 2769 1194 2816 respiciant
1222 2774 1332 2815 atque
1354 2769 1409 2804 ita
1433 2780 1456 2804 a
1482 2768 1781 2804 ministrationem
1805 2772 1987 2815 tamquam
2019 2768 2058 2802 in
2079 2768 2156 2803 suis
2181 2768 2289 2803 rebus
2307 2775 2503 2815 peraqant.

276 2819 420 2857 Etenim
433 2819 609 2861 volumus,
625 2828 706 2852 cum
721 2815 902 2851 decretum
914 2815 996 2860 fiat,
1013 2825 1086 2860 quo
1101 2815 1244 2850 curatio
1263 2813 1421 2850 traditur
1437 2814 1470 2849 ei
1487 2814 1550 2860 qui
1566 2813 1616 2849 ad
1629 2824 1708 2848 eam
1721 2813 1870 2856 accedit,
1885 2817 2076 2860 praeterea
2091 2813 2343 2848 iusiurandum
2359 2824 2505 2860 quoque

276 2868 312 2903 ei
325 2865 475 2912 imponi,
498 2874 570 2910 quo
589 2862 720 2898 divinis
736 2860 888 2907 eloquiis
912 2860 1017 2896 tactis
1039 2871 1078 2895 se
1095 2860 1192 2895 omni
1215 2860 1275 2895 via
1298 2870 1343 2894 ac
1365 2859 1510 2899 ratione
1533 2862 1696 2894 acturum
1721 2870 1798 2895 esse
1813 2859 2010 2905 promittat
2033 2857 2133 2904 quod
2154 2858 2345 2897 utilitatem
2368 2858 2503 2904 afferat

275 2911 418 2947 minori.
457 2908 564 2953 Quod
587 2907 730 2954 quidem
752 2916 832 2942 eum
856 2916 930 2941 non
947 2905 1082 2941 eximet
1103 2916 1153 2941 ex
1171 2904 1376 2940 rationibus
1398 2898 1591 2940 reddendis
1614 2915 1730 2956 neque
1752 2915 1803 2940 ex
1825 2904 1916 2950 leqis
1939 2902 2077 2945 ordine,
2102 2902 2167 2938 sed
2189 2903 2384 2939 cautiorem
2409 2908 2506 2939 certe

275 2957 315 2992 in
337 2966 458 2992 rerum
481 2952 796 2990 administratione
817 2950 963 2993 reddet,
994 2951 1130 2997 quippe
1155 2951 1222 2996 qui
1232 2954 1393 2996 propter
1425 2949 1663 2985 iurisiurandi
1695 2949 1981 2986 recordationem
2014 2949 2137 2994 utique
2161 2948 2228 2984 reli
2255 2949 2367 2984 iosius
2397 2949 2436 2983 in
2459 2949 2506 2984 iis

276 3005 487 3039 versaturus
509 2999 567 3035 sit.
616 2997 718 3034 Haec
739 2997 802 3032 lex
824 2996 928 3032 nobis
960 2995 1037 3031 lata
1065 2996 1114 3031 sit
1138 3006 1215 3042 pro
1237 2996 1432 3031 securitate
1462 3005 1585 3030 eorum
1617 2995 1679 3041 qui
1711 2995 1899 3031 curatione
1921 2993 2106 3040 indiqent;
2140 3004 2213 3039 quo
2259 2994 2273 3028 i
2294 2993 2382 3039 quid
2405 2993 2508 3028 aliud

277 3047 385 3083 ctiam
407 3046 557 3091 insuper
575 3043 811 3091 reperiamus,
835 3052 881 3077 ne
902 3041 970 3076 hoc
986 3040 1130 3086 quidem
1148 3040 1227 3086 leqe
1251 3039 1553 3086 comprehendere
1569 3040 1725 3087 piqebit,
1748 3044 1790 3075 ut
1805 3044 1987 3087 perpetuo
2005 3043 2137 3085 patres
2159 3039 2360 3075 existamus
2383 3049 2507 3075 eorum

277 3093 341 3139 qui
363 3091 432 3128 sibi
455 3090 527 3138 ipsi
550 3100 654 3136 opem
675 3089 779 3134 ferre
801 3091 992 3133 nequeunt.

325 3188 337 3217 1
367 3183 435 3226 μὲν
458 3182 568 3223 ἐχέτω
582 3179 659 3222 B⁸n
678 3179 698 3212 2
723 3178 935 3211 laxamenton
960 3175 1199 3220 (λαξαμέντον
1211 3176 1273 3219 13⁸)
1296 3188 1358 3209 κα·
1475 3178 1494 3210 2
1519 3187 1624 3209 annos
1647 3183 1677 3209 et
1700 3177 1763 3208 hoc
1787 3188 1844 3208 om.
1859 3175 1908 3208 Β·
1926 3174 1939 3215 ΙΙ
1955 3175 1975 3207 3
1999 3174 2108 3207 sciant
2133 3175 2185 3217 Vn
2204 3176 2224 3207 5
2243 3174 2363 3208 habeat
2386 3175 2473 3218 vulq-

279 3227 402 3262 λοῦσιν
415 3226 517 3267 MBq
537 3221 683 3257 καλοῦσι
700 3223 904 3266 laxauentov
916 3224 957 3255 L.
988 3224 1038 3266 Cf
1052 3224 1133 3265 Diq.
1142 3223 1196 3263 26,
1208 3223 1259 3263 7‚·1
1278 3226 1333 3261 §11
1349 3220 1361 3265 ΙΙ
1428 3222 1480 3254 his
1504 3222 1554 3255 R*
1583 3221 1596 3266 ΙΙ
1623 3222 1644 3255 6
1667 3223 1746 3254 sunt
1766 3221 1812 3262 V]
1841 3219 1909 3257 sint
1932 3220 2003 3252 ΕΤ
2023 3219 2036 3262 ΙΙ
2065 3222 2084 3253 7
2109 3219 2237 3261 quodsi]
2262 3219 2391 3262 quamsi
2414 3219 2463 3252 Β*

279 3276 299 3309 3
323 3271 467 3307 δανείου
491 3271 524 3304 L
538 3270 551 3315 ΙΙ
579 3272 600 3304 4
623 3267 755 3311 ἑαυτὴν
779 3268 839 3311 Lu
864 3271 883 3303 5
907 3269 979 3309 ἔχει
1004 3268 1082 3304 Bes
1099 3267 1112 3311 ΙΙ
1129 3263 1360 3310 κηδευόμενος
1431 3269 1506 3310 'is-q.
1521 3268 1606 3303 forte
1621 3266 1754 3299 mobilis
1776 3264 1831 3310 Vss
1858 3266 1878 3300 8
1897 3264 1968 3298 eius
1984 3265 2101 3299 om.R¹
2118 3264 2131 3309 ΙΙ
2157 3275 2269 3298 curam
2292 3263 2373 3308 V‘fl
2397 3265 2417 3298 9
2433 3274 2504 3296 mu-

279 3319 326 3353 L¹
343 3318 357 3355 ΙΙ
382 3320 403 3354 6
427 3313 621 3361 αὗταριςῶν
633 3315 665 3348 L
683 3313 697 3357 Ι
720 3316 739 3349 8
764 3310 1000 3356 κηδευομένου
1025 3314 1072 3346 L¹
1091 3310 1287 3358 u‘rvyxo'tvoa
1301 3312 1332 3347 L
1348 3310 1360 3355 ss
1428 3315 1498 3345 tare
1511 3312 1560 3345 R¹
1576 3311 1589 3357 ΙΙ
1608 3313 1650 3347 20
1668 3312 1729 3345 Sin
1742 3311 1776 3345 R
1791 3310 1805 3354 η
1828 3311 1867 3345 21
1884 3310 1942 3352 qui
1964 3310 2100 3353 Vvulq]
2123 3320 2207 3352 quae
2221 3311 2289 3344 RT
2299 3310 2312 3352 Ι
2331 3309 2411 3349 eius]
2435 3309 2506 3359 uisa

282 3367 323 3399 10
347 3364 436 3396 *καὶ
459 3362 578 3396 seclusi
600 3361 656 3404 (ch
671 3361 723 3394 22.
743 3360 797 3401 32)
816 3358 828 3402 ΙΙ
849 3361 890 3394 14
914 3354 1147 3401 ὠνήσασθαι]
1174 3363 1206 3390 et
1229 3367 1359 3400 compa-
1428 3358 1475 3391 R'
1504 3357 1516 3401 ΙΙ
1538 3368 1673 3401 pascere
1697 3358 1741 3398 et]
1808 3358 1902 3390 scent
1925 3355 1992 3395 (uel
2016 3356 2094 3389 add.
2119 3355 2182 3395 V2)
2204 3355 2238 3388 V
2299 3354 2343 3388 22
2365 3352 2507 3387 suffitiat

279 3419 352 3442 rare
365 3420 385 3445 ς
399 3408 414 3451 ΙΙ
439 3410 480 3442 15
493 3405 684 3451 πρατῆραν
697 3405 729 3438 L
750 3403 763 3449 ΙΙ
791 3406 830 3438 16
844 3395 956 3437 οὖσαν
968 3403 1012 3437 M
1017 3403 1066 3437 B‘
1076 3405 1106 3444 ς]
1131 3404 1283 3444 ἔχουσαν
1295 3403 1327 3437 L
1348 3401 1361 3446 ΙΙ
1428 3397 1477 3435 R¹
1489 3403 1543 3446 Vss
1567 3403 1609 3437 23
1626 3413 1686 3436 nos
1700 3366 1832 3444 σηιξη
1847 3401 1890 3433 ad
1904 3401 1979 3442 hoo]
1999 3401 2061 3452 hoo
2075 3400 2117 3433 ad
2130 3400 2178 3433 12¹
2195 3398 2218 3443 m
2233 3399 2253 3434 2
2289 3398 2388 3449 donin
2405 3398 2461 3430 vul
2484 3401 2503 3439 .]

284 3456 323 3487 17
348 3455 407 3486 καὶ
430 3466 487 3486 om.
503 3452 534 3485 L
564 3451 577 3494 ΙΙ
607 3452 647 3484 21
675 3446 810 3484 ὁπόσου
834 3445 947 3490 τόκος]
979 3445 1118 3482 ὁπόσον
1141 3445 1160 3481 ὁ
1175 3446 1278 3482 τόκος
1295 3448 1326 3482 L
1350 3450 1360 3488 ΙΙ
1429 3458 1503 3480 eum
1530 3449 1607 3482 libri
1627 3447 1640 3492 ΙΙ
1671 3448 1712 3482 25
1737 3446 1883 3486 Etenim]
1911 3447 1955 3478 At
1979 3456 2066 3479 enim
2088 3445 2123 3478 V
2144 3445 2159 3487 ΙΙ
2186 3445 2229 3479 26
2252 3441 2391 3476 tradidit

283 3499 326 3531 22
342 3497 409 3539 τὴν
424 3495 546 3539 ἄλλην]
570 3495 718 3537 aliquam
744 3496 779 3537 (i.
793 3506 821 3527 e.
846 3490 935 3536 τιν’)
955 3494 1055 3527 aliam
1073 3506 1092 3530 ς
1117 3493 1131 3538 ΙΙ
1155 3489 1264 3527 αὐτοῦ
1278 3493 1327 3527 B⁸
1349 3491 1361 3537 ΙΙ
1429 3494 1469 3527 27
1485 3494 1652 3534 *adieci-e]
1674 3493 1783 3527 dicere
1797 3492 1924 3532 (decere
1944 3489 2175 3533 1⁷⁶)RV21'1
2193 3486 2481 3538 ⁶⁶⁶¹!0052..¹⁷³T²

284 3543 326 3576 23
349 3539 469 3587 ἀρκεῖν
489 3543 537 3576 B¹
566 3541 579 3585 ss
607 3542 650 3575 28
675 3536 774 3583 αὐτῷ
788 3540 892 3582 ΜΒἾ
919 3536 1030 3572 αὐτὸν
1055 3539 1114 3575 Le
1141 3540 1154 3581 ss
1184 3540 1227 3573 29
1251 3535 1361 3573 ἁπτο-
1429 3539 1472 3572 29
1496 3538 1717 3573 adulescentis
1737 3536 1788 3570 V¹
1805 3536 1818 3580 ΙΙ
1835 3540 1911 3579 aget
1936 3536 1989 3570 T²
2001 3536 2086 3579 vulq.
2105 3533 2119 3578 Ι
2142 3534 2186 3567 30
2208 3542 2399 3566 rociocinus
2419 3532 2471 3565 R·

283 3589 381 3629 μένω
406 3588 465 3629 Μ]
499 3582 716 3630 ἁπτομένων
739 3586 789 3619 B·
821 3581 1030 3628 ἁπτόμενον
1055 3585 1114 3620 Le·
1141 3583 1153 3627 fl
1179 3581 1240 3625 ὠς]
1266 3578 1361 3617 ὥστε
1429 3584 1467 3616 31
1496 3583 1684 3619 cautionem
1705 3582 1757 3616 V³
1781 3581 1794 3626 ΙΙ
1818 3581 1918 3615 faciat
1937 3580 1999 3625 Ru
2026 3581 2068 3615 :33
2088 3579 2162 3622 pro]
2184 3587 2244 3620 per
2266 3577 2300 3609 V
2318 3575 2333 3628 η
2354 3577 2397 3610 34
2422 3580 2455 3610 et
2475 3579 2504 3611 si

287 3631 333 3663 B'
359 3630 374 3673 Ι
396 3633 434 3665 31
462 3630 596 3670 τάξεως
620 3631 710 3672 13²5]
743 3628 902 3671 ἐπείξεως
925 3630 973 3663 Μ
997 3626 1160 3674 πράξεως
1183 3629 1215 3662 L
1239 3633 1253 3674 Ι
1277 3622 1357 3662 ἀλλ’
1428 3628 1509 3669 quid
1529 3631 1573 3669 et]
1596 3629 1672 3662 etsi
1688 3627 1821 3671 quidem
1836 3628 1870 3661 R
1893 3627 1923 3660 si
1943 3625 2077 3668 quidem
2097 3626 2131 3675 qt
2152 3621 2207 3664 Vll
2224 3623 2267 3656 35
2290 3621 2380 3674 aliud
2404 3623 2503 3666 vuqu

285 3687 344 3708 om.
359 3675 407 3708 13·
429 3675 442 3719 Ι
469 3677 511 3709 32
535 3676 611 3720 *γε1
643 3688 683 3709 τε
707 3677 785 3710 libri
808 3675 821 3719 ΙΙ
844 3676 888 3710 34
911 3670 1114 3720 γινόμενον]
1139 3674 1259 3708 factam
1283 3674 1318 3713 (i.
1333 3686 1359 3706 e.
1430 3673 1558 3715 aliquid
1583 3675 1660 3709 libri
1681 3674 1695 3717 Ι
1717 3674 1822 3716 legem
1854 3671 1920 3715 V}
1946 3671 1988 3708 36
2000 3668 2189 3712 pigebimnr
2204 3667 2292 3708 RV]
2315 3668 2443 3710 pigebit
2466 3669 2500 3702 T

284 3719 512 3765 yivopdvnv'I)
536 3732 555 3754 ς·
580 3721 593 3762 ΙΙ
615 3721 658 3754 38
683 3717 724 3753 οὗ
740 3721 799 3760 Μ]
821 3718 871 3763 μὴ
884 3721 915 3753 L
1430 3719 1515 3762 vulq.
1533 3717 1546 3762 ΙΙ
1562 3728 1674 3752 eorum
1697 3730 1754 3751 om.
1776 3715 1832 3761 V}
1849 3717 1891 3750 37
1909 3713 2131 3748 existimamus
2152 3712 2200 3745 1⁷¹
