2586 3990
153 122 211 167 nr
238 119 523 154 nurm'rnosr
538 164 540 166 q

1223 101 1302 150 581

2000 103 2107 148 Nov.
2137 75 2254 148 cxx
2272 105 2322 153 ,4.
2354 104 2379 146 5

1159 217 1315 255 CAPUT
1334 216 1398 252 IV.

218 275 328 313 Εἰιδὲ
350 274 615 324 συμβαίητινά
639 277 716 311 τῶν
740 277 937 322 εἰρημένων
960 273 1103 321 εὐαγῶν
1122 275 1233 311 οἴκων

155 321 309 369 ὀνόματι
338 321 522 367 δημοσίων
546 321 760 356 συντελειῶν
784 321 807 366 ἢ
839 320 945 365 ἄλλης
975 321 1117 357 οἱαςοῦν
1147 333 1231 366 συμ-

154 369 347 415 βαινούσης
379 365 534 414 ἀνάγκης
557 368 609 410 τῷ
636 364 756 414 εὖαγεῖ
778 368 863 412 οἴκῳ
880 367 1075 413 χρημάτων
1099 365 1232 410 δεηθῆ-

154 428 232 457 ναι,
268 414 400 456 ἐξεῖναι
422 415 495 447 τοῖς
517 410 646 447 τούτου
671 411 864 458 διοικηταῖς
887 410 1060 456 ἀκίνητον
1084 414 1234 468 πρᾷγμοξ

1370 273 1409 309 Si
1432 282 1515 309 vero
1541 272 1728 318 contigerit
1757 272 1912 318 aliquam
1943 272 2206 317 praedictarum
2235 281 2381 309 venera-

1301 319 1422 356 bilium
1458 318 1642 354 domorum
1677 318 1818 354 nomine
1852 318 2027 353 fiscalium
2062 318 2277 354 tributorum
2319 321 2383 353 aut

1302 364 1450 400 alterius
1474 363 1665 399 cuiuslibet
1688 363 1968 409 supervenientis
1993 363 2216 399 necessitatis
2233 373 2380 399 venera-

1302 410 1366 446 bili
1389 409 1511 445 domui
1541 409 1702 455 pecuniis
1726 419 1845 454 egere,
1877 409 1984 444 liceat
2015 410 2091 445 eius
2116 409 2382 444 ordinatoribus

155 457 408 495 ὑποτίθεσθαι
442 461 503 492 καὶ
534 456 662 492 δοῦναι
692 460 740 493 εἰς
771 457 889 494 ἰδικὸν
921 460 1097 504 ἐνέχυρον,
1129 460 1189 492 ἰνα
1213 471 1231 491 o
1271 455 1517 491 5immobilem
1539 465 1614 490 rem
1645 457 1731 497 [aut]
1757 464 1959 499 supponere
1993 458 2029 489 et
2053 454 2136 489 dare
2167 455 2203 490 in
2227 454 2383 500 speciale

156 503 343 548 δανειστὴς
366 506 516 548 νέμηται
546 503 589 539 τὸ
617 501 705 538 αὐτὸ
731 506 882 551 πρᾶγμα
912 507 972 537 καὶ
999 503 1082 538 τοὺς
1104 501 1234 538 τούτου

155 549 311 605 καρποὺς
335 545 553 595 ἆναλέγηται
585 552 644 583 καὶ
668 549 850 604 λυγίζηται
878 550 995 592 ἑαυτῷ
1028 549 1082 604 ‘ca'
1098 551 1165 594 μὲν
1187 549 1245 587 εἰς,

157 594 248 629 αυτοὶ
279 593 325 628 τὰ
349 592 593 629 δανεισθέντα
621 608 803 641 χρηματα,
835 595 882 629 τὰ
907 592 947 628 δὲ
970 594 1017 628 εἰς
1039 605 1164 629 τοκους
1186 593 1235 639 μὴ

155 638 295 675 πλείους
329 641 393 674 τοῦ
424 639 599 686 τετάρτου
632 644 758 696 μέρους
792 641 855 693 τῆς
884 640 1088 683 ἑκατοστῆς.
1135 639 1165 673 εἰ
1199 637 1238 673 δὲ

1302 502 1442 547 pignus,
1477 502 1518 535 ut
1548 500 1703 536 creditor
1733 499 1918 545 possideat
1954 500 2101 534 eandem
2132 510 2206 534 rem
2241 503 2277 534 et
2308 500 2383 535 eius

1302 547 1441 582 fructus
1474 545 1616 589 colligat
1647 547 1684 581 et
1712 547 1854 590 reputet
1886 544 1955 580 sibi
1986 547 2059 580 tam
2089 545 2127 579 in
2158 545 2214 580 his
2239 544 2383 580 creditis

1304 591 1465 638 pecuniis
1490 601 1596 635 quam
1619 591 1654 625 in
1675 591 1804 636 usuris,
1830 601 1901 626 non
1921 592 2040 625 autem
2060 590 2253 626 maioribus
2278 599 2384 635 quam

1305 639 1432 682 quarta
1455 638 1558 681 parte
1581 636 1803 671 centesimae.
1852 635 1890 670 Si
1915 645 1998 671 vero
2030 635 2264 680 persolverint
2287 635 2384 670 debi-

154 683 391 739 καταβάλωσι
412 685 464 738 arco
496 688 593 739 χρέος
625 699 658 720 οι
690 696 914 731 προεστωτες
944 685 1009 718 τοῦ
1041 680 1153 719 αὐτοῦ
1181 681 1236 718 εὗ-
1252 685 1381 717 lotum
1416 681 1612 726 praepositi
1647 681 1804 717 eiusdem
1838 681 2050 716 venerabilis
2083 680 2208 716 domus
2244 684 2306 715 aut
2340 690 2386 715 ex

155 731 262 776 αγοῦς
285 732 381 764 οἰκου
406 744 426 773 η
451 732 489 764 ἐκ
509 745 586 765 των
605 732 756 776 καρπῶν
780 729 961 776 πληρωθῇ
994 727 1013 763 ὁ
1040 727 1237 773 δανειστής,

155 775 376 856 ἐξανεὲηζεῖέ
400 775 512 811 πάλιν
535 775 578 810 τὸ
604 777 754 823 πρᾶγμα
778 778 838 811 ἐπὶ
861 775 929 811 τὸν
945 772 1055 821 εὖαγῆ
1076 775 1175 809 οἷκον
1200 774 1238 815 ἐξ

155 833 198 855 ov
223 835 268 855 κα
329 835 346 855 ε
371 834 460 856 οται.

1306 727 1482 763 fructibus
1503 726 1739 771 adimpleatur
1760 725 1951 769 creditum,
1976 725 2100 761 redeat
2118 726 2244 762 iterum
2264 735 2320 761 res
2339 725 2385 761 ad

1306 772 1540 809 venerabilem
1565 772 1707 808 domum
1731 781 1775 807 ex
1799 782 1868 817 qua
1892 772 1978 807 data
2001 773 2065 807 est.

1163 887 1319 923 CAPUT
1343 888 1387 924 V.

230 945 297 981 Τάς
327 945 366 982 δὲ
395 947 621 993 έμφυτεύσεις
651 948 711 979 καὶ
742 942 933 988 ὑποθήκας
963 947 1023 978 καὶ
1051 944 1115 979 τὰς
1147 941 1237 989 ὑπὲρ

1372 942 1625 989 Emphyteosis
1657 952 1740 979 vero
1773 944 1808 978 et
1838 942 2059 994 hypothecas
2092 944 2127 977 et
2158 942 2254 978 ultra
2284 943 2386 987 quin-

156 996 378 1046 πενταετίαν
401 990 603 1037 μισθώσεις
622 989 834 1070 βουλόμεθα
856 989 1029 1037 γίνεσθαι
1053 989 1152 1034 παρὰ
1169 991 1237 1043 μέγ
1254 991 1293 1024 15
1306 990 1499 1034 quennium
1520 988 1682 1024 volumus
1715 987 1794 1024 fieri
1816 997 1838 1023 a
1862 987 2088 1024 sanctisfflma
2117 988 2251 1024 maiore
2274 988 2386 1024 eccle-

157 1041 220 1082 τῆς
243 1038 446 1085 αγιωτάτης
475 1035 627 1084 μεγάλης
658 1038 718 1070 ἐκκ
740 1039 842 1079 ησίας
871 1036 934 1079 τῆς
957 1033 1141 1080 βασιλίδος
1170 1047 1237 1069 πο-

158 1084 244 1119 λεως
273 1082 401 1131 γνώμῃ
435 1086 495 1117 καὶ
517 1084 717 1116 συναινέσει
747 1082 812 1115 τοῦ
841 1079 1121 1127 μακαριωτάτου
1151 1079 1237 1115 ταύ-

158 1141 219 1173 της
239 1126 520 1185 άργιεπισκόπου
543 1130 603 1161 καὶ
626 1127 857 1172 πατριάρχου,
882 1123 1078 1169 ὅμνύντων
1102 1124 1237 1172 παρόν-

158 1187 217 1210 τος
249 1175 360 1209 αυτοῦ
384 1175 462 1208 τῶν
480 1186 520 1208 τε
536 1170 837 1217 θεοφιλεστάτων
860 1171 1062 1216 οἰκονόμων
1086 1174 1145 1205 καὶ
1160 1173 1239 1206 τῶν

158 1219 429 1276 χμρτουλαρίων
448 1219 510 1262 τῆς
526 1214 634 1261 αὐτῆς
642 1215 853 1273 κἁγιωτάτης
870 1215 1022 1272 μἐγάλης
1046 1216 1238 1261 ἐκκλησίας,
1253 1218 1295 1250 20

159 1277 208 1300 ως
244 1278 285 1300 ου
324 1276 415 1312 προς
454 1275 680 1310 περιγραφην
718 1264 797 1297 τῶν
836 1275 967 1307 ταυτης
1006 1261 1159 1297 δικαίων
1195 1262 1238 1297 τὸ

159 1309 391 1357 συνάλλαγμα
414 1313 567 1356 γίνεται·
605 1310 665 1343 ἐπὶ
696 1306 735 1342 δὲ
765 1311 838 1343 τοῖς
861 1307 979 1343 ἄλλοις
1003 1306 1166 1355 εὐαγέσιν
1190 1307 1240 1342 οἴ-

159 1368 248 1399 κοις,
272 1357 303 1390 εἰ
317 1358 384 1400 μέν
401 1356 469 1388 εἰσι
485 1353 749 1400 χαρτουλάριοι,
775 1351 904 1388 αὐτοὺς
919 1354 986 1388 τὸν
1002 1354 1081 1388 ἴσον
1100 1351 1240 1399 τρόπον

160 1400 315 1446 ὀμνύναι
340 1400 520 1446 παρόντος
544 1401 608 1434 τοῦ
632 1400 858 1445 προεστῶτος
881 1401 945 1434 τοῦ
962 1396 1109 1446 εὐαγοῦς
1132 1397 1239 1440 οἴκου,

1306 1035 1360 1070 sia
1383 1034 1500 1079 regiae
1520 1034 1672 1070 civitatis
1698 1033 1976 1070 conscientiaet
1997 1043 2175 1070 consensu
2193 1033 2387 1069 beatissimi

1306 1079 1411 1115 huius
1447 1080 1599 1115 civitatis
1636 1079 1796 1124 episcopi
1832 1082 1869 1115 et
1903 1078 2150 1125 patriarchae,
2185 1079 2387 1115 iurantibus

1306 1125 1556 1170 praesentibus
1581 1125 1646 1160 deo
1666 1124 1878 1162 amabilibus
1900 1124 2103 1161 oeconomis
2127 1129 2163 1159 et
2184 1124 2387 1160 cartulariis

1309 1171 1466 1206 eiusdem
1489 1170 1734 1206 sanctissimae
1757 1170 1900 1206 maioris
1924 1170 2108 1215 ecclesiae,
2141 1170 2225 1214 quia
2246 1180 2320 1206 non
2343 1169 2389 1205 ad

1308 1216 1625 1261 praescriptionem
1656 1215 1742 1251 iuris
1774 1216 1849 1251 eius
1882 1219 2088 1252 contractus
2120 1215 2316 1262 efficiatum
2351 1214 2390 1251 in

1309 1261 1388 1297 aliis
1425 1271 1508 1297 vero
1542 1260 1805 1297 venerabilibus
1842 1261 2023 1303 domibus,
2063 1261 2094 1296 si
2129 1261 2268 1306 quidem
2305 1264 2390 1298 sunt

1311 1307 1512 1350 cartularii,
1544 1306 1643 1352 ipsos
1676 1306 1818 1351 aequali
1849 1306 1953 1342 modo
1984 1306 2103 1342 iurare
2135 1308 2323 1352 praesente
2346 1317 2388 1343 eo

1310 1352 1369 1398 qui
1393 1355 1537 1398 praeest
1567 1352 1761 1388 venerabili
1784 1351 1919 1396 domui,
1958 1351 1989 1388 si
2012 1362 2095 1388 vero
2118 1363 2190 1387 non
2215 1353 2287 1388 sint
2310 1362 2389 1387 car-

1309 1398 1447 1440 tularii,
1479 1408 1544 1443 per
1569 1407 1629 1433 eos
1656 1397 1717 1443 qui
1739 1399 1913 1443 praesunt
1942 1397 2202 1433 venerabilibus
2227 1397 2390 1434 domibus

160 1448 193 1483 si
214 1444 254 1481 δὲ
274 1445 324 1502 μή
354 1446 423 1480 εἰσι
454 1443 721 1500 χαρτουλάριοι,
755 1442 884 1479 αὐτοὺς
907 1445 988 1499 τους
1011 1445 1242 1490 προεστῶτας
1254 1444 1295 1478 25
1309 1443 1503 1489 propositis
1528 1443 1662 1479 sanctis
1683 1443 1873 1488 evangeliis
1899 1447 2124 1478 contractum
2148 1443 2226 1479 fieri
2249 1443 2287 1479 in
2303 1443 2390 1479 scri-

159 1492 236 1527 τῶν
259 1493 402 1539 ευαγῶν
434 1493 544 1526 οὶκων
568 1493 816 1537 προκειμένων
847 1491 923 1524 τῶν
950 1494 1067 1537 αγίων
1096 1487 1239 1536 εὐαγγε-

160 1536 250 1572 λίων
279 1537 322 1572 τὸ
351 1535 584 1584 συνάλλαγμα
615 1536 805 1572 ποιεῖσθαι
834 1537 1115 1583 ἐγγραφομένους
1144 1533 1236 1580 μεθ’

159 1580 268 1629 ὅρκου
293 1585 367 1617 τοῖς
389 1580 565 1617 τοιούτοις
589 1580 826 1626 συμβολαίοις,
859 1579 906 1616 ῶς
929 1578 971 1616 οὐ
988 1581 1078 1627 πρὸς
1099 1579 1242 1626 βλάβην

160 1627 183 1673 ἢ
198 1628 423 1675 περιγραφὴν
438 1628 502 1662 τοῦ
516 1625 664 1682 εῇαγοῦς
678 1626 775 1682 οἴκου
786 1631 925 1674 γίνεται
941 1627 985 1661 τὸ
999 1625 1239 1673 συνάλλαγμα.

1309 1489 1379 1534 ptis
1412 1500 1492 1524 cum
1515 1488 1745 1524 iureiurando
1775 1488 1977 1524 huiusmodi
2006 1489 2263 1532 instrumentis,
2295 1488 2392 1534 quod

1308 1546 1380 1571 non
1416 1535 1462 1571 ad
1496 1534 1688 1570 laesionem
1728 1537 1792 1570 aut
1826 1534 2143 1580 praescriptionem
2180 1533 2391 1571 venerabilis

1309 1580 1435 1616 domus
1461 1583 1667 1616 contractus
1691 1579 1858 1616 efficitur.

255 1677 330 1708 Τοῖς
362 1671 401 1707 δὲ
431 1674 630 1727 οἰκονομοις
665 1675 725 1706 καὶ
757 1671 1044 1730 ορφανοτρόφοις
1077 1675 1138 1707 καὶ
1168 1674 1241 1706 τοῖς
1254 1672 1296 1706 30
1310 1673 1332 1708 1
1401 1670 1612 1706 oeconomis
1647 1680 1730 1707 vero
1765 1673 1801 1706 et
1836 1669 2139 1715 orphanotrophis
2176 1670 2212 1705 et
2246 1668 2392 1714 reliquis

161 1719 239 1754 τῶν
255 1718 395 1754 λοιπῶν
419 1716 561 1765 εὐαγων
586 1719 696 1752 oium
717 1715 919 1762 διοικηταῖς,
945 1722 999 1773 ἑτι
1021 1731 1061 1765 γε
1083 1717 1157 1763 μὴν
1181 1720 1242 1751 καὶ

161 1767 234 1799 τοῖς
257 1762 412 1799 πάντων
434 1761 715 1809 χαρτουλαρίοις,
747 1766 807 1797 καὶ
831 1766 903 1798 τοῖς
926 1776 1069 1804 τουτων
1097 1764 1245 1809 γονεῦσί

161 1823 201 1844 τε
224 1812 284 1843 καὶ
307 1812 414 1843 παισὶ
437 1812 497 1843 καὶ
519 1811 593 1843 τοῖς
617 1807 737 1843 ἄλλοις
758 1811 829 1844 τοῖς
846 1809 939 1843 κατὰ
962 1811 1063 1856 γένος
1079 1805 1198 1843 αὐτοῖς
1219 1805 1244 1851 ἢ

162 1856 201 1889 ἐκ
211 1855 370 1910 γαμικοῦ
390 1852 527 1888 δικαίου
547 1855 828 1908 συναπτομένοις
847 1851 1118 1902 ἀπαγορεύομεν
1135 1855 1243 1908 ἐμφυ-

1309 1716 1564 1752 venerabilium
1600 1716 1784 1751 domorum
1818 1715 2101 1758 ordinatoribus,
2146 1724 2212 1750 nec
2247 1725 2320 1750 non
2357 1717 2393 1750 et

1312 1762 1473 1797 omnibus
1498 1761 1701 1797 cartulariis
1733 1763 1770 1797 et
1793 1761 2001 1806 parentibus
2026 1771 2149 1796 eorum
2180 1763 2216 1796 et
2242 1759 2325 1796 filiis
2358 1762 2394 1795 et

1312 1808 1402 1851 aliis,
1428 1807 1488 1853 qui
1511 1817 1576 1852 per
1592 1817 1704 1851 genus
1730 1806 1782 1843 eis
1805 1807 1859 1843 vel
1883 1807 2088 1851 nuptiarum
2111 1806 2188 1841 iure
2212 1805 2393 1842 coniuncti

1313 1855 1415 1895 sunt,
1457 1852 1699 1888 interdicimus
1734 1852 1975 1905 emphyteosis
2020 1855 2056 1887 et
2088 1851 2285 1887 locationes
2321 1851 2394 1887 sive

161 1911 296 1935 τευσεις
310 1913 350 1934 τε
369 1902 431 1955 καὶ,
443 1899 644 1954 μισθώσεις
667 1913 776 1946 ηγουν
799 1897 989 1954 ὑπρθήκας
1017 1912 1244 1946 πραγματων
1257 1901 1299 1934 35
1312 1898 1533 1944 hypothecas
1562 1908 1681 1934 rerum
1698 1898 1799 1943 ‚ipsls
1822 1897 2082 1933 venerabilibus
2109 1896 2271 1932 domibus
2294 1906 2392 1934 ,com-

162 1948 235 1998 τρῖς
252 1942 372 1980 αὐτοῖς
395 1948 560 1991 ευαγέσιν
580 1946 686 1979 οὶκοις
710 1957 965 1990 προςηκοντων
984 1941 1008 1990 ἢ
1029 1941 1080 1980 δι’
1104 1945 1245 1986 ἑαυτῶν

163 2004 184 2033 η
208 1988 266 2025 διὰ
286 1990 514 2036 παρενθέτου
538 1989 728 2036 προςώπου
753 1988 963 2036 λαμβάνειν,
982 1987 1245 2037 γινωσκόντων

1312 1944 1507 1990 petentium
1537 1946 1602 1979 aut
1624 1953 1689 1989 per
1712 1945 1824 1979 semet
1845 1943 1945 1988 ipsos
1974 1946 2036 1979 aut
2059 1953 2121 1988 per
2146 1942 2394 1987 interpositam

1312 1999 1502 2035 personam
1524 1989 1708 2035 accipere,
1739 1989 1935 2025 scientibus
1958 1988 2027 2033 eis,
2061 1989 2153 2033 quod
2179 1988 2209 2024 si
2232 1988 2305 2024 tale
2328 1987 2392 2023 ali-

233 2072 260 2093 c.
273 2059 332 2093 IV
352 2071 381 2092 v.
399 2060 419 2092 8
432 2071 480 2101 sq.
505 2071 625 2092 summa
649 2072 688 2092 ex
712 2060 788 2092 Ath.
813 2062 966 2102 repetitur
990 2062 1023 2093 in
1040 2060 1211 2102 paratinis
1235 2059 1310 2092 Am.
1328 2060 1367 2093 17
1385 2063 1400 2098 §
1417 2066 1441 2092 1.

233 2117 259 2138 c.
280 2104 315 2138 V
332 2105 383 2146 §1
411 2104 560 2137 clausula
579 2105 744 2137 immutata
769 2111 856 2138 extat
879 2105 911 2137 in
935 2105 1093 2137 Prochiro
1121 2106 1172 2146 15,
1194 2111 1209 2138 6
1236 2105 1324 2146 (inde
1349 2111 1499 2145 eaecerpta
1522 2105 1556 2136 in
1580 2104 1729 2146 Epitome
1754 2105 1784 2144 7,
1803 2110 1834 2137 41
1856 2116 1890 2147 p.
1914 2104 1980 2137 329
2004 2103 2131 2144 zach),
2164 2103 2273 2135 eadem
2299 2114 2338 2135 ex
2357 2102 2394 2135 Β

411 2150 548 2192 repetita
566 2149 680 2191 leyitur
697 2151 729 2182 in
743 2148 922 2182 Νοτιιοσβῑῖη
937 2150 1089 2183 XIVtit.
1107 2151 1157 2189 10,
1173 2157 1185 2182 1
1203 2156 1231 2181 et
1246 2150 1279 2182 in
1297 2148 1450 2181 Nomoc.d
1472 2149 1502 2188 8,
1516 2155 1558 2182 13.
1576 2167 1620 2172 -
1644 2149 1806 2181 Summam
1826 2149 1923 2181 habet
1940 2148 2073 2182 Nomoc.
2088 2147 2242 2180 XIVtit.
2258 2149 2309 2188 10,
2324 2155 2347 2181 1.

299 2226 361 2262 IV.
408 2225 549 2269 Quodsi
570 2226 760 2272 contiqerit
783 2226 943 2272 aliquam
970 2237 1020 2262 ex
1040 2225 1238 2272 praedictis
1260 2223 1520 2266 venerabilibus
1542 2223 1706 2259 domibus
1729 2224 1873 2260 nomine
1894 2224 2074 2269 fiscalium
2099 2224 2317 2260 tributorum
2339 2224 2397 2260 vel

167 2273 262 2309 alius
286 2271 474 2308 cuiuslibet
496 2272 719 2307 necessitatis
743 2271 938 2307 venerabili
968 2271 1091 2307 domui
1111 2270 1395 2317 supervenientis
1425 2270 1581 2316 pecunia
1604 2269 1778 2315 indiqere,
1811 2269 1918 2305 liceat
1940 2268 2296 2305 administratoribus
2317 2270 2395 2306 eius

167 2329 241 2353 rem
259 2316 471 2352 immobilem
495 2315 718 2363 hypothecae
739 2317 900 2362 obliqare
920 2320 955 2352 et
974 2317 1012 2351 in
1031 2316 1189 2362 speciale
1206 2316 1347 2367 pignus
1367 2315 1466 2356 dare,
1490 2320 1530 2349 ut
1551 2314 1709 2349 creditor
1729 2314 1876 2350 eandem
1896 2325 1972 2350 rem
1989 2314 2177 2361 possideat
2195 2318 2232 2350 et
2246 2315 2394 2360 fructus

167 2364 244 2399 eius
267 2362 419 2414 colliqat
440 2361 579 2407 sibique
602 2362 751 2408 imputet
768 2361 909 2408 partim
937 2362 975 2413 in
998 2361 1107 2413 ipsas
1125 2371 1300 2414 pecunias
1323 2360 1479 2396 creditas
1506 2360 1644 2406 partim
1675 2361 1711 2395 in
1735 2370 1866 2395 usuras
1890 2365 2022 2440 quarta
2048 2363 2160 2406 parte
2183 2360 2395 2396 centesimae

167 2419 241 2443 non
273 2417 438 2442 maiore&

486 2405 623 2450 Quodsi
655 2406 809 2442 debitum
840 2406 1014 2443 solverint
1045 2417 1105 2452 quz
1131 2406 1242 2442 eidem
1273 2405 1469 2441 venerabili
1498 2405 1622 2440 domui
1640 2408 1819 2451 praesunt
1850 2415 1890 2441 ve

1934 2415 1983 2441 ex
2003 2404 2189 2451 fructibus
2221 2404 2397 2441 creditori

167 2453 335 2499 satisfiat,
359 2463 419 2487 res
441 2462 568 2487 rursus
592 2451 641 2487 ad
663 2451 896 2488 venerabilem
920 2451 1063 2487 domum
1087 2463 1110 2487 a
1134 2462 1207 2497 qua
1231 2451 1319 2486 data
1342 2455 1395 2486 est
1418 2450 1551 2486 redeat.

304 2498 347 2533 V.
397 2496 659 2544 Emphyteuses
682 2501 800 2533 autem
824 2501 860 2532 et
881 2496 1104 2543 hypothecas
1127 2501 1161 2533 et
1185 2496 1283 2531 ultra
1307 2496 1589 2542 quinquennium
1613 2495 1813 2531 locationes
1836 2494 1999 2531 volumus
2016 2494 2100 2540 fieri
2123 2505 2147 2530 a
2166 2495 2394 2531 sanctissima

169 2543 311 2590 quidem
334 2543 471 2578 maiore
502 2543 652 2578 ecclesia
674 2543 798 2588 reqiae
828 2542 983 2578 civitatis
1006 2541 1191 2578 voluntate
1223 2546 1258 2577 et
1280 2551 1457 2576 consensu
1481 2540 1676 2576 beatissimi
1703 2541 1780 2576 eius
1803 2539 2069 2586 archiepiscopi
2091 2543 2127 2576 et
2146 2540 2394 2586 patriarchae,

169 2588 373 2625 iurantibus
396 2598 438 2623 eo
456 2593 652 2634 praesente
676 2591 712 2623 et
735 2587 801 2623 deo
827 2587 1022 2623 carissimis
1047 2587 1249 2623 oeconomis
1279 2590 1315 2622 et
1338 2585 1573 2621 chartulariis
1594 2584 1751 2621 eiusdem
1774 2586 2022 2621 sanctissimae
2052 2585 2203 2620 maioris
2225 2585 2395 2622 ecclesiae

169 2638 394 2670 contractum
426 2644 500 2668 non
523 2633 573 2668 ad
594 2633 961 2679 circumscriptionem
992 2633 1084 2668 iuris
1113 2632 1190 2668 eius
1209 2632 1314 2678 fieri;
1347 2632 1385 2666 in
1408 2631 1559 2677 reliquis
1591 2641 1675 2667 vero
1699 2630 1960 2666 venerabilibus
1983 2630 2165 2671 domibus,
2196 2631 2231 2666 si
2252 2631 2394 2676 quidem

170 2679 388 2715 chartularii
407 2683 503 2720 sunt,
527 2688 589 2713 eos
611 2678 722 2713 simili
742 2678 849 2713 modo
873 2677 997 2713 iurare
1013 2682 1211 2724 praesente
1242 2687 1285 2713 eo
1310 2678 1375 2723 qui
1396 2675 1592 2713 venerabili
1613 2675 1735 2711 domui
1751 2680 1919 2723 praeest,
1950 2676 2007 2711 sin
2030 2675 2122 2711 nulli
2143 2679 2228 2711 sunt
2249 2675 2394 2712 chartu-

171 2725 265 2766 larii,
290 2724 390 2776 ipsos
409 2723 473 2770 qui
495 2722 755 2759 venerabilibus
777 2723 939 2759 domibus
955 2727 1136 2769 praesunt
1149 2723 1356 2776 propositis
1377 2722 1494 2758 sacris
1514 2721 1710 2802 evanlqeliis
1727 2725 1935 2757 contractus
1947 2721 2076 2768 facere
2098 2725 2134 2756 et
2158 2721 2393 2757 iureiurando

163 2773 345 2817 praestito
376 2769 415 2804 in
446 2768 620 2804 eiusmodi
650 2769 896 2805 instrumentis
924 2769 1080 2804 scribere
1111 2779 1185 2803 non
1214 2778 1252 2803 in
1273 2766 1445 2813 fraudem
1476 2767 1531 2803 vel
1561 2777 1584 2801 a
1632 2767 1997 2813 circumscriptionem
2025 2765 2239 2803 venerabilis
2267 2765 2395 2802 domus

170 2818 191 2852 1
235 2815 319 2860 fieri
341 2817 576 2850 contractum.
672 2812 894 2850 Oeconomos
917 2817 1035 2849 autem
1059 2817 1095 2848 et
1118 2812 1436 2860 orphanotrophos
1467 2816 1502 2848 et
1524 2811 1747 2858 reliquarum
1771 2812 2024 2848 venerabilium
2050 2811 2219 2847 domuum
2243 2810 2392 2847 admini-

168 2864 356 2903 stratores,
380 2869 423 2895 ac
443 2863 637 2906 praeterea
661 2859 817 2894 omnium
841 2858 1094 2901 chartularios,
1118 2869 1312 2905 eorumque
1335 2862 1369 2894 et
1392 2861 1565 2904 parentes
1588 2861 1622 2893 et
1648 2857 1779 2893 liberos
1802 2861 1838 2893 et
1857 2863 1995 2893 ceteros
2017 2857 2080 2904 qui
2100 2857 2317 2903 coqnatione
2340 2856 2396 2893 vel

170 2905 366 2951 affinitatis
388 2904 468 2940 iure
490 2904 564 2939 illis
586 2905 771 2939 coniuncti
791 2909 892 2946 sunt,
924 2907 1082 2940 vetamus
1112 2903 1360 2950 emphyteuses
1389 2906 1425 2938 et
1447 2902 1645 2937 locationes
1675 2902 1749 2938 sive
1773 2901 1995 2949 hypothecas
2025 2913 2146 2939 rerum
2177 2901 2227 2938 ad
2252 2901 2394 2938 easdem

170 2950 388 2987 venerabiles
412 2949 535 2985 domos
548 2949 809 2996 pertinentium
839 2950 912 2985 sive
930 2960 1001 2995 per
1022 2959 1061 2984 se
1083 2949 1156 2984 sive
1183 2960 1252 2995 per
1275 2948 1526 2994 interpositam
1543 2957 1740 2993 personam
1764 2948 1948 2994 accipere,
1980 2958 2060 2983 cum
2082 2948 2218 2990 sciant,
2251 2948 2286 2983 si
2306 2947 2396 2994 quid

240 3042 258 3073 7
283 3036 495 3085 ἄναλέγεται
523 3040 552 3074 0
559 3053 588 3073 v.
603 3040 623 3072 l.
642 3038 654 3083 H
677 3037 855 3085 λογίζεται
884 3041 911 3074 G
919 3053 950 3072 v.
967 3041 1000 3081 l.‚
1016 3039 1067 3072 B⁶
1085 3038 1098 3083 ΙΙ
1122 3041 1162 3074 10
1183 3036 1244 3073 αὖ·

171 3086 236 3119 τοῦ
258 3098 316 3118 om.
336 3086 364 3118 C
372 3097 400 3118 v.
416 3086 436 3118 l.
462 3084 475 3127 ΙΙ
502 3086 541 3118 11
568 3080 587 3116 ὁ
614 3081 812 3127 δανειστὴς]
845 3085 1007 3118 creditum
1031 3096 1050 3120 ς
1080 3084 1092 3128 ΙΙ
1121 3086 1163 3118 12
1183 3085 1245 3119 ἐπ-

172 3128 312 3176 ανέλθῃ
339 3131 387 3162 13⁶
404 3129 416 3173 ΙΙ
442 3131 483 3163 15
506 3125 706 3173 μισθώσεις
730 3143 787 3163 om.
813 3141 831 3166 ς
850 3129 862 3174 ΙΙ
887 3131 927 3164 18
952 3125 1245 3174 ἀρχιεπισκόπου]

173 3175 318 3218 episcopi
342 3187 360 3211 ς
377 3174 390 3218 ΙΙ
412 3172 591 3219 παρόντος
615 3169 736 3216 αὐτοῦ]
762 3175 990 3217 praesentibus
1011 3185 1030 3211 ς
1048 3175 1060 3216 ΙΙ
1085 3176 1125 3209 19
1148 3178 1247 3210 verba

173 3223 232 3254 καὶ
261 3220 338 3253 τῶν
368 3217 638 3264 χαρτουλαρίων
665 3228 740 3263 post
769 3215 964 3263 ὄμνύντων
987 3221 1056 3262 (18)
1088 3220 1160 3254 coll.
1181 3222 1213 3254 L
1235 3223 1246 3265 ΙΙ

175 3267 217 3318 29
240 3262 538 3318 χαρτουλλαρίων)
555 3265 602 3317 ²¹!
619 3266 662 3307 (et
684 3266 730 3298 sic
753 3266 842 3308 infra
858 3267 934 3308 fere
958 3262 1245 3318 constanfernafi-

173 3321 246 3389 {2⁷52
260 3324 317 3395 a
334 3310 374 3389 ξι
389 3309 660 3400 laissa?
670 3309 697 3389 l*
709 3309 1248 3425 „²230ittrzorfflftzitta]

175 3402 218 3435 36
235 3397 257 3443 ἢ
274 3396 324 3434 δι’
345 3401 501 3435 CProch.
515 3411 534 3436 ς
547 3401 623 3441 Iul]
649 3395 701 3432 δι’
718 3400 827 3433 MLB
843 3400 855 3444 fl
874 3402 916 3435 37
939 3397 999 3434 διὰ
1025 3413 1082 3433 om.
1095 3403 1228 3436 Nomos.

175 3448 207 3487 8,
217 3454 248 3480 13
261 3446 271 3490 Η
284 3444 526 3493 παρενθέτων
537 3442 741 3489 προςώπων
753 3446 869 3479 Proch.
879 3459 907 3479 v.
917 3447 949 3489 L,
962 3446 1140 3480 Nomos-‘²⁷⁷¹
1149 3449 1202 3490 10,
1211 3455 1225 3482 1
1238 3447 1250 3491 ΙΙ

142 3531 144 3533 ,
175 3488 300 3535 λαβεῖν
324 3493 577 3532 Nomoc.m10,1

132 3655 134 3657 .
244 3625 263 3658 3
287 3626 463 3658 necessitas
486 3625 533 3659 12¹
568 3633 789 3658 nuent-us
809 3624 858 3658 V¹
884 3623 897 3668 ΙΙ
925 3626 947 3658 4
971 3625 1053 3667 eius]
1080 3638 1141 3656 eu
1164 3625 1214 3660 V¹
1238 3624 1250 3671 ΙΙ

177 3671 196 3703 5
215 3671 273 3702 aut
289 3671 350 3703 del.
366 3671 459 3705 Beck
473 3670 486 3715 ΙΙ
505 3672 548 3711 et]
573 3672 631 3704 aut
646 3671 734 3715 vuly.
753 3669 765 3714 ΙΙ
783 3671 803 3704 6
822 3671 859 3703 ut
877 3669 938 3710 ΤΞ]
965 3672 998 3704 et
1014 3671 1045 3704 R
1056 3671 1117 3705 VT
1123 3671 1134 3692 ¹
1152 3669 1164 3715 ΙΙ
1180 3681 1249 3704 cre-

176 3714 341 3749 ditoribus
355 3716 406 3750 2³¹
431 3717 610 3751 creditores
624 3716 674 3750 Τ2
685 3714 697 3761 ΙΙ
708 3715 896 3760 possideant
909 3716 943 3749 T
955 3715 968 3760 ΙΙ
985 3718 1003 3751 7
1019 3715 1180 3760 colligant
1197 3717 1229 3750 T
1238 3718 1249 3760 ΙΙ

1313 3040 1467 3081 reputent
1484 3037 1533 3071 Τ2
1551 3037 1563 3081 ΙΙ
1579 3036 1714 3070 creditis
1728 3038 1830 3081 vuly]
1854 3036 1993 3070 redditis
2013 3037 2175 3078 (redditus
2195 3036 2259 3079 Va)
2284 3037 2361 3070 libri

1314 3086 1333 3118 9
1347 3086 1499 3125 quartam
1510 3084 1639 3126 partem
1653 3083 1737 3123 libri,
1752 3094 1833 3115 corr.
1844 3083 1938 3115 Beck
1950 3082 2004 3124 (cf
2012 3082 2090 3124 Iul.)
2102 3081 2115 3127 ΙΙ
2126 3081 2324 3125 persoluerit
2340 3082 2370 3114 R.

1318 3132 1353 3163 11
1382 3128 1545 3161 creditum
1568 3127 1733 3160 redditum
1756 3127 1869 3160 redeat
1893 3127 1943 3159 Ta
1960 3126 1973 3169 ΙΙ
1994 3128 2034 3160 14
2047 3129 2134 3160 rubr.
2155 3126 2393 3160 Iusiurandum

1314 3174 1510 3207 clericorum
1527 3173 1601 3206 Tin
1619 3185 1720 3214 mary.
1738 3171 1749 3216 ΙΙ
1768 3182 1846 3205 vero
1863 3173 1907 3212 et]
1932 3174 1965 3204 et
1988 3185 2047 3205 om.
2069 3171 2117 3205 1⁷¹
2136 3172 2148 3213 ΙΙ
2167 3173 2214 3205 15>
2228 3171 2392 3213 volumus]

1313 3219 1494 3252 locationes
1506 3217 1661 3250 uolumus
1677 3216 1737 3257 ΤΒ,
1754 3217 1846 3250 Beck
1863 3216 1874 3260 ΙΙ
1895 3218 1936 3250 16
1951 3217 2044 3258 regia
2064 3216 2113 3249 V²
2132 3214 2143 3260 ΙΙ
2160 3225 2236 3248 eum
2253 3216 2393 3249 scientia

1317 3265 1366 3298 Τ2
1382 3263 1394 3308 ΙΙ
1413 3264 1513 3295 huius
1535 3261 1716 3295 beatissimi
1742 3262 1774 3294 T
1792 3261 1804 3305 ss
1833 3263 1871 3295 18
1895 3261 2134 3304 praesentibus]
2159 3264 2329 3304 praesente
2354 3271 2392 3294 eo

1315 3310 1409 3343 Beck
1428 3308 1440 3351 ΙΙ
1464 3310 1503 3342 19
1529 3307 1608 3350 quia
1623 3309 1703 3348 non]
1728 3317 1811 3348 quae
1827 3317 1894 3339 non
1910 3306 1958 3339 R¹
1993 3306 2081 3349 quod
2103 3317 2171 3339 non
2190 3306 2240 3339 R2
2271 3306 2331 3348 qui
2351 3310 2393 3342 ar‘l

1315 3356 1349 3396 (ι’.
1364 3368 1390 3387 e.
1410 3355 1500 3393 ante)
1528 3352 1577 3386 Τι
1596 3352 1607 3395 ΙΙ
1624 3353 1666 3386 20
1689 3351 1962 3395 perscriptionem
1984 3352 2039 3395 Vss
2065 3353 2106 3386 21
2133 3351 2201 3384 sint
2224 3351 2357 3395 Rvulq.
2380 3351 2393 3394 ΙΙ

1316 3400 1358 3433 22
1382 3398 1448 3442 ipsi
1472 3398 1528 3441 ΤΙΙ
1552 3398 1664 3430 iurare
1687 3396 1736 3430 R2
1748 3399 1845 3440 vulq]
1877 3407 1956 3430 cura
1981 3400 2013 3429 et
2036 3397 2145 3430 R¹T¹
2178 3396 2289 3429 iurare
2312 3407 2393 3430 cura

1315 3446 1407 3486 (cura
1431 3444 1492 3477 del.
1510 3443 1573 3485 V3)
1598 3444 1630 3475 et
1651 3443 1682 3475 V
1700 3442 1812 3475 iurent
1828 3442 1878 3476 Τ2
1904 3441 1916 3486 ΙΙ
1946 3443 1987 3476 23
2012 3452 2096 3484 quae
2120 3442 2153 3475 R
2176 3441 2189 3486 ΙΙ
2211 3443 2294 3475 sunt
2321 3442 2354 3475 T
2381 3442 2393 3484 ΙΙ

1316 3491 1360 3524 24
1375 3500 1434 3533 per
1451 3499 1506 3522 eos
1522 3488 1583 3532 qui
1598 3488 1645 3528 T]
1671 3497 1725 3520 eos
1740 3488 1799 3530 qui
1812 3487 1862 3520 R²
1885 3500 1991 3518 *nn-u
2012 3487 2060 3521 V¹
2084 3486 2125 3520 ab
2141 3486 2194 3519 his
2210 3487 2270 3529 qui
2285 3486 2393 3520 R²V²

1315 3536 1401 3578 vulq.
1420 3533 1432 3578 ΙΙ
1450 3535 1491 3567 25
1504 3532 1701 3576 praepositis
1712 3533 1746 3566 R
1762 3534 1774 3576 ΙΙ
1793 3533 1835 3566 26
1849 3532 2075 3574 iureiurando]
2091 3531 2205 3565 addito
2219 3531 2321 3574 (adito
2329 3531 2391 3575 R2)

1318 3581 1394 3614 add.
1408 3578 1459 3612 Β2
1470 3580 1568 3623 υαί9.,
1593 3578 1827 3611 conscribendo
1851 3578 1888 3610 in
1913 3579 1989 3611 add.
2006 3579 2103 3611 schol.
2120 3577 2152 3610 T
2172 3577 2185 3622 ΙΙ
2209 3578 2252 3612 33
2275 3580 2391 3621 genus]

1315 3636 1376 3668 ge*
1402 3624 1452 3657 Β*
1469 3623 1481 3667 ΙΙ
1499 3625 1545 3657 eis
1566 3623 1611 3665 V]
1634 3636 1691 3656 om.
1706 3623 1774 3656 ΒΤ
1786 3622 1798 3667 ΙΙ
1817 3624 1860 3657 34
1884 3623 2056 3666 enphiteos
2082 3623 2114 3656 T
2121 3622 2133 3642 ¹
2163 3623 2392 3667 enphiteoseos

1321 3669 1371 3704 Τ2
1393 3669 1405 3714 ΙΙ
1433 3670 1474 3703 35
1500 3667 1760 3713 competentibus
1784 3668 1895 3701 R²T¹
1917 3668 1930 3712 ΙΙ
1955 3670 1995 3703 37
2022 3668 2093 3702 eius
2117 3668 2168 3702 Τι
2197 3667 2211 3714 ΙΙ
2237 3668 2327 3711 quod
2349 3669 2391 3711 si]

1317 3714 1377 3758 qui
1398 3714 1447 3749 V¹
1464 3714 1476 3759 ΙΙ
1492 3714 1622 3757 aliquid
1644 3712 1712 3747 tale
1733 3714 1768 3748 R
