2586 3990
162 162 220 192 ET
248 159 531 192 EMPHYTEOSI

161 260 213 302 εἴη
238 258 367 308 εὖαγὴς
392 260 500 303 οἶκος,
532 259 597 294 τὸν
621 260 837 304 προεστῶτα
867 260 1010 295 τούτων
1040 259 1084 295 τὸ
1113 260 1242 295 συνάλ-

162 305 281 353 λαγμα
296 306 494 346 ποιεῖσθαι,
512 302 708 349 ὄμνύντων
724 306 801 339 τῶν
815 303 1009 349 διοικητῶν
1024 306 1102 340 τῶν
1119 303 1243 340 αὐτῶν

161 348 304 398 εὐαγῶν
335 351 444 384 οἴκων
475 354 653 405 παρουσίᾳ
685 351 748 384 τοῦ
780 350 1067 397 θεοφιλεστάτου
1098 349 1242 386 ἐπισκό-

162 410 231 432 που
249 392 340 440 παρ’
358 389 402 430 οὗ
416 394 687 441 προβαλλονται
704 393 727 438 ἢ
742 398 1051 441 χειροτονοῦνται,
1073 396 1120 431 ῶς
1136 394 1242 430 οὐδὲν

162 442 251 486 πρὸς
281 440 424 486 βλάβην
459 439 482 484 ἢ
514 441 738 488 περιγραφὴν
769 443 846 475 τῶν
874 439 998 477 αὐτῶν
1030 438 1171 488 εὖαγῶν
1193 442 1241 475 οἴ-

162 500 237 520 κων
259 487 320 521 ἐπὶ
343 487 397 529 τῷ
419 483 573 530 τοιούτῳ
590 485 871 533 »συναλλάγματα
894 491 1043 534 γίνεται.

161 532 185 567 2
231 533 291 566 ἐπὶ
315 529 355 565 δὲ
378 533 456 565 τῶν
480 529 620 578 εὐαγῶν
644 536 897 578 μοναστηρίων
920 532 1002 566 τοὺς
1026 530 1241 579 ἡγουμένους

163 573 285 610 αὐτῶν
307 575 400 621 μετὰ
431 578 494 611 τοῦ
519 577 680 611 πλείονος
703 580 826 623 μέρους
850 579 926 612 τῶν
952 580 1062 612 ἐκεῖσε
1085 577 1239 623 λειτουρ-

160 621 324 674 γοξῖντων
344 624 516 666 μοναχῶν
535 622 578 657 τὸ
596 621 828 669 συνάλλαγμα
847 623 1046 657 ποιεῖσθαι.
1091 627 1164 657 Καὶ
1181 626 1240 658 ἐπὶ

1235 145 1319 193 583

2075 150 2182 194 Nov.
2215 149 2334 194 CXX
2364 152 2388 192 6

1311 260 1550 305 praepositum
1573 259 1687 306 ipsius
1711 262 1934 296 contractum
1953 261 2049 304 fieri,
2073 261 2276 297 iurantibus
2299 261 2390 298 ordi-

1311 306 1497 341 natoribus
1521 305 1714 342 earundem
1736 307 1987 341 venerabilium
2014 308 2197 343 domorum
2221 317 2388 351 praesen-

1310 350 1361 385 tia
1393 351 1457 386 deo
1489 351 1651 387 amabilis
1685 351 1842 396 episcopi
1874 361 1896 386 a
1926 363 1996 396 quo
2027 355 2296 398 praeponuntur
2328 355 2391 388 aut

1311 395 1527 439 ordinantur,
1554 397 1648 442 quod
1665 397 1752 431 nihil
1773 398 1818 431 ad
1837 396 2029 432 laesionem
2053 402 2117 433 aut
2135 398 2389 443 praescriptio-

1278 445 1388 477 5nem
1422 442 1581 486 ipsarum
1612 442 1865 477 venerabilium
1897 442 2079 478 domorum
2113 443 2156 478 de
2187 443 2390 478 huiusmodi

1311 490 1498 523 contractu
1522 486 1688 522 efficitur.

1308 532 1331 567 2
1378 532 1421 568 In
1444 533 1704 568 venerabilibus
1725 542 1807 567 vero
1832 533 2054 568 monasteriis
2079 534 2248 578 primates
2269 543 2390 568 eorum

1310 588 1388 612 cum
1405 578 1577 623 ampliore
1602 581 1650 620 [et
1673 577 1818 619 maiore]
1843 580 1946 621 parte
1970 578 2099 613 ibidem
2117 578 2390 613 deservientium

1307 624 1562 659 monachorum
1597 625 1821 658 contractum
1858 623 2028 658 efficiant.
2077 624 2274 658 Praedictis
2307 633 2388 658 vero

160 679 237 700 των
272 667 471 712 εἰρημένων
507 666 547 702 δὲ
581 668 735 702 πάντων
771 666 956 723 κελεύρμεν
978 667 1294 723 ἲιε’γγροὶφεσθαι10
1309 669 1470 704 omnibus
1504 669 1667 703 iubemus
1702 668 1848 703 inscribi
1880 668 2154 703 instrumentum
2187 679 2268 703 cum
2294 669 2388 703 iure-

160 712 213 754 τῷ
245 712 453 756 συμβολαίῳ
488 711 580 758 μεθ’
607 710 730 758 ὅρκου,
767 711 814 747 ῶς
845 726 886 747 ου
918 725 1008 758 προς
1044 713 1187 758 βλάβην
1217 711 1240 757 ἢ

161 758 388 804 περιγραφὴν
422 759 499 793 τῶν
531 756 655 793 αὐτῶν
691 755 831 805 εὖαγῶν
865 758 976 792 οἴκων
1011 758 1053 792 τὸ
1090 761 1240 805 πρᾶγμα

161 803 370 847 πράττεται.
408 807 468 838 καὶ
488 803 619 848 ταύτης
636 802 675 838 δὲ
690 805 750 847 τῆς
768 803 1024 849 παραφυλακῆς
1040 800 1137 838 οὕτω
1154 817 1236 849 προ·

162 847 279 890 ’ἰούσης
298 849 500 894 κουφισμὸν
522 850 571 904 μῂ
597 848 746 884 πλείονα
768 850 940 895 γίνεσθαι
966 850 1029 882 τοῦ
1054 851 1157 882 ἕκτου
1180 852 1239 894 μέ-

161 904 240 937 ρους
263 895 325 937 τῆς
346 893 519 947 π’ροςόδου
536 893 582 938 ἦν
601 895 671 937 ἔχει
691 894 734 947 τὸ
752 895 798 928 εἰς
815 895 1031 949 έμφύτευσιν
1049 892 1241 938 διδόμενον
1256 897 1294 930 15
1309 895 1425 930 teosin
1458 895 1573 930 datur.

161 939 317 985 πρᾶγμα.
372 943 448 974 Oua
478 939 518 973 δὲ
548 943 630 985 περὶ
659 952 736 973 των
759 952 1106 975 καταπεπτωκοτων
1130 941 1241 974 οἴκων

160 985 237 1017 τῶν
261 985 513 1030 προςηκόντων
536 989 608 1019 τοῖς
631 982 796 1031 εὐαγέσιν
818 985 925 1019 οἴκοις
947 988 1020 1019 τοῖς
1044 987 1084 1019 ἐν
1107 987 1152 1032 τῇ
1175 989 1239 1028 βα-

161 1026 269 1063 σιλίδι
293 1029 396 1065 πόλει
419 1033 590 1073 κειμένοις
615 1026 785 1075 ἀνωτέρω
811 1028 1097 1074 διετυπῶσαμεν,
1123 1030 1241 1065 ταῦτα

161 1078 220 1107 καὶ
245 1076 305 1109 ἐπὶ
329 1073 473 1110 τούτων
501 1077 579 1109 τῶν
602 1073 744 1121 εὖαγῶν
775 1075 886 1109 οἴκων
913 1079 1060 1131 ,κρατεῖν
1084 1088 1239 1122 παρακε-

1307 714 1468 756 iurando,
1506 714 1599 758 quod
1631 724 1702 748 non
1735 713 1780 747 ad
1811 714 2006 748 laesionem
2041 718 2104 748 aut
2135 713 2388 758 praescriptio-

1308 769 1388 794 nem
1424 759 1616 795 earundem
1651 768 1708 794 res
1745 758 1872 802 agitur.
1921 759 1999 793 Hac
2029 768 2112 794 vero
2143 759 2390 794 observatione

1309 804 1511 840 huiusmodi
1533 804 1749 849 procedente
1771 803 2020 839 relevationem
2044 815 2116 838 non
2138 804 2289 849 amplius
2314 803 2389 838 fieri

1310 852 1413 884 sexta
1434 853 1536 895 parte
1559 850 1704 891 reditus,
1730 859 1833 893 quem
1857 849 1964 884 habet
1987 860 2044 884 res
2070 859 2159 893 quae
2182 849 2219 884 in
2244 849 2388 893 emphy-

1622 894 1873 939 Quaecumque
1903 905 1985 930 vero
2018 895 2061 929 de
2087 895 2196 940 lapsis
2228 894 2389 930 domibus

1310 941 1591 984 competentibus
1623 940 1884 975 venerabilibus
1917 940 2079 975 domibus
2112 950 2202 985 quae
2233 940 2270 974 in
2294 941 2391 984 regia

1309 989 1393 1020 sunt
1413 986 1551 1030 positae
1583 985 1726 1020 civitate
1757 986 1921 1030 superius
1944 986 2202 1030 disposuimus,
2238 986 2327 1020 haec
2353 985 2390 1019 in

1308 1031 1364 1065 his
1388 1031 1647 1066 venerabilibus
1672 1031 1834 1066 domibus
1858 1032 1975 1066 valere
2000 1031 2247 1076 praecipimus.
2291 1030 2390 1065 Haec

1310 1076 1415 1110 etiam
1433 1086 1540 1121 super
1555 1077 1643 1121 ipsis
1660 1076 1921 1111 venerabilibus
1943 1077 2105 1112 domibus
2125 1076 2271 1112 definire
2286 1085 2388 1120 prae-

162 1119 350 1164 λευόμεθα.
398 1122 586 1154 καὶτοῦτο
618 1119 657 1154 δὲ
687 1122 747 1154 ἐπὶ
778 1122 855 1154 τῶν
879 1134 1002 1155 αυτων
1026 1117 1167 1167 εὖαγῶν
1191 1121 1238 1154 οἵ·
1254 1123 1294 1155 20
1309 1122 1475 1164 vidimus,
1512 1125 1551 1156 ut
1586 1121 1617 1156 Si
1654 1122 1827 1165 quaedam
1864 1132 1908 1156 ex
1944 1122 1995 1157 eis
2030 1122 2102 1157 Sive
2136 1132 2201 1167 pro
2238 1121 2389 1166 publicis

161 1179 237 1199 κων
261 1164 488 1200 διατυπῶσαι
512 1164 731 1210 συνείδομεν,
763 1161 850 1200 ῶςτε
874 1166 910 1200 εἴ
927 1178 1022 1200 τινες
1046 1167 1084 1207 ἐξ
1116 1163 1239 1201 αὐτῶν

161 1211 231 1244 εἴτε
248 1209 338 1256 ὑπὲρ
355 1209 539 1255 δημοσίων
563 1211 778 1245 συντελειῶν
803 1211 873 1245 εἴτε
891 1208 981 1256 ὑπὲρ
999 1210 1107 1254 ἄλλης
1130 1208 1239 1258 ἄναγ-

161 1260 262 1290 καίας
279 1257 392 1290 αἰτίας
411 1258 474 1290 τοῦ
494 1254 601 1291 αὐτοῦ
626 1257 722 1290 οἴκου
746 1259 884 1302 χρέεσιν
909 1259 1024 1299 ἔνοχοι
1048 1261 1238 1303 γένωνται,

161 1304 219 1334 καὶ
236 1299 298 1335 οὐκ
315 1303 392 1336 ἔστι
411 1299 569 1336 δυνατὸν
594 1304 631 1335 ἐκ
648 1302 874 1348 πραγμάτων
897 1304 1055 1345 κινητῶν
1079 1303 1125 1337 τὰ
1145 1300 1238 1337 αὐτὰ

1310 1167 1557 1202 collationibus
1589 1167 1662 1202 sive
1685 1178 1748 1211 pro
1773 1167 1846 1202 alia
1868 1169 2069 1203 necessaria
2102 1177 2209 1203 causa
2233 1167 2389 1203 eiusdem

1309 1212 1434 1246 domus
1466 1212 1594 1247 debitis
1628 1212 1801 1247 obnoxiae
1830 1213 1937 1255 fiant,
1972 1216 2008 1248 et
2037 1223 2108 1248 non
2138 1215 2194 1247 est
2221 1211 2390 1257 possibile

1309 1257 1351 1291 de
1382 1258 1490 1292 rebus
1526 1257 1716 1292 mobilibus
1754 1258 1878 1292 eadem
1915 1259 2065 1302 persolvi
2101 1258 2239 1299 debita,
2275 1258 2389 1302 primo

1309 1302 1448 1347 quidem
1484 1303 1608 1338 ordine
1640 1303 1676 1337 in
1707 1303 1852 1347 speciali
1883 1303 2030 1347 pignore
2065 1303 2141 1338 dari
2174 1303 2390 1338 immobilem

162 1345 382 1390 διαλυθῆναι
406 1350 508 1392 χρέα,
539 1361 632 1382 κατα
658 1361 809 1392 πρωτην
833 1350 900 1390 με’-ν
922 1348 1028 1388 τάξιν
1053 1349 1099 1382 εἰς
1124 1346 1241 1382 ῖδικὸν
1254 1350 1295 1382 25
1309 1358 1381 1382 rem
1407 1347 1591 1390 creditori,
1623 1352 1663 1382 ut
1687 1348 1761 1383 eius
1787 1348 1927 1383 fructus
1958 1350 2126 1392 colligens
2157 1351 2299 1393 reputet
2322 1347 2389 1383 sibi

162 1393 326 1438 ἐνέχυρον
351 1390 524 1427 δίδοσθαι
547 1389 718 1435 ἀκίνητον
739 1394 887 1439 πρᾶγμα
902 1395 956 1436 τῷ
974 1391 1155 1440 δανειστῇ,
1181 1394 1240 1428 ἵνα

164 1436 243 1471 τοὺς
258 1437 388 1471 τούτου
409 1438 564 1482 καρποὺς
585 1435 847 1485 ἀναλεγόμενος
871 1437 1146 1485 καταλογίζηται
1162 1440 1238 1472 ἑαυ-

162 1485 214 1525 τῷ
238 1484 283 1516 τὰ
307 1485 374 1527 μὲν
397 1484 444 1517 εἰς
469 1482 561 1517 αὐτὰ
587 1484 633 1518 τὰ
659 1481 902 1518 δανεισθέντα
924 1485 1107 1529 χρήματα,
1133 1484 1178 1518 τὰ
1202 1482 1240 1518 δὲ

161 1529 206 1561 εἰς
230 1528 355 1562 τόκους
378 1526 419 1562 οὗ
445 1528 610 1563 πλείονας
641 1531 704 1562 τοῦ
730 1528 903 1575 τετάρτου
927 1532 1050 1575 μέρους
1075 1531 1136 1572 τῆς
1160 1530 1239 1563 ἑκα-

1309 1397 1381 1427 tam
1404 1394 1442 1427 in
1465 1393 1552 1437 ipsis
1578 1393 1705 1428 debitis
1729 1394 1861 1429 mutuis
1885 1395 2046 1438 pecuniis
2079 1404 2185 1439 quam
2208 1394 2246 1428 in
2270 1393 2389 1429 usuris

1309 1449 1380 1474 non
1410 1439 1563 1483 amplius
1595 1441 1723 1483 quarta
1754 1444 1857 1484 parte
1887 1440 2110 1475 centesimae.
2159 1439 2195 1474 Si
2218 1449 2303 1475 vero
2326 1449 2388 1474 no-

1310 1484 1414 1519 luerit
1449 1485 1519 1519 isto
1555 1484 1659 1519 modo
1695 1485 1890 1528 transigere
1922 1485 2097 1527 debitum,
2133 1485 2297 1520 iubemus
2329 1494 2389 1519 eos

1310 1530 1448 1574 quidem
1473 1530 1532 1574 qui
1557 1539 1579 1564 a
1603 1530 1828 1565 sanctissimo
1853 1531 2059 1574 patriarcha
2074 1530 2294 1572 ordinantur,
2318 1529 2390 1565 sive

160 1575 296 1628 τοστῆε.
346 1575 376 1608 εἰ
400 1571 439 1607 δὲ
461 1574 509 1618 μὴ
535 1573 724 1618 δυνηθῶσι
746 1587 865 1628 τουτιι)
890 1575 942 1617 τῷ
968 1576 1094 1620 τρόπῳ
1120 1573 1239 1609 διαλῦ-
1253 1578 1294 1610 30
1309 1575 1555 1620 metropolitae
1593 1575 1665 1609 sive
1695 1575 1756 1610 alii
1787 1576 1946 1620 episcopi
1981 1577 2051 1612 sint
2086 1577 2158 1611 sive
2189 1576 2388 1611 archiman-

161 1631 221 1651 σαι
245 1633 287 1653 το
304 1623 412 1664 χρέος,
437 1619 624 1664 κελεύομεν
642 1620 723 1653 τοὺς
739 1621 807 1664 μὲν
827 1619 898 1654 υπὸ
924 1621 1000 1654 τῶν
1021 1618 1238 1667 ἁγιωτάτων

160 1666 396 1709 πατριαρχῶν
426 1668 770 1711 χειροτονουμένους,
795 1665 865 1698 εἴτε
886 1665 1146 1711 μητροπολῖται
1170 1666 1240 1700 εἴτε

161 1707 262 1743 ἄλλοι
293 1711 484 1745 ἐπίσκοποι
514 1713 605 1744 ῶσιν
641 1710 712 1744 εἴτε
736 1707 1011 1756 ἀρχιμανδρῖται
1035 1712 1106 1746 εἴτε
1130 1708 1242 1757 ὀρφα-

161 1754 331 1800 νοτρόφοι
363 1753 385 1798 ἢ
410 1753 665 1801 πτωχοτρόφοι
697 1752 717 1798 ἢ
741 1754 922 1798 ξενοδόχοι
952 1754 974 1800 ἢ
1003 1756 1195 1802 νοσοκόμοι
1219 1753 1242 1800 ἢ

1308 1621 1421 1655 dritae
1446 1620 1519 1655 sive
1540 1621 1822 1665 orphanotrophi
1844 1625 1907 1655 aut
1922 1621 2175 1666 ptochotrophi
2199 1625 2262 1656 aut
2280 1631 2388 1655 xeno-

1309 1666 1415 1702 dochi
1438 1667 1502 1701 aut
1524 1667 1705 1702 nosocomi
1732 1670 1796 1702 aut
1818 1667 1969 1702 aliarum
1992 1667 2246 1703 venerabilium
2269 1666 2388 1702 domo-

227 1868 256 1888 v.
273 1857 315 1889 22
340 1856 370 1889 εἰ
394 1854 433 1890 δὲ
454 1859 514 1890 καὶ
539 1853 628 1902 ὑπὲρ
654 1855 838 1902 δημοσίων
863 1857 1079 1893 συντελειῶν
1101 1879 1145 1884 -
1171 1861 1212 1894 29
1238 1860 1299 1902 τῆς
1320 1859 1513 1902 ἑκατοστῆς
1531 1861 1656 1904 passim
1680 1867 1801 1894 mutata
1826 1867 1935 1894 extant
1959 1861 1991 1894 in
2018 1860 2099 1894 Coll.
2113 1860 2154 1894 87
2178 1871 2248 1902 cap.
2266 1860 2319 1900 15,
2342 1871 2390 1892 se-

160 1904 317 1944 quentium
341 1915 463 1936 summa
487 1904 543 1944 (-
568 1905 642 1944 584,
659 1912 693 1938 33
718 1904 940 1950 προτιμηθῇ)
964 1908 1005 1939 ib.
1022 1908 1063 1939 14
1087 1907 1174 1948 (inde
1199 1918 1275 1949 app.
1298 1906 1431 1939 Nomoc.
1456 1918 1529 1950 cap.
1555 1907 1629 1939 ecel.
1658 1907 1698 1940 13
1724 1914 1753 1939 et
1778 1907 1842 1948 12).

162 2037 223 2081 qui
240 2037 284 2070 iis
294 2039 445 2082 praeest
463 2041 687 2071 contractum
702 2038 834 2082 saciat,
859 2037 1063 2072 iurantibus
1078 2037 1272 2072 earundem
1290 2038 1542 2073 venerabilium
1558 2037 1727 2073 domuum
1745 2037 2099 2073 administratoribus
2117 2041 2308 2083 praesente
2324 2037 2390 2072 deo

161 2081 346 2116 carissimo
368 2080 553 2132 episcopo,
578 2093 601 2115 a
625 2092 696 2127 quo
720 2081 958 2127 desiqnantur
982 2082 1037 2118 vel
1061 2086 1242 2125 creantur,
1273 2082 1365 2117 nihil
1386 2083 1424 2117 in
1446 2083 1618 2128 fraudem
1649 2083 1705 2118 vel
1736 2084 1786 2118 ad
1807 2083 2174 2128 circumscriptionem
2197 2082 2388 2118 earundem

160 2127 184 2162 2
231 2124 486 2161 venerabilium
511 2125 679 2160 domuum
702 2126 740 2160 in
766 2128 832 2161 tali
854 2130 1044 2162 contractu
1064 2127 1158 2171 fieri.

1251 2125 1298 2161 In
1321 2127 1581 2163 venerabilibus
1605 2133 1723 2163 autem
1747 2129 1974 2163 monasteriis
1997 2127 2143 2163 abbates
2166 2138 2288 2163 eorum
2311 2138 2390 2162 cum

161 2171 298 2206 maiore
314 2174 427 2217 parte
451 2170 707 2206 monachorum
740 2171 802 2216 qui
833 2172 882 2207 ibi
913 2172 1113 2206 ministeria
1145 2171 1277 2207 obeunt
1309 2176 1515 2206 contractus
1544 2173 1701 2218 faciant.
1750 2175 1867 2218 Atque
1891 2174 1928 2207 in
1951 2184 2066 2219 supra
2097 2173 2203 2208 dictis
2229 2172 2390 2208 omnibus

161 2216 321 2251 iubemus
344 2215 494 2250 inscribi
524 2216 760 2252 instrumento
785 2227 864 2251 cum
887 2216 1133 2258 iureiurando,
1165 2227 1237 2251 non
1262 2217 1298 2250 in
1322 2217 1494 2261 fraudem
1525 2217 1580 2252 vel
1603 2217 1652 2252 ad
1674 2218 2041 2264 circumscriptionem
2071 2217 2265 2254 earundem
2289 2228 2388 2253 vene-

161 2261 329 2296 rabilium
353 2261 520 2296 domuum
544 2261 606 2306 aqi
630 2262 822 2307 neqotium.
871 2261 954 2296 Hac
975 2272 1057 2297 vero
1083 2261 1330 2297 observatione
1353 2262 1406 2296 ita
1424 2262 1646 2307 procedente
1670 2263 1841 2298 relevatio
1866 2274 1939 2298 non
1964 2263 2062 2298 ultra
2086 2268 2229 2299 sextam
2243 2267 2389 2309 partem

162 2307 297 2341 reditus
315 2307 384 2351 fiat
415 2317 517 2351 quem
550 2305 656 2342 habet
686 2317 744 2342 res
774 2307 811 2340 in
834 2306 1083 2353 emphyteusin
1107 2305 1205 2341 data.
1253 2305 1354 2349 Quae
1377 2313 1495 2342 autem
1525 2307 1568 2342 cle
1593 2307 1766 2351 aedificiis
1797 2307 1943 2350 dirutis,
1971 2319 2064 2353 quae
2094 2308 2142 2343 ad
2172 2308 2390 2344 venerabiles

163 2351 287 2386 domos
311 2352 349 2386 in
372 2352 474 2396 reaia
499 2351 642 2386 civitate
664 2352 754 2387 sitas
774 2354 971 2398 pertinent,
996 2362 1109 2397 supra
1134 2351 1393 2393 constituimus,
1421 2363 1465 2387 ea
1488 2352 1526 2386 in
1550 2352 1605 2386 his
1625 2363 1770 2398 quoque
1792 2354 2054 2389 venerabilibus
2077 2353 2240 2388 domibus
2271 2353 2390 2388 valere

160 2397 414 2443 praecipimus.
463 2395 544 2430 Hoc
565 2407 706 2442 quoque
730 2397 773 2432 de
796 2397 921 2432 iisdem
945 2396 1202 2432 venerabilibus
1225 2396 1388 2432 domibus
1414 2398 1631 2433 constituere
1663 2397 1765 2432 nobis
1788 2398 1900 2433 visum
1924 2403 1995 2440 est,
2028 2402 2069 2434 ut
2091 2399 2123 2434 si
2156 2409 2249 2444 quae
2271 2410 2321 2434 ex
2345 2399 2390 2434 iis

163 2442 218 2477 vel
238 2446 393 2487 propter
409 2442 560 2488 publica
586 2442 718 2477 tributa
748 2442 805 2476 vel
821 2445 977 2488 propter
1009 2441 1118 2477 aliam
1142 2442 1380 2476 necessariam
1411 2452 1556 2477 causam
1584 2443 1740 2477 eiusdem
1770 2443 1897 2478 domus
1920 2444 2047 2479 debitis
2079 2443 2264 2480 obnoxiae
2283 2443 2388 2489 fiant,

163 2497 228 2522 nec
250 2487 390 2532 possint
421 2486 543 2521 eadem
575 2487 694 2522 debita
726 2498 775 2523 ex
804 2487 911 2522 rebus
934 2486 1121 2521 mobilibus
1142 2487 1249 2530 solvi,
1283 2492 1355 2522 tum
1376 2488 1497 2533 primo
1523 2487 1665 2533 quidem
1690 2488 1816 2524 ordine
1848 2489 1884 2523 in
1907 2489 2065 2535 speciale
2086 2489 2222 2535 piqnus
2244 2500 2302 2524 res
2324 2490 2388 2524 im-

163 2531 303 2566 mobilis
325 2531 429 2567 detur
452 2532 641 2573 creditori,
673 2536 713 2567 ut
735 2534 883 2577 fructus
906 2533 982 2567 eius
1004 2532 1179 2577 colliqens
1201 2532 1270 2567 sibi
1293 2533 1443 2578 imputet
1471 2533 1607 2579 partim
1637 2534 1674 2567 in
1699 2534 1814 2579 ipsam
1833 2535 2027 2579 pecuniam
2060 2535 2232 2570 creditam
2248 2536 2388 2580 partim

163 2578 200 2611 in
226 2587 357 2611 usuras
381 2582 513 2628 quarta
532 2581 641 2624 parte
664 2579 874 2613 centesimae
897 2588 969 2612 non
993 2577 1157 2613 maiores.
1206 2576 1342 2620 Quodsi
1366 2577 1435 2612 hoc
1458 2578 1564 2613 modo
1588 2578 1725 2614 solvere
1749 2578 1904 2614 debitum
1929 2583 2119 2625 nequeant,
2143 2579 2304 2615 iubemus
2326 2591 2389 2615 eos

164 2622 304 2667 quidem
329 2633 389 2667 qui
415 2633 437 2656 a
460 2623 694 2657 sanctissimis
718 2622 947 2669 patriarchis
970 2626 1151 2665 creantur,
1185 2623 1259 2658 sive
1283 2622 1556 2669 metropolitani
1583 2625 1657 2659 sive
1687 2624 1752 2658 alii
1783 2625 1946 2670 episcopi
1976 2629 2049 2660 sint
2082 2625 2155 2660 sive
2186 2624 2388 2660 archiman-

164 2668 281 2703 dritae
302 2668 375 2703 sive
399 2666 688 2714 orphanotrophi
717 2668 772 2703 vel
787 2666 1053 2714 ptochotrophi
1081 2667 1136 2704 vel
1158 2667 1367 2704 xenodochi
1395 2668 1451 2704 vel
1473 2669 1660 2704 nosocomi
1685 2669 1741 2705 vel
1763 2669 1917 2705 aliarum
1941 2670 2195 2706 venerabilium
2219 2670 2388 2706 domuum

215 2828 226 2859 1
254 2824 305 2867 εἴη
332 2827 399 2865 Ος]
425 2839 483 2858 om.
501 2826 609 2858 MLB
634 2827 727 2868 (post
750 2824 842 2858 οἶκος
867 2827 944 2858 add.
963 2837 1031 2858 cum
1045 2826 1241 2858 Haloandro

164 2872 261 2915 vulq.)
292 2871 303 2914 11
330 2871 407 2903 τῶν
431 2866 676 2914 προεστώτων
709 2874 798 2904 malit
822 2871 1010 2904 Zachariae
1034 2883 1095 2903 non
1120 2878 1201 2904 recte
1230 2869 1242 2915 11

164 2918 183 2949 3
209 2919 399 2960 παρουσίᾳ]
436 2917 497 2950 ἐπὶ
528 2919 707 2959 παρουσίᾳ
741 2929 808 2949 cum
833 2917 1028 2949 Haloandro
1053 2916 1136 2958 vulq.
1169 2915 1242 2956 (sub

164 2962 349 3004 praesentia
363 2962 438 3003 Iul.)
455 2961 467 3004 11
486 2963 507 2994 4
527 2957 610 2993 οὐδὲ
630 2962 658 2994 C
667 2963 815 3005 plerique
833 2960 846 2997 ΙΙ
871 2964 889 2995 5
915 2957 937 3003 ἢ
962 2959 1052 3004 πρὸς
1075 2972 1242 3006 περιγρα-

165 3005 237 3050 φὴν
256 3006 286 3038 L
306 3005 373 3048 1111
401 3006 478 3038 τῶν
502 3004 733 3049 συμβολαίων
763 3003 866 3049 011ἢ]
891 3008 950 3038 καὶ
975 3007 1024 3038 B⁸
1041 3004 1053 3049 11
1081 3008 1119 3039 12
1144 3018 1241 3050 περι-

164 3050 433 3138 ζῇαᾳὲὴὲᾗέἔιῗῖ
456 3047 915 3140 ’ξὲῗγὲῖφῖἷᾷἕνῃοῗηῦἒῶιῖ
930 3046 1242 3137 ιέωὸῑῇλῖἷῗέῗέ

165 3140 254 3173 modi
279 3152 297 3176 ς
320 3140 332 3183 ιι
364 3143 405 3174 14
428 3121 487 3183 Ξιὴ]
512 3108 571 3172 ‚aya
600 3142 663 3174 cv.
679 3143 700 3174 l.
719 3141 731 3184 ιι
762 3143 800 3175 15
825 3137 882 3183 ἣν]
919 3133 958 3182 ἧς
986 3142 1064 3174 coa.
1079 3142 1119 3175 87
1135 3154 1205 3185 cap.
1230 3141 1241 3186 ιι

169 3188 208 3220 18
233 3183 335 3219 πόλει
362 3199 418 3219 om.
442 3187 470 3219 C
490 3186 502 3229 11
530 3187 569 3220 19
594 3188 653 3217 καὶ
678 3199 736 3218 om.
763 3198 781 3222 ς
802 3186 814 3231 11
841 3184 984 3219 τούτων
1013 3187 1155 3226 ΟςῙιιί.]
1182 3199 1240 3220 om.

167 3231 277 3264 MLB
296 3230 307 3274 11
323 3230 433 3263 οἴκων
453 3244 510 3264 om.
523 3232 569 3263 13⁸
586 3230 598 3274 11
616 3228 956 3275 παρεκελευσάμεθα
969 3231 1020 3263 B⁶
1038 3231 1049 3273 11
1066 3232 1109 3264 20
1121 3231 1240 3273 τοῦτο]

167 3277 246 3308 haec
271 3278 289 3311 ς
315 3275 328 3320 11
358 3271 479 3308 αὐτῶν
506 3276 562 3311 Ος
582 3278 639 3319 (cf.
651 3277 739 3318 lum]
771 3289 828 3309 om.
851 3276 961 3308 MLB
987 3276 998 3318 11
1030 3278 1072 3310 22
1097 3275 1243 3319 τελειῶν

170 3323 217 3354 B⁶
234 3321 246 3365 11
265 3323 308 3354 24
324 3322 384 3353 καὶ
400 3334 457 3354 om.
472 3321 503 3353 L
519 3320 531 3364 11
550 3320 595 3353 τοὶ
614 3317 718 3361 αὐτοὶ]
736 3321 851 3354 ταῦτα
875 3322 911 3362 C,
923 3334 980 3354 om.
993 3321 1040 3353 B⁸
1058 3322 1070 3364 11
1089 3323 1129 3356 25
1146 3323 1241 3365 χρέα]

167 3365 211 3399 τὰ
236 3368 318 3411 χρέα
347 3366 429 3400 CB⁸
459 3366 471 3409 11
499 3367 565 3409 μὲν
597 3379 655 3399 om.
685 3368 712 3399 C
736 3366 750 3409 11
777 3366 834 3405 εἰς]
867 3364 915 3398 ῶς
939 3366 969 3398 L
1000 3365 1012 3409 11
1040 3367 1085 3400 29
1106 3362 1158 3408 οὗ]
1192 3367 1241 3411 μὴ

172 3413 249 3445 Coit.
265 3414 305 3445 87
321 3423 411 3455 cap.;
437 3423 494 3444 om.
514 3412 579 3444 C'v.
595 3412 615 3444 l.
643 3411 655 3454 11
681 3412 723 3445 30
740 3411 788 3454 μὴ
807 3408 1010 3453 δυνηθῶσι]Ι
1032 3411 1177 3445 noluerit
1197 3424 1216 3448 ς
1231 3414 1242 3455 11

168 3459 205 3490 31
233 3458 300 3499 μὲν
324 3469 382 3490 om.
402 3457 452 3501 011
471 3453 542 3490 ὑπὸ
567 3456 645 3489 τῶν
665 3451 883 3502 ἁγιωτάτων
903 3457 1148 3500 πατριαρχῶν]
1173 3468 1241 3491 πα-

167 3502 347 3546 τριαρχῶν
367 3515 424 3535 om.
445 3503 493 3543 L,
525 3512 544 3534 a
566 3501 768 3544 sanctissimo
792 3502 981 3544 patriarcha
1004 3513 1023 3537 ς
1041 3501 1053 3545 11
1077 3503 1118 3536 33
1143 3499 1242 3536 ἄλλοι

171 3548 199 3580 C'
211 3559 229 3582 ς
242 3548 320 3588 Iul]
344 3561 401 3580 om.
417 3548 526 3580 MLB

239 3638 254 3670 1
281 3636 351 3669 fieri
375 3641 580 3670 contractum
598 3638 631 3670 R
657 3636 669 3680 11
694 3636 952 3677 ordinatoribus]
986 3638 1018 3668 et
1041 3637 1240 3670 ordinatori-

168 3681 230 3715 bus
250 3681 305 3726 Vll
323 3683 342 3716 2
365 3683 562 3725 praesentia]
588 3682 649 3715 sub
673 3681 858 3724 praesentia
883 3682 931 3715 R²
942 3680 993 3715 V2
1006 3681 1057 3714 T²
1087 3682 1123 3714 in
1146 3693 1240 3724 prae-

170 3726 276 3762 sentia
299 3728 384 3773 vulq.
402 3728 414 3773 11
432 3729 451 3763 3
468 3728 602 3762 amabili
623 3728 679 3772 Vn
697 3727 847 3771 episcopo
870 3727 918 3761 V¹
933 3726 946 3773 11
966 3729 985 3761 5
1002 3727 1239 3761 venerabilium

1310 2828 1378 2866 cet]
1406 2825 1496 2869 {lium
1519 2846 1560 2850 —-
1587 2829 1605 2859 7
1630 2828 1838 2859 monasteriis
1860 2827 1977 2870 prima!
2003 2841 2064 2861 scr.
2078 2828 2128 2861 R²
2149 2830 2180 2862 in
2193 2841 2259 2862 raa
2276 2830 2290 2863 1
2308 2842 2352 2862 vs.
2376 2828 2388 2874 11

1310 2872 1349 2903 de
1372 2873 1432 2905 del.
1451 2871 1498 2904 Τ2
1514 2870 1526 2915 11
1545 2873 1565 2904 6
1590 2875 1797 2904 contractum
1823 2874 1854 2906 T
1861 2873 1871 2892 ¹
1896 2876 2084 2906 contractus
2102 2874 2154 2907 Τ2
2178 2877 2295 2907 contra
2318 2876 2388 2918 V¹fl

1309 2916 1455 2949 afficitur
1470 2917 1521 2949 T¹
1539 2921 1550 2960 11
1570 2919 1587 2950 7
1607 2928 1684 2949 vero
1701 2918 1923 2959 monasteriis]
1948 2919 2198 2952 domonasteriis
2221 2921 2272 2953 T¹
2291 2919 2303 2964 11
2319 2921 2386 2962 pri-

1309 2962 1434 2994 marius
1458 2962 1547 2994 RT¹
1565 2963 1576 3004 11
1601 2964 1619 2996 8
1645 2963 1799 3005 ampliori
1820 2963 1938 2996 maiori
1960 2965 2004 3003 T;
2038 2966 2070 2997 et
2093 2964 2216 2997 maiore
2238 2967 2355 2999 seclusi
2376 2965 2387 3008 11

1309 3007 1528 3039 seruientium
1548 3007 1583 3040 V
1599 3007 1611 3050 11
1641 3009 1660 3040 9
1686 3008 1803 3040 effitiat
1826 3008 1949 3042 RVT¹
1975 3008 1986 3052 11
2009 3010 2203 3051 Praedictis]
2229 3010 2269 3042 In
2293 3020 2385 3052 prae-

1310 3052 1406 3084 dictis
1419 3053 1504 3095 vuly.
1517 3050 1529 3096 11
1545 3054 1583 3085 10
1598 3053 1854 3085 instrumentum
1866 3055 1922 3092 (id.
1933 3054 2021 3095 Iul.)]
2040 3056 2260 3087 instrumento
2270 3056 2363 3088 Beck
2375 3054 2386 3098 11

1313 3100 1352 3131 12
1378 3099 1463 3129 hanc
1490 3097 1522 3129 T
1536 3096 1547 3140 11
1564 3098 1827 3130 obseruationem
1849 3098 1911 3132 VT
1924 3098 1935 3141 11
1955 3100 1995 3131 13
2021 3100 2222 3140 huiusmodi]
2250 3101 2308 3143 leq.
2323 3100 2386 3132 hoc

1309 3142 1430 3174 modo?
1449 3141 1460 3186 11
1484 3141 1725 3183 *praecedente
1750 3144 1826 3176 libri
1842 3141 1854 3186 11
1877 3144 2111 3177 reuelationem
2125 3145 2159 3178 R
2183 3144 2385 3177 releuatione

1319 3189 1351 3220 V
1356 3188 1369 3208 ³
1402 3186 1563 3219 relatione
1591 3188 1639 3220 V¹
1655 3188 1687 3220 T
1710 3187 1723 3231 11
1753 3189 1795 3221 14
1819 3192 1910 3220 sexta
1934 3189 2038 3230 Beck]
2074 3199 2093 3220 a
2117 3192 2206 3222 sexta
2232 3191 2308 3223 libri
2329 3191 2384 3233 (cf.

1312 3234 1357 3265 ad
1372 3234 1426 3274 27)
1446 3232 1457 3275 11
1480 3234 1575 3273 quae]
1601 3242 1698 3273 quem
1723 3232 1814 3276 RTu
1832 3233 1867 3264 in
1889 3246 1947 3266 om.
1964 3234 2013 3266 T¹
2035 3236 2047 3277 11
2081 3237 2120 3268 15
2146 3235 2242 3267 detur
2268 3234 2325 3279 ΤΙΙ
2344 3237 2383 3269 17

1309 3278 1413 3320 posite
1437 3278 1504 3309 sint
1528 3278 1664 3309 ciuitate
1692 3278 1723 3310 Τ
1747 3281 1824 3309 sunt
1848 3279 1984 3311 ciuitate
2008 3279 2117 3321 posite
2140 3280 2173 3312 R
2189 3280 2200 3322 11
2220 3282 2267 3320 in]
2293 3283 2324 3312 et
2348 3280 2383 3312 in

1312 3323 1404 3355 Beck
1423 3321 1435 3366 11
1455 3324 1493 3356 18
1507 3321 1581 3353 Hoc
1594 3324 1678 3364 vuly.
1697 3322 1709 3365 11
1728 3324 1768 3356 20
1783 3324 1941 3364 quaedam
1954 3325 2051 3367 nula]
2074 3324 2208 3365 quidam
2227 3325 2291 3358 VT
2309 3326 2383 3366 qui-

1310 3369 1381 3399 dem
1407 3369 1438 3400 R
1457 3367 1468 3410 11
1494 3369 1536 3400 22
1560 3367 1695 3399 obnoxii
1717 3368 1779 3400 VT
1799 3368 1811 3412 11
1834 3370 1866 3400 et
1890 3369 2010 3402 om.R¹
2030 3368 2041 3413 11
2058 3380 2127 3402 esse
2151 3371 2182 3402 T
2203 3372 2213 3410 11
2239 3371 2281 3403 23
2307 3381 2383 3403 ean-

1309 3413 1380 3445 dem
1403 3413 1459 3455 VH
1475 3413 1582 3454 primo
1604 3413 1649 3452 V]
1675 3415 1707 3444 et
1730 3413 1836 3454 primo
1860 3414 1953 3457 RTn
1971 3415 2013 3447 26
2038 3425 2132 3455 quem
2153 3415 2201 3447 Β*
2221 3414 2289 3459 1127
2315 3426 2383 3447 am-

1309 3458 1396 3499 plius
1420 3470 1478 3490 om.
1494 3458 1540 3490 R¹
1573 3456 1585 3500 11
1612 3460 1739 3498 quarta]
1773 3469 1792 3490 a
1815 3460 1933 3499 quarta
1956 3459 2063 3492 12¹V¹
2093 3459 2104 3503 11
2132 3458 2291 3501 noluerit]
2315 3471 2382 3494 non

1310 3503 1455 3535 uoluerit
1470 3502 1519 3535 Τ2
1536 3502 1547 3544 11
1566 3503 1607 3535 28
1622 3505 1685 3543 eos]
1699 3514 1757 3545 per
1770 3514 1822 3535 eos
1835 3505 1938 3547 vul9.;
1963 3506 2028 3537 sed.
2044 3506 2085 3547 cf.
2100 3505 2177 3544 Iul„
2191 3507 2246 3538 ubi
2255 3507 2385 3540 Haenel

1311 3556 1421 3581 temere
1438 3549 1576 3580 correxit
1591 3557 1648 3589 per
1665 3559 1718 3580 eos
1736 3550 1811 3589 (vid.
1828 3550 1872 3581 ad
1889 3550 1965 3589 584,
1975 3551 2003 3590 3)
2023 3549 2034 3591 11
2052 3551 2093 3583 29
2111 3550 2168 3591 qui
2185 3553 2215 3591 a]
2234 3551 2314 3592 quia
2335 3551 2382 3584 V¹

1309 3594 1366 3634 qui
1391 3592 1438 3625 R¹
1455 3593 1466 3633 11
1486 3594 1527 3626 30
1552 3593 1619 3624 sint
1635 3593 1779 3635 episcopi
1796 3594 1829 3625 R
1846 3594 1857 3637 11
1876 3595 1914 3627 31
1938 3595 2176 3637 orphanotrofii
2194 3596 2227 3628 T
2241 3595 2252 3639 11
2268 3598 2381 3640 ptocoe

1309 3638 1419 3680 trophi
1443 3638 1476 3669 V
1494 3637 1705 3680 tochotrophi
1729 3639 1761 3671 R
1785 3640 1948 3680 protrohii
1975 3640 2007 3672 T
2021 3639 2032 3683 11
2049 3642 2107 3672 aut
2130 3641 2328 3674 scenodochi
2356 3642 2387 3676 V

1309 3686 1366 3716 aut
1390 3683 1604 3715 scenodochia
1630 3683 1671 3723 R,
1696 3696 1755 3717 om.
1771 3683 1887 3727 Τ1132
1912 3686 2099 3718 nosocomia
2121 3685 2171 3718 R¹
2201 3688 2380 3720 nosocomii

1310 3729 1410 3761 R²T²
1429 3727 1440 3772 11
1457 3730 1515 3761 aut
1540 3740 1597 3762 om.
1620 3728 1669 3762 V¹
