<?xml version="1.0" encoding="UTF-8"?>
<!DOCTYPE html PUBLIC "-//W3C//DTD XHTML 1.0 Transitional//EN"
    "http://www.w3.org/TR/xhtml1/DTD/xhtml1-transitional.dtd">
<html xmlns="http://www.w3.org/1999/xhtml" xml:lang="en" lang="en">
 <head>
  <title>
</title>
<meta http-equiv="Content-Type" content="text/html;charset=utf-8" />
  <meta name='ocr-system' content='tesseract 3.04.00' />
  <meta name='ocr-capabilities' content='ocr_page ocr_carea ocr_par ocr_line ocrx_word'/>
</head>
<body>
  <div class='ocr_page' id='page_1' title='image "./corpusiuriscivil03krueuoft_0683.png"; bbox 0 0 2586 3990; ppageno 0'>
   <div class='ocr_carea' id='block_1_1' title="bbox 199 136 666 169">
    <p class='ocr_par' dir='ltr' id='par_1_1' title="bbox 199 136 666 169">
     <span class='ocr_line' id='line_1_1' title="bbox 199 136 666 169; baseline 0 -1"><span class='ocrx_word' id='word_1_1' title='bbox 199 137 379 169; x_wconf 85' lang='lat' dir='ltr'>MILITES</span> <span class='ocrx_word' id='word_1_2' title='bbox 409 136 666 169; x_wconf 83' lang='lat' dir='ltr'><em>TRANSITUM</em></span> 
     </span>
    </p>
   </div>
   <div class='ocr_carea' id='block_1_2' title="bbox 192 235 1282 652">
    <p class='ocr_par' dir='ltr' id='par_1_2' title="bbox 192 235 1282 652">
     <span class='ocr_line' id='line_1_2' title="bbox 194 235 1278 294; baseline 0 -24"><span class='ocrx_word' id='word_1_3' title='bbox 194 239 255 271; x_wconf 82' lang='grc' dir='ltr'>καὶ</span> <span class='ocrx_word' id='word_1_4' title='bbox 273 237 483 282; x_wconf 82' lang='grc' dir='ltr'><em>ἑτοιμασιάν</em></span> <span class='ocrx_word' id='word_1_5' title='bbox 504 239 621 271; x_wconf 86' lang='grc' dir='ltr'><em>ποιεῖν</em></span> <span class='ocrx_word' id='word_1_6' title='bbox 641 238 718 272; x_wconf 75' lang='grc' dir='ltr'>τῶν</span> <span class='ocrx_word' id='word_1_7' title='bbox 738 235 1022 294; x_wconf 78' lang='grc' dir='ltr'><em>δαπανημάτων,</em></span> <span class='ocrx_word' id='word_1_8' title='bbox 1048 240 1107 272; x_wconf 82' lang='grc' dir='ltr'>καὶ</span> <span class='ocrx_word' id='word_1_9' title='bbox 1121 236 1171 282; x_wconf 83' lang='grc' dir='ltr'><em>μὴ</em></span> <span class='ocrx_word' id='word_1_10' title='bbox 1190 240 1278 281; x_wconf 83' lang='grc' dir='ltr'><em>πέμ-</em></span> 
     </span>
     <span class='ocr_line' id='line_1_3' title="bbox 196 280 1282 328; baseline -0.001 -12"><span class='ocrx_word' id='word_1_11' title='bbox 196 293 278 316; x_wconf 86' lang='grc' dir='ltr'><em>πειν</em></span> <span class='ocrx_word' id='word_1_12' title='bbox 298 283 344 316; x_wconf 86' lang='grc' dir='ltr'>εἰς</span> <span class='ocrx_word' id='word_1_13' title='bbox 365 283 485 327; x_wconf 79' lang='grc' dir='ltr'><em>ἑτέρας</em></span> <span class='ocrx_word' id='word_1_14' title='bbox 509 280 630 316; x_wconf 89' lang='grc' dir='ltr'><em>πόλεις</em></span> <span class='ocrx_word' id='word_1_15' title='bbox 653 282 676 326; x_wconf 81' lang='grc' dir='ltr'><em>ἢ</em></span> <span class='ocrx_word' id='word_1_16' title='bbox 700 282 836 327; x_wconf 77' lang='grc' dir='ltr'><em>κτήσεις</em></span> <span class='ocrx_word' id='word_1_17' title='bbox 860 298 881 327; x_wconf 86' lang='grc' dir='ltr'><em>η</em></span> <span class='ocrx_word' id='word_1_18' title='bbox 904 287 1029 328; x_wconf 82' lang='grc' dir='ltr'><em>χωρία,</em></span> <span class='ocrx_word' id='word_1_19' title='bbox 1055 281 1103 317; x_wconf 68' lang='lat' dir='ltr'>ais</span> <span class='ocrx_word' id='word_1_20' title='bbox 1123 280 1166 326; x_wconf 82' lang='grc' dir='ltr'><em>δὴ</em></span> <span class='ocrx_word' id='word_1_21' title='bbox 1185 280 1282 327; x_wconf 78' lang='grc' dir='ltr'><em>ὄφει-</em></span> 
     </span>
     <span class='ocr_line' id='line_1_4' title="bbox 195 325 1281 384; baseline 0.001 -24"><span class='ocrx_word' id='word_1_22' title='bbox 195 325 340 361; x_wconf 88' lang='grc' dir='ltr'><em>λόντων</em></span> <span class='ocrx_word' id='word_1_23' title='bbox 369 329 446 361; x_wconf 80' lang='grc' dir='ltr'>τῶν</span> <span class='ocrx_word' id='word_1_24' title='bbox 477 329 541 361; x_wconf 82' lang='grc' dir='ltr'>τοῦ</span> <span class='ocrx_word' id='word_1_25' title='bbox 565 328 830 373; x_wconf 73' lang='grc' dir='ltr'><em>στρατεύματος</em></span> <span class='ocrx_word' id='word_1_26' title='bbox 857 331 968 363; x_wconf 82' lang='grc' dir='ltr'><strong><em>ἐκεῖσε</em></strong></span> <span class='ocrx_word' id='word_1_27' title='bbox 990 331 1127 384; x_wconf 82' lang='grc' dir='ltr'><em>μεῖναι,</em></span> <span class='ocrx_word' id='word_1_28' title='bbox 1159 331 1219 361; x_wconf 83' lang='grc' dir='ltr'>καὶ</span> <span class='ocrx_word' id='word_1_29' title='bbox 1243 329 1281 361; x_wconf 79' lang='grc' dir='ltr'>ἐκ</span> 
     </span>
     <span class='ocr_line' id='line_1_5' title="bbox 195 370 1282 419; baseline 0 -14"><span class='ocrx_word' id='word_1_30' title='bbox 195 372 324 406; x_wconf 79' lang='grc' dir='ltr'><em>τούτου</em></span> <span class='ocrx_word' id='word_1_31' title='bbox 349 370 599 418; x_wconf 73' lang='grc' dir='ltr'><em>ἀργυρολογεῖν</em></span> <span class='ocrx_word' id='word_1_32' title='bbox 623 374 687 407; x_wconf 86' lang='grc' dir='ltr'>τὰς</span> <span class='ocrx_word' id='word_1_33' title='bbox 711 374 850 417; x_wconf 76' lang='grc' dir='ltr'><strong><em>κτήσεις</em></strong></span> <span class='ocrx_word' id='word_1_34' title='bbox 874 378 933 408; x_wconf 83' lang='grc' dir='ltr'>καὶ</span> <span class='ocrx_word' id='word_1_35' title='bbox 956 387 1003 408; x_wconf 92' lang='grc' dir='ltr'>τα</span> <span class='ocrx_word' id='word_1_36' title='bbox 1025 377 1150 419; x_wconf 86' lang='grc' dir='ltr'><em>χωρία.</em></span> <span class='ocrx_word' id='word_1_37' title='bbox 1195 373 1226 406; x_wconf 86' lang='grc' dir='ltr'>εἰ</span> <span class='ocrx_word' id='word_1_38' title='bbox 1243 371 1282 406; x_wconf 75' lang='grc' dir='ltr'><em>δὲ</em></span> 
     </span>
     <span class='ocr_line' id='line_1_6' title="bbox 195 414 1280 462; baseline 0.003 -14"><span class='ocrx_word' id='word_1_39' title='bbox 195 415 319 460; x_wconf 78' lang='grc' dir='ltr'><em>λαβεῖν</em></span> <span class='ocrx_word' id='word_1_40' title='bbox 342 430 377 450; x_wconf 88' lang='grc' dir='ltr'>τι</span> <span class='ocrx_word' id='word_1_41' title='bbox 398 414 488 461; x_wconf 73' lang='grc' dir='ltr'><em>’ὑπὲρ</em></span> <span class='ocrx_word' id='word_1_42' title='bbox 505 415 636 452; x_wconf 77' lang='grc' dir='ltr'><em>τούτου</em></span> <span class='ocrx_word' id='word_1_43' title='bbox 653 418 881 462; x_wconf 69' lang='grc' dir='ltr'><em>τολμήσουσι,</em></span> <span class='ocrx_word' id='word_1_44' title='bbox 899 418 1090 462; x_wconf 75' lang='grc' dir='ltr'><em>κελεύομεν</em></span> <span class='ocrx_word' id='word_1_45' title='bbox 1107 421 1166 452; x_wconf 84' lang='grc' dir='ltr'>καὶ</span> <span class='ocrx_word' id='word_1_46' title='bbox 1183 414 1280 452; x_wconf 73' lang='grc' dir='ltr'><em>οὕτω</em></span> 
     </span>
     <span class='ocr_line' id='line_1_7' title="bbox 193 462 1281 510; baseline 0.003 -17"><span class='ocrx_word' id='word_1_47' title='bbox 193 464 260 505; x_wconf 83' lang='grc' dir='ltr'>μὲν</span> <span class='ocrx_word' id='word_1_48' title='bbox 292 462 360 504; x_wconf 76' lang='grc' dir='ltr'>την</span> <span class='ocrx_word' id='word_1_49' title='bbox 385 463 572 507; x_wconf 71' lang='grc' dir='ltr'>εἰρημένην</span> <span class='ocrx_word' id='word_1_50' title='bbox 602 464 737 509; x_wconf 78' lang='grc' dir='ltr'><em>πρᾶξιν</em></span> <span class='ocrx_word' id='word_1_51' title='bbox 768 465 940 510; x_wconf 67' lang='grc' dir='ltr'><em>γίνεσθαι</em></span> <span class='ocrx_word' id='word_1_52' title='bbox 965 462 1147 506; x_wconf 77' lang='grc' dir='ltr'>δηλοῦσαν</span> <span class='ocrx_word' id='word_1_53' title='bbox 1175 463 1217 497; x_wconf 87' lang='grc' dir='ltr'>τό</span> <span class='ocrx_word' id='word_1_54' title='bbox 1242 476 1281 496; x_wconf 87' lang='grc' dir='ltr'>τε</span> 
     </span>
     <span class='ocr_line' id='line_1_8' title="bbox 195 505 1280 555; baseline 0.001 -15"><span class='ocrx_word' id='word_1_55' title='bbox 195 505 308 540; x_wconf 68' lang='grc' dir='ltr'><em>δοθὲν</em></span> <span class='ocrx_word' id='word_1_56' title='bbox 339 510 399 540; x_wconf 79' lang='grc' dir='ltr'>καὶ</span> <span class='ocrx_word' id='word_1_57' title='bbox 431 511 504 541; x_wconf 85' lang='grc' dir='ltr'><em>τίνι</em></span> <span class='ocrx_word' id='word_1_58' title='bbox 537 506 699 550; x_wconf 72' lang='grc' dir='ltr'><em>δέδοται,</em></span> <span class='ocrx_word' id='word_1_59' title='bbox 737 508 947 555; x_wconf 70' lang='grc' dir='ltr'><em>λογίζεσθαι</em></span> <span class='ocrx_word' id='word_1_60' title='bbox 979 507 1018 542; x_wconf 79' lang='grc' dir='ltr'><em>δὲ</em></span> <span class='ocrx_word' id='word_1_61' title='bbox 1046 512 1118 543; x_wconf 83' lang='grc' dir='ltr'><em>τοῖς</em></span> <span class='ocrx_word' id='word_1_62' title='bbox 1150 510 1280 552; x_wconf 80' lang='grc' dir='ltr'><em>ζημιω-</em></span> 
     </span>
     <span class='ocr_line' id='line_1_9' title="bbox 194 551 1280 599; baseline 0 -14"><span class='ocrx_word' id='word_1_63' title='bbox 194 552 293 585; x_wconf 73' lang='grc' dir='ltr'><em>θεῖσι</em></span> <span class='ocrx_word' id='word_1_64' title='bbox 322 552 421 597; x_wconf 84' lang='grc' dir='ltr'><em>παρὰ</em></span> <span class='ocrx_word' id='word_1_65' title='bbox 444 553 506 595; x_wconf 77' lang='grc' dir='ltr'>τῆς</span> <span class='ocrx_word' id='word_1_66' title='bbox 530 554 591 596; x_wconf 79' lang='grc' dir='ltr'>σῆς</span> <span class='ocrx_word' id='word_1_67' title='bbox 617 552 848 597; x_wconf 79' lang='grc' dir='ltr'><em>ἐνδοξότητος</em></span> <span class='ocrx_word' id='word_1_68' title='bbox 879 551 902 597; x_wconf 74' lang='grc' dir='ltr'><em>ἢ</em></span> <span class='ocrx_word' id='word_1_69' title='bbox 931 554 1157 599; x_wconf 74' lang='grc' dir='ltr'><em>παρέχεσθαι</em></span> <span class='ocrx_word' id='word_1_70' title='bbox 1188 553 1280 586; x_wconf 85' lang='grc' dir='ltr'><em>κατὰ</em></span> 
     </span>
     <span class='ocr_line' id='line_1_10' title="bbox 192 593 1278 652; baseline 0.001 -23"><span class='ocrx_word' id='word_1_71' title='bbox 192 596 260 630; x_wconf 87' lang='grc' dir='ltr'>τὸν</span> <span class='ocrx_word' id='word_1_72' title='bbox 284 593 457 651; x_wconf 71' lang='grc' dir='ltr'><em>ἀνωτέρω</em></span> <span class='ocrx_word' id='word_1_73' title='bbox 482 595 568 652; x_wconf 67' lang='grc' dir='ltr'><em>ἡμῖν</em></span> <span class='ocrx_word' id='word_1_74' title='bbox 592 600 778 644; x_wconf 76' lang='grc' dir='ltr'><em>εἰρημένον</em></span> <span class='ocrx_word' id='word_1_75' title='bbox 801 598 940 644; x_wconf 83' lang='grc' dir='ltr'><em>τρόπον</em></span> <span class='ocrx_word' id='word_1_76' title='bbox 965 599 1089 633; x_wconf 87' lang='grc' dir='ltr'><em>πάντα</em></span> <span class='ocrx_word' id='word_1_77' title='bbox 1123 595 1192 632; x_wconf 74' lang='grc' dir='ltr'>ὅσα</span> <span class='ocrx_word' id='word_1_78' title='bbox 1218 596 1278 631; x_wconf 84' lang='grc' dir='ltr'>διὰ</span> 
     </span>
    </p>
   </div>
   <div class='ocr_carea' id='block_1_3' title="bbox 1277 122 1361 169">
    <p class='ocr_par' dir='ltr' id='par_1_3' title="bbox 1277 122 1361 169">
     <span class='ocr_line' id='line_1_11' title="bbox 1277 122 1361 169; baseline 0 -1"><span class='ocrx_word' id='word_1_79' title='bbox 1277 122 1361 169; x_wconf 83' lang='grc'>653</span> 
     </span>
    </p>
   </div>
   <div class='ocr_carea' id='block_1_4' title="bbox 2015 126 2439 170">
    <p class='ocr_par' dir='ltr' id='par_1_4' title="bbox 2015 126 2439 170">
     <span class='ocr_line' id='line_1_12' title="bbox 2015 126 2439 170; baseline -0.005 -1"><span class='ocrx_word' id='word_1_80' title='bbox 2015 126 2053 168; x_wconf 85' lang='grc' dir='ltr'>Ν</span> <span class='ocrx_word' id='word_1_81' title='bbox 2056 140 2121 170; x_wconf 87' lang='lat' dir='ltr'>ov.</span> <span class='ocrx_word' id='word_1_82' title='bbox 2139 126 2298 170; x_wconf 84' lang='lat' dir='ltr'>CXXX</span> <span class='ocrx_word' id='word_1_83' title='bbox 2330 127 2439 167; x_wconf 80' lang='lat'>6--9</span> 
     </span>
    </p>
   </div>
   <div class='ocr_carea' id='block_1_5' title="bbox 1350 237 2440 418">
    <p class='ocr_par' dir='ltr' id='par_1_5' title="bbox 1350 237 2440 418">
     <span class='ocr_line' id='line_1_13' title="bbox 1350 237 2440 281; baseline 0 -10"><span class='ocrx_word' id='word_1_84' title='bbox 1350 247 1605 281; x_wconf 85' lang='lat' dir='ltr'>expensarum,</span> <span class='ocrx_word' id='word_1_85' title='bbox 1639 238 1676 273; x_wconf 89' lang='lat' dir='ltr'>et</span> <span class='ocrx_word' id='word_1_86' title='bbox 1706 247 1779 272; x_wconf 89' lang='lat' dir='ltr'>non</span> <span class='ocrx_word' id='word_1_87' title='bbox 1810 237 1948 272; x_wconf 88' lang='lat' dir='ltr'>mittere</span> <span class='ocrx_word' id='word_1_88' title='bbox 1981 238 2026 274; x_wconf 91' lang='lat' dir='ltr'>ad</span> <span class='ocrx_word' id='word_1_89' title='bbox 2059 237 2148 273; x_wconf 88' lang='lat' dir='ltr'>alias</span> <span class='ocrx_word' id='word_1_90' title='bbox 2182 237 2344 273; x_wconf 82' lang='lat' dir='ltr'>civitates</span> <span class='ocrx_word' id='word_1_91' title='bbox 2376 239 2440 272; x_wconf 90' lang='lat' dir='ltr'>aut</span> 
     </span>
     <span class='ocr_line' id='line_1_14' title="bbox 1352 282 2440 327; baseline -0.001 -10"><span class='ocrx_word' id='word_1_92' title='bbox 1352 283 1595 326; x_wconf 82' lang='lat' dir='ltr'>possessiones</span> <span class='ocrx_word' id='word_1_93' title='bbox 1620 285 1683 318; x_wconf 88' lang='lat' dir='ltr'>aut</span> <span class='ocrx_word' id='word_1_94' title='bbox 1705 282 1863 327; x_wconf 86' lang='lat' dir='ltr'>praedia,</span> <span class='ocrx_word' id='word_1_95' title='bbox 1899 284 2000 326; x_wconf 83' lang='lat' dir='ltr'>quasi</span> <span class='ocrx_word' id='word_1_96' title='bbox 2026 283 2155 318; x_wconf 88' lang='lat' dir='ltr'>debeat</span> <span class='ocrx_word' id='word_1_97' title='bbox 2187 282 2364 318; x_wconf 85' lang='lat' dir='ltr'>exercitus</span> <span class='ocrx_word' id='word_1_98' title='bbox 2390 282 2440 317; x_wconf 89' lang='lat' dir='ltr'>ibi</span> 
     </span>
     <span class='ocr_line' id='line_1_15' title="bbox 1351 328 2438 372; baseline 0.001 -11"><span class='ocrx_word' id='word_1_99' title='bbox 1351 337 1503 368; x_wconf 86' lang='lat' dir='ltr'>manere,</span> <span class='ocrx_word' id='word_1_100' title='bbox 1530 332 1564 362; x_wconf 89' lang='lat' dir='ltr'>et</span> <span class='ocrx_word' id='word_1_101' title='bbox 1589 339 1634 363; x_wconf 83' lang='lat' dir='ltr'>ex</span> <span class='ocrx_word' id='word_1_102' title='bbox 1658 328 1725 363; x_wconf 88' lang='lat' dir='ltr'>hoc</span> <span class='ocrx_word' id='word_1_103' title='bbox 1749 328 1921 372; x_wconf 83' lang='lat' dir='ltr'>pecunias</span> <span class='ocrx_word' id='word_1_104' title='bbox 1947 329 2109 372; x_wconf 85' lang='lat' dir='ltr'>accipere</span> <span class='ocrx_word' id='word_1_105' title='bbox 2134 328 2178 363; x_wconf 92' lang='lat' dir='ltr'>de</span> <span class='ocrx_word' id='word_1_106' title='bbox 2202 328 2438 372; x_wconf 87' lang='lat' dir='ltr'>possessioni-</span> 
     </span>
     <span class='ocr_line' id='line_1_16' title="bbox 1351 372 2438 418; baseline 0 -11"><span class='ocrx_word' id='word_1_107' title='bbox 1351 372 1417 407; x_wconf 88' lang='lat' dir='ltr'>bus</span> <span class='ocrx_word' id='word_1_108' title='bbox 1454 376 1489 407; x_wconf 88' lang='lat' dir='ltr'>et</span> <span class='ocrx_word' id='word_1_109' title='bbox 1521 373 1622 408; x_wconf 89' lang='lat' dir='ltr'>villis.</span> <span class='ocrx_word' id='word_1_110' title='bbox 1673 373 1710 408; x_wconf 88' lang='lat' dir='ltr'>Si</span> <span class='ocrx_word' id='word_1_111' title='bbox 1746 376 1865 408; x_wconf 83' lang='lat' dir='ltr'>autem</span> <span class='ocrx_word' id='word_1_112' title='bbox 1902 374 2063 418; x_wconf 86' lang='lat' dir='ltr'>accipere</span> <span class='ocrx_word' id='word_1_113' title='bbox 2099 373 2232 417; x_wconf 85' lang='lat' dir='ltr'>aliquid</span> <span class='ocrx_word' id='word_1_114' title='bbox 2267 384 2333 418; x_wconf 89' lang='lat' dir='ltr'>pro</span> <span class='ocrx_word' id='word_1_115' title='bbox 2369 373 2438 407; x_wconf 91' lang='lat' dir='ltr'>hoc</span> 
     </span>
    </p>
   </div>
   <div class='ocr_carea' id='block_1_6' title="bbox 1318 418 2439 463">
    <p class='ocr_par' dir='ltr' id='par_1_6' title="bbox 1318 418 2439 463">
     <span class='ocr_line' id='line_1_17' title="bbox 1318 418 2439 463; baseline 0.001 -12"><span class='ocrx_word' id='word_1_116' title='bbox 1318 419 1647 462; x_wconf 68' lang='lat' dir='ltr'>Spraesumpserit‚</span> <span class='ocrx_word' id='word_1_117' title='bbox 1680 419 1842 453; x_wconf 87' lang='lat' dir='ltr'>iubemus</span> <span class='ocrx_word' id='word_1_118' title='bbox 1866 418 1971 453; x_wconf 87' lang='lat' dir='ltr'>etiam</span> <span class='ocrx_word' id='word_1_119' title='bbox 2002 419 2053 454; x_wconf 88' lang='lat' dir='ltr'>sic</span> <span class='ocrx_word' id='word_1_120' title='bbox 2079 419 2218 463; x_wconf 84' lang='lat' dir='ltr'>quidem</span> <span class='ocrx_word' id='word_1_121' title='bbox 2243 421 2439 453; x_wconf 84' lang='lat' dir='ltr'>memorata</span> 
     </span>
    </p>
   </div>
   <div class='ocr_carea' id='block_1_7' title="bbox 1349 463 2438 643">
    <p class='ocr_par' dir='ltr' id='par_1_7' title="bbox 1349 463 2438 643">
     <span class='ocr_line' id='line_1_18' title="bbox 1350 463 2438 506; baseline 0 -9"><span class='ocrx_word' id='word_1_122' title='bbox 1350 467 1450 506; x_wconf 83' lang='lat' dir='ltr'>gesta</span> <span class='ocrx_word' id='word_1_123' title='bbox 1474 463 1549 498; x_wconf 89' lang='lat' dir='ltr'>fieri</span> <span class='ocrx_word' id='word_1_124' title='bbox 1574 463 1810 506; x_wconf 83' lang='lat' dir='ltr'>significantia</span> <span class='ocrx_word' id='word_1_125' title='bbox 1836 467 1872 498; x_wconf 88' lang='lat' dir='ltr'>et</span> <span class='ocrx_word' id='word_1_126' title='bbox 1896 464 1988 498; x_wconf 88' lang='lat' dir='ltr'>unde</span> <span class='ocrx_word' id='word_1_127' title='bbox 2014 466 2050 498; x_wconf 92' lang='lat' dir='ltr'>et</span> <span class='ocrx_word' id='word_1_128' title='bbox 2075 464 2134 499; x_wconf 89' lang='lat' dir='ltr'>cui</span> <span class='ocrx_word' id='word_1_129' title='bbox 2159 464 2280 498; x_wconf 86' lang='lat' dir='ltr'>datum</span> <span class='ocrx_word' id='word_1_130' title='bbox 2304 466 2369 505; x_wconf 86' lang='lat' dir='ltr'>est,</span> <span class='ocrx_word' id='word_1_131' title='bbox 2403 467 2438 497; x_wconf 90' lang='lat' dir='ltr'>et</span> 
     </span>
     <span class='ocr_line' id='line_1_19' title="bbox 1351 508 2436 552; baseline 0.001 -11"><span class='ocrx_word' id='word_1_132' title='bbox 1351 508 1514 552; x_wconf 87' lang='lat' dir='ltr'>reputari</span> <span class='ocrx_word' id='word_1_133' title='bbox 1543 509 1778 543; x_wconf 85' lang='lat' dir='ltr'>damnificatis</span> <span class='ocrx_word' id='word_1_134' title='bbox 1813 518 1835 542; x_wconf 84' lang='lat' dir='ltr'>a</span> <span class='ocrx_word' id='word_1_135' title='bbox 1866 511 1929 543; x_wconf 86' lang='lat' dir='ltr'>tua</span> <span class='ocrx_word' id='word_1_136' title='bbox 1952 509 2066 552; x_wconf 85' lang='lat' dir='ltr'>gloria</span> <span class='ocrx_word' id='word_1_137' title='bbox 2098 510 2162 542; x_wconf 86' lang='lat' dir='ltr'>aut</span> <span class='ocrx_word' id='word_1_138' title='bbox 2194 508 2356 552; x_wconf 84' lang='lat' dir='ltr'>praeberi</span> <span class='ocrx_word' id='word_1_139' title='bbox 2382 517 2436 542; x_wconf 90' lang='lat' dir='ltr'>se-</span> 
     </span>
     <span class='ocr_line' id='line_1_20' title="bbox 1352 553 2437 598; baseline 0.001 -11"><span class='ocrx_word' id='word_1_140' title='bbox 1352 553 1506 587; x_wconf 91' lang='lat' dir='ltr'>cundum</span> <span class='ocrx_word' id='word_1_141' title='bbox 1538 554 1758 598; x_wconf 87' lang='lat' dir='ltr'>praedictum</span> <span class='ocrx_word' id='word_1_142' title='bbox 1789 553 1933 588; x_wconf 91' lang='lat' dir='ltr'>modum</span> <span class='ocrx_word' id='word_1_143' title='bbox 1965 554 2084 589; x_wconf 90' lang='lat' dir='ltr'>omnia</span> <span class='ocrx_word' id='word_1_144' title='bbox 2116 564 2207 597; x_wconf 91' lang='lat' dir='ltr'>quae</span> <span class='ocrx_word' id='word_1_145' title='bbox 2236 563 2279 587; x_wconf 84' lang='lat' dir='ltr'>ex</span> <span class='ocrx_word' id='word_1_146' title='bbox 2303 553 2437 588; x_wconf 84' lang='lat' dir='ltr'>talibus</span> 
     </span>
     <span class='ocr_line' id='line_1_21' title="bbox 1349 598 2435 643; baseline 0 -11"><span class='ocrx_word' id='word_1_147' title='bbox 1349 598 1458 640; x_wconf 86' lang='lat' dir='ltr'>gestis</span> <span class='ocrx_word' id='word_1_148' title='bbox 1484 598 1738 643; x_wconf 85' lang='lat' dir='ltr'>significantur,</span> <span class='ocrx_word' id='word_1_149' title='bbox 1768 598 1950 643; x_wconf 82' lang='lat' dir='ltr'><strong>principes</strong></span> <span class='ocrx_word' id='word_1_150' title='bbox 1975 603 2093 633; x_wconf 88' lang='lat' dir='ltr'>autem</span> <span class='ocrx_word' id='word_1_151' title='bbox 2118 598 2263 632; x_wconf 80' lang='lat' dir='ltr'>militiae</span> <span class='ocrx_word' id='word_1_152' title='bbox 2288 600 2324 633; x_wconf 90' lang='lat' dir='ltr'>et</span> <span class='ocrx_word' id='word_1_153' title='bbox 2348 608 2435 641; x_wconf 92' lang='lat' dir='ltr'>quo-</span> 
     </span>
    </p>
   </div>
   <div class='ocr_carea' id='block_1_8' title="bbox 192 642 2435 699">
    <p class='ocr_par' dir='ltr' id='par_1_8' title="bbox 192 642 2435 699">
     <span class='ocr_line' id='line_1_22' title="bbox 192 642 2435 699; baseline 0.001 -25"><span class='ocrx_word' id='word_1_154' title='bbox 192 642 255 695; x_wconf 63' lang='grc' dir='ltr'>τῆς</span> <span class='ocrx_word' id='word_1_155' title='bbox 273 654 441 694; x_wconf 69' lang='grc' dir='ltr'><em>τοιαυτης</em></span> <span class='ocrx_word' id='word_1_156' title='bbox 461 644 624 688; x_wconf 75' lang='grc' dir='ltr'><em>πραξεως</em></span> <span class='ocrx_word' id='word_1_157' title='bbox 650 643 844 699; x_wconf 66' lang='grc' dir='ltr'><em>δηλωθείη,</em></span> <span class='ocrx_word' id='word_1_158' title='bbox 869 645 950 698; x_wconf 62' lang='grc' dir='ltr'><em>τοὺς</em></span> <span class='ocrx_word' id='word_1_159' title='bbox 971 642 1010 677; x_wconf 82' lang='grc' dir='ltr'><em>δὲ</em></span> <span class='ocrx_word' id='word_1_160' title='bbox 1030 644 1195 689; x_wconf 77' lang='grc' dir='ltr'><em>ἐξάρχους</em></span> <span class='ocrx_word' id='word_1_161' title='bbox 1219 646 1279 675; x_wconf 84' lang='grc' dir='ltr'>καὶ</span> <span class='ocrx_word' id='word_1_162' title='bbox 1295 645 1335 677; x_wconf 83' lang='grc'>10</span> <span class='ocrx_word' id='word_1_163' title='bbox 1350 653 1499 687; x_wconf 89' lang='lat' dir='ltr'>cumque</span> <span class='ocrx_word' id='word_1_164' title='bbox 1529 644 1633 678; x_wconf 91' lang='lat' dir='ltr'>modo</span> <span class='ocrx_word' id='word_1_165' title='bbox 1664 643 1842 678; x_wconf 86' lang='lat' dir='ltr'>diasostas</span> <span class='ocrx_word' id='word_1_166' title='bbox 1874 643 1987 678; x_wconf 83' lang='lat' dir='ltr'>nostri</span> <span class='ocrx_word' id='word_1_167' title='bbox 2019 644 2195 678; x_wconf 86' lang='lat' dir='ltr'>exercitus</span> <span class='ocrx_word' id='word_1_168' title='bbox 2228 645 2264 678; x_wconf 87' lang='lat' dir='ltr'>et</span> <span class='ocrx_word' id='word_1_169' title='bbox 2296 643 2435 685; x_wconf 86' lang='lat' dir='ltr'>delega-</span> 
     </span>
    </p>
   </div>
   <div class='ocr_carea' id='block_1_9' title="bbox 190 688 1278 870">
    <p class='ocr_par' dir='ltr' id='par_1_9' title="bbox 190 688 1278 870">
     <span class='ocr_line' id='line_1_23' title="bbox 191 688 1278 734; baseline 0.001 -15"><span class='ocrx_word' id='word_1_170' title='bbox 191 699 273 720; x_wconf 87' lang='grc' dir='ltr'><em>τους</em></span> <span class='ocrx_word' id='word_1_171' title='bbox 310 689 477 722; x_wconf 80' lang='grc' dir='ltr'><em>οπωςοῦν</em></span> <span class='ocrx_word' id='word_1_172' title='bbox 514 688 759 731; x_wconf 66' lang='grc' dir='ltr'>διασῴζοντας</span> <span class='ocrx_word' id='word_1_173' title='bbox 793 703 834 723; x_wconf 92' lang='grc' dir='ltr'>το</span> <span class='ocrx_word' id='word_1_174' title='bbox 868 692 1040 734; x_wconf 77' lang='grc' dir='ltr'><em>ημέτερον</em></span> <span class='ocrx_word' id='word_1_175' title='bbox 1075 689 1278 733; x_wconf 79' lang='grc' dir='ltr'><em>στράτευμα</em></span> 
     </span>
     <span class='ocr_line' id='line_1_24' title="bbox 191 731 1278 782; baseline 0.001 -18"><span class='ocrx_word' id='word_1_176' title='bbox 191 734 251 782; x_wconf 62' lang='grc' dir='ltr'>κάὶ</span> <span class='ocrx_word' id='word_1_177' title='bbox 275 732 357 765; x_wconf 76' lang='grc' dir='ltr'><em>τοὺς</em></span> <span class='ocrx_word' id='word_1_178' title='bbox 382 733 604 777; x_wconf 71' lang='lat' dir='ltr'>delegatoras</span> <span class='ocrx_word' id='word_1_179' title='bbox 637 737 676 768; x_wconf 81' lang='grc' dir='ltr'>ἐν</span> <span class='ocrx_word' id='word_1_180' title='bbox 702 733 907 769; x_wconf 80' lang='grc' dir='ltr'><em>διπλασίονι</em></span> <span class='ocrx_word' id='word_1_181' title='bbox 938 731 1115 775; x_wconf 84' lang='grc' dir='ltr'><em>ποσότητι</em></span> <span class='ocrx_word' id='word_1_182' title='bbox 1151 732 1278 767; x_wconf 79' lang='grc' dir='ltr'><em>δοῦναι</em></span> 
     </span>
     <span class='ocr_line' id='line_1_25' title="bbox 193 772 1276 823; baseline 0.003 -15"><span class='ocrx_word' id='word_1_183' title='bbox 193 772 286 821; x_wconf 85' lang='grc' dir='ltr'><em>ἁπερ</em></span> <span class='ocrx_word' id='word_1_184' title='bbox 310 776 435 821; x_wconf 81' lang='grc' dir='ltr'><em>λαβεῖν</em></span> <span class='ocrx_word' id='word_1_185' title='bbox 460 776 702 823; x_wconf 78' lang='grc' dir='ltr'><em>τολμήσουσιν</em></span> <span class='ocrx_word' id='word_1_186' title='bbox 734 777 803 813; x_wconf 79' lang='grc' dir='ltr'><em>ὑπὲ</em></span> <span class='ocrx_word' id='word_1_187' title='bbox 848 777 986 820; x_wconf 80' lang='grc' dir='ltr'><em>τούτου,</em></span> <span class='ocrx_word' id='word_1_188' title='bbox 1019 779 1101 813; x_wconf 74' lang='grc' dir='ltr'><em>τοὺς</em></span> <span class='ocrx_word' id='word_1_189' title='bbox 1130 776 1169 812; x_wconf 79' lang='grc' dir='ltr'><em>δὲ</em></span> <span class='ocrx_word' id='word_1_190' title='bbox 1192 790 1276 822; x_wconf 84' lang='grc' dir='ltr'><em>προ-</em></span> 
     </span>
     <span class='ocr_line' id='line_1_26' title="bbox 190 793 1152 870; baseline 0.003 -16"><span class='ocrx_word' id='word_1_191' title='bbox 190 821 395 867; x_wconf 80' lang='grc' dir='ltr'><em>μητοῖτορας</em></span> <span class='ocrx_word' id='word_1_192' title='bbox 419 827 477 857; x_wconf 82' lang='grc' dir='ltr'>καὶ</span> <span class='ocrx_word' id='word_1_193' title='bbox 502 828 676 870; x_wconf 79' lang='grc' dir='ltr'><em>τιμωρίας</em></span> <span class='ocrx_word' id='word_1_194' title='bbox 700 827 759 858; x_wconf 86' lang='grc' dir='ltr'>καὶ</span> <span class='ocrx_word' id='word_1_195' title='bbox 783 793 926 870; x_wconf 59' lang='grc' dir='ltr'><em>ἐξοριάν</em></span> <span class='ocrx_word' id='word_1_196' title='bbox 951 822 1152 868; x_wconf 75' lang='grc' dir='ltr'><em>ὑπομένειν.</em></span> 
     </span>
    </p>
   </div>
   <div class='ocr_carea' id='block_1_10' title="bbox 1348 688 2435 815">
    <p class='ocr_par' dir='ltr' id='par_1_10' title="bbox 1348 688 2435 815">
     <span class='ocr_line' id='line_1_27' title="bbox 1348 688 2435 733; baseline -0.001 -11"><span class='ocrx_word' id='word_1_197' title='bbox 1348 692 1443 724; x_wconf 86' lang='lat' dir='ltr'>tores</span> <span class='ocrx_word' id='word_1_198' title='bbox 1474 689 1509 722; x_wconf 92' lang='lat' dir='ltr'>in</span> <span class='ocrx_word' id='word_1_199' title='bbox 1534 688 1668 733; x_wconf 85' lang='lat' dir='ltr'>duplici</span> <span class='ocrx_word' id='word_1_200' title='bbox 1692 689 1888 732; x_wconf 86' lang='lat' dir='ltr'>quantitate</span> <span class='ocrx_word' id='word_1_201' title='bbox 1913 688 1998 723; x_wconf 91' lang='lat' dir='ltr'>dare</span> <span class='ocrx_word' id='word_1_202' title='bbox 2030 698 2121 732; x_wconf 84' lang='lat' dir='ltr'>quae</span> <span class='ocrx_word' id='word_1_203' title='bbox 2145 688 2308 732; x_wconf 87' lang='lat' dir='ltr'>accipere</span> <span class='ocrx_word' id='word_1_204' title='bbox 2332 697 2435 732; x_wconf 89' lang='lat' dir='ltr'>prae-</span> 
     </span>
     <span class='ocr_line' id='line_1_28' title="bbox 1348 732 2434 778; baseline -0.001 -10"><span class='ocrx_word' id='word_1_205' title='bbox 1348 734 1581 778; x_wconf 80' lang='lat' dir='ltr'>sumpserint,</span> <span class='ocrx_word' id='word_1_206' title='bbox 1611 743 1677 777; x_wconf 87' lang='lat' dir='ltr'>pro</span> <span class='ocrx_word' id='word_1_207' title='bbox 1703 734 1771 768; x_wconf 88' lang='lat' dir='ltr'>hoc</span> <span class='ocrx_word' id='word_1_208' title='bbox 1801 737 1920 768; x_wconf 89' lang='lat' dir='ltr'>autem</span> <span class='ocrx_word' id='word_1_209' title='bbox 1951 736 2141 768; x_wconf 84' lang='lat' dir='ltr'>metatores</span> <span class='ocrx_word' id='word_1_210' title='bbox 2166 733 2272 768; x_wconf 88' lang='lat' dir='ltr'>etiam</span> <span class='ocrx_word' id='word_1_211' title='bbox 2297 732 2434 777; x_wconf 80' lang='lat' dir='ltr'>suppli-</span> 
     </span>
     <span class='ocr_line' id='line_1_29' title="bbox 1348 778 1877 815; baseline 0 -2"><span class='ocrx_word' id='word_1_212' title='bbox 1348 779 1441 813; x_wconf 89' lang='lat' dir='ltr'>cium</span> <span class='ocrx_word' id='word_1_213' title='bbox 1462 781 1498 814; x_wconf 87' lang='lat' dir='ltr'>et</span> <span class='ocrx_word' id='word_1_214' title='bbox 1522 779 1664 815; x_wconf 84' lang='lat' dir='ltr'>exilium</span> <span class='ocrx_word' id='word_1_215' title='bbox 1689 778 1877 814; x_wconf 87' lang='lat' dir='ltr'>sustinere.</span> 
     </span>
    </p>
   </div>
   <div class='ocr_carea' id='block_1_11' title="bbox 1181 958 1443 994">
    <p class='ocr_par' dir='ltr' id='par_1_11' title="bbox 1181 958 1443 994">
     <span class='ocr_line' id='line_1_30' title="bbox 1181 958 1443 994; baseline 0.004 -1"><span class='ocrx_word' id='word_1_216' title='bbox 1181 958 1339 994; x_wconf 85' lang='lat' dir='ltr'><strong>CAPUT</strong></span> <span class='ocrx_word' id='word_1_217' title='bbox 1363 958 1443 994; x_wconf 93' lang='lat' dir='ltr'>VII.</span> 
     </span>
    </p>
   </div>
   <div class='ocr_carea' id='block_1_12' title="bbox 250 1034 1334 1092">
    <p class='ocr_par' dir='ltr' id='par_1_12' title="bbox 250 1034 1334 1092">
     <span class='ocr_line' id='line_1_31' title="bbox 250 1034 1334 1092; baseline 0.003 -22"><span class='ocrx_word' id='word_1_218' title='bbox 250 1037 300 1070; x_wconf 87' lang='grc' dir='ltr'>Εἰ</span> <span class='ocrx_word' id='word_1_219' title='bbox 325 1034 367 1070; x_wconf 81' lang='grc' dir='ltr'><em>δέ</em></span> <span class='ocrx_word' id='word_1_220' title='bbox 387 1048 480 1071; x_wconf 89' lang='grc' dir='ltr'><em>τινες</em></span> <span class='ocrx_word' id='word_1_221' title='bbox 503 1037 581 1071; x_wconf 79' lang='grc' dir='ltr'>τῶν</span> <span class='ocrx_word' id='word_1_222' title='bbox 605 1034 796 1083; x_wconf 75' lang='grc' dir='ltr'><em>ἀρχόντων</em></span> <span class='ocrx_word' id='word_1_223' title='bbox 819 1040 897 1073; x_wconf 77' lang='grc' dir='ltr'>τῶν</span> <span class='ocrx_word' id='word_1_224' title='bbox 913 1038 1097 1092; x_wconf 68' lang='grc' dir='ltr'><em>ἐπαρχιῶν</em></span> <span class='ocrx_word' id='word_1_225' title='bbox 1114 1035 1277 1072; x_wconf 82' lang='grc' dir='ltr'><em>συνδοια-</em></span> <span class='ocrx_word' id='word_1_226' title='bbox 1296 1040 1334 1073; x_wconf 84' lang='grc'>15</span> 
     </span>
    </p>
   </div>
   <div class='ocr_carea' id='block_1_13' title="bbox 190 1079 1279 1265">
    <p class='ocr_par' dir='ltr' id='par_1_13' title="bbox 190 1079 1279 1265">
     <span class='ocr_line' id='line_1_32' title="bbox 191 1079 1277 1130; baseline 0.001 -15"><span class='ocrx_word' id='word_1_227' title='bbox 191 1079 337 1126; x_wconf 83' lang='grc' dir='ltr'><em>ζόμενοι</em></span> <span class='ocrx_word' id='word_1_228' title='bbox 361 1080 528 1117; x_wconf 79' lang='grc' dir='ltr'><em>πολλάκις</em></span> <span class='ocrx_word' id='word_1_229' title='bbox 559 1085 631 1116; x_wconf 90' lang='grc' dir='ltr'><em>τοῖς</em></span> <span class='ocrx_word' id='word_1_230' title='bbox 656 1081 873 1125; x_wconf 75' lang='grc' dir='ltr'><em>διασώζουσι</em></span> <span class='ocrx_word' id='word_1_231' title='bbox 897 1084 939 1118; x_wconf 83' lang='grc' dir='ltr'>τὸ</span> <span class='ocrx_word' id='word_1_232' title='bbox 964 1086 1136 1130; x_wconf 81' lang='grc' dir='ltr'><em>ημέτερον</em></span> <span class='ocrx_word' id='word_1_233' title='bbox 1169 1082 1277 1128; x_wconf 85' lang='grc' dir='ltr'><em>στρά-</em></span> 
     </span>
     <span class='ocr_line' id='line_1_33' title="bbox 190 1124 1279 1171; baseline 0.001 -11"><span class='ocrx_word' id='word_1_234' title='bbox 190 1141 302 1171; x_wconf 87' lang='grc' dir='ltr'><em>τευμα</em></span> <span class='ocrx_word' id='word_1_235' title='bbox 327 1127 375 1170; x_wconf 84' lang='grc' dir='ltr'><em>μὴ</em></span> <span class='ocrx_word' id='word_1_236' title='bbox 400 1128 623 1170; x_wconf 82' lang='grc' dir='ltr'><em>ἑτοιμάσωσι</em></span> <span class='ocrx_word' id='word_1_237' title='bbox 646 1128 710 1162; x_wconf 83' lang='grc' dir='ltr'>τὰς</span> <span class='ocrx_word' id='word_1_238' title='bbox 735 1127 915 1169; x_wconf 74' lang='grc' dir='ltr'><em>δαπάνας,</em></span> <span class='ocrx_word' id='word_1_239' title='bbox 940 1132 1000 1162; x_wconf 87' lang='grc' dir='ltr'>καὶ</span> <span class='ocrx_word' id='word_1_240' title='bbox 1025 1130 1062 1162; x_wconf 82' lang='grc' dir='ltr'>ἐκ</span> <span class='ocrx_word' id='word_1_241' title='bbox 1079 1124 1208 1162; x_wconf 83' lang='grc' dir='ltr'><em>τούτου</em></span> <span class='ocrx_word' id='word_1_242' title='bbox 1231 1127 1279 1161; x_wconf 83' lang='grc' dir='ltr'>εἰς</span> 
     </span>
     <span class='ocr_line' id='line_1_34' title="bbox 191 1170 1276 1220; baseline 0 -14"><span class='ocrx_word' id='word_1_243' title='bbox 191 1171 382 1218; x_wconf 78' lang='grc' dir='ltr'><em>διαφόρους</em></span> <span class='ocrx_word' id='word_1_244' title='bbox 406 1171 528 1207; x_wconf 85' lang='grc' dir='ltr'><em>πόλεις</em></span> <span class='ocrx_word' id='word_1_245' title='bbox 561 1185 600 1206; x_wconf 81' lang='grc' dir='ltr'>τε</span> <span class='ocrx_word' id='word_1_246' title='bbox 632 1176 691 1207; x_wconf 86' lang='grc' dir='ltr'>καὶ</span> <span class='ocrx_word' id='word_1_247' title='bbox 720 1178 834 1220; x_wconf 86' lang='grc' dir='ltr'><em>χωρία</em></span> <span class='ocrx_word' id='word_1_248' title='bbox 858 1173 1003 1208; x_wconf 81' lang='grc' dir='ltr'><em>τούτους</em></span> <span class='ocrx_word' id='word_1_249' title='bbox 1028 1170 1276 1220; x_wconf 78' lang='grc' dir='ltr'><em>παραγάγωσι,</em></span> 
     </span>
     <span class='ocr_line' id='line_1_35' title="bbox 190 1216 1278 1265; baseline 0.002 -15"><span class='ocrx_word' id='word_1_250' title='bbox 190 1217 379 1262; x_wconf 79' lang='grc' dir='ltr'><em>κελεύομεν</em></span> <span class='ocrx_word' id='word_1_251' title='bbox 410 1217 493 1251; x_wconf 77' lang='grc' dir='ltr'>τούς</span> <span class='ocrx_word' id='word_1_252' title='bbox 524 1217 707 1252; x_wconf 80' lang='grc' dir='ltr'><em>τοιούτους</em></span> <span class='ocrx_word' id='word_1_253' title='bbox 738 1221 800 1261; x_wconf 84' lang='grc' dir='ltr'>τῆς</span> <span class='ocrx_word' id='word_1_254' title='bbox 833 1217 940 1265; x_wconf 76' lang='grc' dir='ltr'><em>ἀρχῆς</em></span> <span class='ocrx_word' id='word_1_255' title='bbox 972 1221 1192 1262; x_wconf 80' lang='grc' dir='ltr'><em>παυομένους</em></span> <span class='ocrx_word' id='word_1_256' title='bbox 1219 1216 1278 1261; x_wconf 84' lang='grc' dir='ltr'>δη-</span> 
     </span>
    </p>
   </div>
   <div class='ocr_carea' id='block_1_14' title="bbox 1346 1035 2435 1259">
    <p class='ocr_par' dir='ltr' id='par_1_14' title="bbox 1346 1035 2435 1259">
     <span class='ocr_line' id='line_1_36' title="bbox 1407 1035 2435 1082; baseline -0.002 -10"><span class='ocrx_word' id='word_1_257' title='bbox 1407 1037 1444 1072; x_wconf 89' lang='lat' dir='ltr'>Si</span> <span class='ocrx_word' id='word_1_258' title='bbox 1461 1037 1522 1082; x_wconf 89' lang='lat' dir='ltr'>qui</span> <span class='ocrx_word' id='word_1_259' title='bbox 1538 1046 1620 1072; x_wconf 92' lang='lat' dir='ltr'>vero</span> <span class='ocrx_word' id='word_1_260' title='bbox 1639 1036 1797 1073; x_wconf 89' lang='lat' dir='ltr'>iudicum</span> <span class='ocrx_word' id='word_1_261' title='bbox 1820 1036 2082 1081; x_wconf 88' lang='lat' dir='ltr'>provinciarum</span> <span class='ocrx_word' id='word_1_262' title='bbox 2107 1035 2325 1071; x_wconf 83' lang='lat' dir='ltr'>colludentes</span> <span class='ocrx_word' id='word_1_263' title='bbox 2342 1035 2435 1071; x_wconf 86' lang='lat' dir='ltr'>forte</span> 
     </span>
     <span class='ocr_line' id='line_1_37' title="bbox 1348 1081 2433 1126; baseline -0.001 -10"><span class='ocrx_word' id='word_1_264' title='bbox 1348 1082 1514 1118; x_wconf 85' lang='lat' dir='ltr'>diasostis</span> <span class='ocrx_word' id='word_1_265' title='bbox 1539 1082 1655 1118; x_wconf 81' lang='lat' dir='ltr'>nostri</span> <span class='ocrx_word' id='word_1_266' title='bbox 1679 1082 1855 1118; x_wconf 83' lang='lat' dir='ltr'>exercitus</span> <span class='ocrx_word' id='word_1_267' title='bbox 1888 1092 1960 1117; x_wconf 91' lang='lat' dir='ltr'>non</span> <span class='ocrx_word' id='word_1_268' title='bbox 1983 1081 2276 1126; x_wconf 82' lang='lat' dir='ltr'>praeparaverint</span> <span class='ocrx_word' id='word_1_269' title='bbox 2301 1091 2433 1126; x_wconf 88' lang='lat' dir='ltr'>expen-</span> 
     </span>
     <span class='ocr_line' id='line_1_38' title="bbox 1347 1126 2433 1172; baseline -0.001 -10"><span class='ocrx_word' id='word_1_270' title='bbox 1347 1138 1425 1169; x_wconf 72' lang='lat' dir='ltr'>sae,</span> <span class='ocrx_word' id='word_1_271' title='bbox 1460 1131 1495 1163; x_wconf 90' lang='lat' dir='ltr'>et</span> <span class='ocrx_word' id='word_1_272' title='bbox 1524 1137 1569 1162; x_wconf 88' lang='lat' dir='ltr'>ex</span> <span class='ocrx_word' id='word_1_273' title='bbox 1598 1129 1667 1163; x_wconf 88' lang='lat' dir='ltr'>hoc</span> <span class='ocrx_word' id='word_1_274' title='bbox 1698 1137 1762 1172; x_wconf 88' lang='lat' dir='ltr'>per</span> <span class='ocrx_word' id='word_1_275' title='bbox 1795 1128 1953 1163; x_wconf 85' lang='lat' dir='ltr'>diversas</span> <span class='ocrx_word' id='word_1_276' title='bbox 1986 1127 2146 1162; x_wconf 85' lang='lat' dir='ltr'>civitates</span> <span class='ocrx_word' id='word_1_277' title='bbox 2179 1130 2214 1161; x_wconf 91' lang='lat' dir='ltr'>et</span> <span class='ocrx_word' id='word_1_278' title='bbox 2244 1126 2346 1161; x_wconf 89' lang='lat' dir='ltr'>villas</span> <span class='ocrx_word' id='word_1_279' title='bbox 2372 1136 2433 1162; x_wconf 89' lang='lat' dir='ltr'>eos</span> 
     </span>
     <span class='ocr_line' id='line_1_39' title="bbox 1346 1171 2433 1217; baseline -0.001 -10"><span class='ocrx_word' id='word_1_280' title='bbox 1346 1173 1554 1217; x_wconf 84' lang='lat' dir='ltr'>perducant,</span> <span class='ocrx_word' id='word_1_281' title='bbox 1579 1172 1742 1208; x_wconf 87' lang='lat' dir='ltr'>iubemus</span> <span class='ocrx_word' id='word_1_282' title='bbox 1767 1183 1828 1209; x_wconf 87' lang='lat' dir='ltr'>eos</span> <span class='ocrx_word' id='word_1_283' title='bbox 1847 1172 1988 1217; x_wconf 88' lang='lat' dir='ltr'>cingulo</span> <span class='ocrx_word' id='word_1_284' title='bbox 2005 1175 2160 1208; x_wconf 89' lang='lat' dir='ltr'>remotos</span> <span class='ocrx_word' id='word_1_285' title='bbox 2184 1171 2433 1207; x_wconf 88' lang='lat' dir='ltr'>confiscationi</span> 
     </span>
     <span class='ocr_line' id='line_1_40' title="bbox 1348 1217 2433 1259; baseline -0.001 -7"><span class='ocrx_word' id='word_1_286' title='bbox 1348 1220 1384 1253; x_wconf 91' lang='lat' dir='ltr'>et</span> <span class='ocrx_word' id='word_1_287' title='bbox 1401 1218 1504 1253; x_wconf 85' lang='lat' dir='ltr'>exilio</span> <span class='ocrx_word' id='word_1_288' title='bbox 1531 1229 1612 1253; x_wconf 89' lang='lat' dir='ltr'>cum</span> <span class='ocrx_word' id='word_1_289' title='bbox 1628 1218 1897 1254; x_wconf 82' lang='lat' dir='ltr'>oboedientibus</span> <span class='ocrx_word' id='word_1_290' title='bbox 1923 1219 1973 1253; x_wconf 87' lang='lat' dir='ltr'>eis</span> <span class='ocrx_word' id='word_1_291' title='bbox 1992 1217 2120 1253; x_wconf 89' lang='lat' dir='ltr'>officiis</span> <span class='ocrx_word' id='word_1_292' title='bbox 2143 1217 2264 1259; x_wconf 87' lang='lat' dir='ltr'>subdi,</span> <span class='ocrx_word' id='word_1_293' title='bbox 2288 1219 2433 1252; x_wconf 83' lang='lat' dir='ltr'>nostros</span> 
     </span>
    </p>
   </div>
   <div class='ocr_carea' id='block_1_15' title="bbox 188 1260 2433 1309">
    <p class='ocr_par' dir='ltr' id='par_1_15' title="bbox 188 1260 2433 1309">
     <span class='ocr_line' id='line_1_41' title="bbox 188 1260 2433 1309; baseline 0 -14"><span class='ocrx_word' id='word_1_294' title='bbox 188 1262 311 1306; x_wconf 77' lang='grc' dir='ltr'><em>μεύσει</em></span> <span class='ocrx_word' id='word_1_295' title='bbox 331 1266 390 1295; x_wconf 80' lang='grc' dir='ltr'>καὶ</span> <span class='ocrx_word' id='word_1_296' title='bbox 407 1263 527 1309; x_wconf 78' lang='grc' dir='ltr'><em>ἐξορίᾳ</em></span> <span class='ocrx_word' id='word_1_297' title='bbox 546 1263 638 1306; x_wconf 77' lang='grc' dir='ltr'><em>μετὰ</em></span> <span class='ocrx_word' id='word_1_298' title='bbox 656 1277 732 1298; x_wconf 77' lang='grc' dir='ltr'>των</span> <span class='ocrx_word' id='word_1_299' title='bbox 749 1265 984 1309; x_wconf 69' lang='grc' dir='ltr'><em>πειθομένων</em></span> <span class='ocrx_word' id='word_1_300' title='bbox 1006 1260 1123 1298; x_wconf 78' lang='grc' dir='ltr'><em>αὐτοῖς</em></span> <span class='ocrx_word' id='word_1_301' title='bbox 1139 1263 1278 1304; x_wconf 80' lang='grc' dir='ltr'><em>τάξεων</em></span> <span class='ocrx_word' id='word_1_302' title='bbox 1292 1265 1334 1298; x_wconf 91' lang='grc'>20</span> <span class='ocrx_word' id='word_1_303' title='bbox 1348 1266 1467 1298; x_wconf 92' lang='lat' dir='ltr'>autem</span> <span class='ocrx_word' id='word_1_304' title='bbox 1492 1264 1680 1299; x_wconf 85' lang='lat' dir='ltr'>collatores</span> <span class='ocrx_word' id='word_1_305' title='bbox 1705 1268 1741 1298; x_wconf 90' lang='lat' dir='ltr'>et</span> <span class='ocrx_word' id='word_1_306' title='bbox 1762 1264 1812 1298; x_wconf 80' lang='lat' dir='ltr'>ita</span> <span class='ocrx_word' id='word_1_307' title='bbox 1835 1263 2017 1298; x_wconf 83' lang='lat' dir='ltr'>indemnes</span> <span class='ocrx_word' id='word_1_308' title='bbox 2046 1263 2180 1298; x_wconf 89' lang='lat' dir='ltr'>servari</span> <span class='ocrx_word' id='word_1_309' title='bbox 2203 1272 2246 1297; x_wconf 83' lang='lat' dir='ltr'>ex</span> <span class='ocrx_word' id='word_1_310' title='bbox 2269 1265 2433 1297; x_wconf 86' lang='lat' dir='ltr'>recauto-</span> 
     </span>
    </p>
   </div>
   <div class='ocr_carea' id='block_1_16' title="bbox 189 1305 1278 1490">
    <p class='ocr_par' dir='ltr' id='par_1_16' title="bbox 189 1305 1278 1490">
     <span class='ocr_line' id='line_1_42' title="bbox 189 1305 1277 1356; baseline 0.001 -15"><span class='ocrx_word' id='word_1_311' title='bbox 189 1305 481 1351; x_wconf 76' lang='grc' dir='ltr'><em>ὑποβαλλεσθάι,</em></span> <span class='ocrx_word' id='word_1_312' title='bbox 514 1309 596 1342; x_wconf 74' lang='grc' dir='ltr'><em>τοὺς</em></span> <span class='ocrx_word' id='word_1_313' title='bbox 628 1306 668 1341; x_wconf 81' lang='grc' dir='ltr'><em>δὲ</em></span> <span class='ocrx_word' id='word_1_314' title='bbox 697 1306 885 1356; x_wconf 74' lang='grc' dir='ltr'><em>ἡμετέρους</em></span> <span class='ocrx_word' id='word_1_315' title='bbox 916 1307 1098 1344; x_wconf 81' lang='grc' dir='ltr'><em>ὑποτελεῖς</em></span> <span class='ocrx_word' id='word_1_316' title='bbox 1130 1312 1189 1342; x_wconf 85' lang='grc' dir='ltr'>καὶ</span> <span class='ocrx_word' id='word_1_317' title='bbox 1220 1305 1277 1342; x_wconf 77' lang='grc' dir='ltr'>οῧ-</span> 
     </span>
     <span class='ocr_line' id='line_1_43' title="bbox 190 1350 1278 1398; baseline 0 -11"><span class='ocrx_word' id='word_1_318' title='bbox 190 1365 260 1387; x_wconf 82' lang='grc' dir='ltr'>τως</span> <span class='ocrx_word' id='word_1_319' title='bbox 292 1350 460 1396; x_wconf 78' lang='grc' dir='ltr'><em>ἀζημίους</em></span> <span class='ocrx_word' id='word_1_320' title='bbox 492 1352 744 1398; x_wconf 68' lang='grc' dir='ltr'><em>φυλάττεσθαι</em></span> <span class='ocrx_word' id='word_1_321' title='bbox 778 1353 802 1397; x_wconf 82' lang='grc' dir='ltr'><em>ἢ</em></span> <span class='ocrx_word' id='word_1_322' title='bbox 833 1357 871 1388; x_wconf 80' lang='grc' dir='ltr'>ἐκ</span> <span class='ocrx_word' id='word_1_323' title='bbox 903 1355 966 1398; x_wconf 78' lang='grc' dir='ltr'>τῆς</span> <span class='ocrx_word' id='word_1_324' title='bbox 998 1355 1075 1389; x_wconf 75' lang='grc' dir='ltr'>τῶν</span> <span class='ocrx_word' id='word_1_325' title='bbox 1098 1357 1278 1389; x_wconf 64' lang='lat' dir='ltr'>recautum</span> 
     </span>
     <span class='ocr_line' id='line_1_44' title="bbox 190 1396 1276 1446; baseline 0.002 -15"><span class='ocrx_word' id='word_1_326' title='bbox 190 1396 323 1432; x_wconf 79' lang='grc' dir='ltr'><em>δόσεως</em></span> <span class='ocrx_word' id='word_1_327' title='bbox 348 1397 370 1441; x_wconf 82' lang='grc' dir='ltr'><em>ἢ</em></span> <span class='ocrx_word' id='word_1_328' title='bbox 395 1400 432 1432; x_wconf 81' lang='grc' dir='ltr'>ἐκ</span> <span class='ocrx_word' id='word_1_329' title='bbox 456 1400 518 1441; x_wconf 85' lang='grc' dir='ltr'>τῆς</span> <span class='ocrx_word' id='word_1_330' title='bbox 542 1399 634 1432; x_wconf 84' lang='grc' dir='ltr'><em>κατοὶ</em></span> <span class='ocrx_word' id='word_1_331' title='bbox 657 1399 724 1433; x_wconf 86' lang='grc' dir='ltr'>τὸν</span> <span class='ocrx_word' id='word_1_332' title='bbox 741 1401 929 1445; x_wconf 77' lang='grc' dir='ltr'><em>εἰρημένον</em></span> <span class='ocrx_word' id='word_1_333' title='bbox 952 1399 1091 1446; x_wconf 84' lang='grc' dir='ltr'><em>τρόπον</em></span> <span class='ocrx_word' id='word_1_334' title='bbox 1116 1396 1276 1445; x_wconf 77' lang='grc' dir='ltr'><em>ὀφειλού-</em></span> 
     </span>
     <span class='ocr_line' id='line_1_45' title="bbox 189 1442 644 1490; baseline 0.002 -14"><span class='ocrx_word' id='word_1_335' title='bbox 189 1455 251 1485; x_wconf 84' lang='grc' dir='ltr'>σης</span> <span class='ocrx_word' id='word_1_336' title='bbox 274 1444 447 1490; x_wconf 66' lang='grc' dir='ltr'><em>γίνεσθαι</em></span> <span class='ocrx_word' id='word_1_337' title='bbox 473 1442 644 1488; x_wconf 79' lang='grc' dir='ltr'><em>πράξεως.</em></span> 
     </span>
    </p>
   </div>
   <div class='ocr_carea' id='block_1_17' title="bbox 1346 1307 2434 1390">
    <p class='ocr_par' dir='ltr' id='par_1_17' title="bbox 1346 1307 2434 1390">
     <span class='ocr_line' id='line_1_46' title="bbox 1347 1307 2434 1354; baseline -0.001 -11"><span class='ocrx_word' id='word_1_338' title='bbox 1347 1319 1425 1343; x_wconf 93' lang='lat' dir='ltr'>rum</span> <span class='ocrx_word' id='word_1_339' title='bbox 1451 1309 1594 1343; x_wconf 90' lang='lat' dir='ltr'>datione</span> <span class='ocrx_word' id='word_1_340' title='bbox 1615 1310 1678 1343; x_wconf 93' lang='lat' dir='ltr'>aut</span> <span class='ocrx_word' id='word_1_341' title='bbox 1697 1318 1741 1343; x_wconf 87' lang='lat' dir='ltr'>ex</span> <span class='ocrx_word' id='word_1_342' title='bbox 1757 1309 1865 1354; x_wconf 86' lang='lat' dir='ltr'>gestis</span> <span class='ocrx_word' id='word_1_343' title='bbox 1889 1319 1979 1353; x_wconf 86' lang='lat' dir='ltr'>quae</span> <span class='ocrx_word' id='word_1_344' title='bbox 1996 1308 2192 1345; x_wconf 83' lang='lat' dir='ltr'>secundum</span> <span class='ocrx_word' id='word_1_345' title='bbox 2212 1307 2434 1354; x_wconf 86' lang='lat' dir='ltr'>praedictum</span> 
     </span>
     <span class='ocr_line' id='line_1_47' title="bbox 1346 1353 1757 1390; baseline 0.002 -2"><span class='ocrx_word' id='word_1_346' title='bbox 1346 1353 1490 1390; x_wconf 92' lang='lat' dir='ltr'>modum</span> <span class='ocrx_word' id='word_1_347' title='bbox 1514 1354 1645 1389; x_wconf 85' lang='lat' dir='ltr'>debent</span> <span class='ocrx_word' id='word_1_348' title='bbox 1668 1353 1757 1389; x_wconf 92' lang='lat' dir='ltr'>fieri.</span> 
     </span>
    </p>
   </div>
   <div class='ocr_carea' id='block_1_18' title="bbox 1172 1534 1452 1571">
    <p class='ocr_par' dir='ltr' id='par_1_18' title="bbox 1172 1534 1452 1571">
     <span class='ocr_line' id='line_1_48' title="bbox 1172 1534 1452 1571; baseline -0.004 0"><span class='ocrx_word' id='word_1_349' title='bbox 1172 1534 1329 1571; x_wconf 88' lang='lat' dir='ltr'>CAPUT</span> <span class='ocrx_word' id='word_1_350' title='bbox 1354 1534 1452 1571; x_wconf 90' lang='lat' dir='ltr'><strong>VIII.</strong></span> 
     </span>
    </p>
   </div>
   <div class='ocr_carea' id='block_1_19' title="bbox 260 1611 1332 1669">
    <p class='ocr_par' dir='ltr' id='par_1_19' title="bbox 260 1611 1332 1669">
     <span class='ocr_line' id='line_1_49' title="bbox 260 1611 1332 1669; baseline 0.004 -23"><span class='ocrx_word' id='word_1_351' title='bbox 260 1613 380 1647; x_wconf 71' lang='grc' dir='ltr'><em>Ταῦτα</em></span> <span class='ocrx_word' id='word_1_352' title='bbox 405 1611 444 1647; x_wconf 83' lang='grc' dir='ltr'><em>δὲ</em></span> <span class='ocrx_word' id='word_1_353' title='bbox 468 1612 720 1659; x_wconf 74' lang='grc' dir='ltr'><em>φυλάττεσθαι</em></span> <span class='ocrx_word' id='word_1_354' title='bbox 745 1613 1069 1669; x_wconf 70' lang='grc' dir='ltr'><em>παρακελευόμεθα</em></span> <span class='ocrx_word' id='word_1_355' title='bbox 1096 1612 1137 1648; x_wconf 83' lang='grc' dir='ltr'>οὗ</span> <span class='ocrx_word' id='word_1_356' title='bbox 1158 1613 1275 1659; x_wconf 89' lang='grc' dir='ltr'><em>μόνον</em></span> <span class='ocrx_word' id='word_1_357' title='bbox 1290 1617 1332 1650; x_wconf 88' lang='grc'>25</span> 
     </span>
    </p>
   </div>
   <div class='ocr_carea' id='block_1_20' title="bbox 761 1662 767 1671">
    <p class='ocr_par' dir='ltr' id='par_1_20' title="bbox 761 1662 767 1671">
     <span class='ocr_line' id='line_1_50' title="bbox 761 1662 767 1671; baseline 0 0"><span class='ocrx_word' id='word_1_358' title='bbox 761 1662 767 1671; x_wconf 77' lang='lat' dir='ltr'>r</span> 
     </span>
    </p>
   </div>
   <div class='ocr_carea' id='block_1_21' title="bbox 187 1655 1277 1838">
    <p class='ocr_par' dir='ltr' id='par_1_21' title="bbox 187 1655 1277 1838">
     <span class='ocr_line' id='line_1_51' title="bbox 187 1655 1272 1705; baseline 0.001 -13"><span class='ocrx_word' id='word_1_359' title='bbox 187 1659 227 1692; x_wconf 81' lang='grc' dir='ltr'>ἐν</span> <span class='ocrx_word' id='word_1_360' title='bbox 251 1661 328 1692; x_wconf 84' lang='grc' dir='ltr'><em>ταῖς</em></span> <span class='ocrx_word' id='word_1_361' title='bbox 351 1657 524 1703; x_wconf 86' lang='grc' dir='ltr'><em>παρόδοις</em></span> <span class='ocrx_word' id='word_1_362' title='bbox 554 1659 632 1693; x_wconf 77' lang='grc' dir='ltr'>τῶν</span> <span class='ocrx_word' id='word_1_363' title='bbox 655 1655 841 1703; x_wconf 78' lang='grc' dir='ltr'><em>ἦμετεοων</em></span> <span class='ocrx_word' id='word_1_364' title='bbox 865 1657 1056 1705; x_wconf 77' lang='grc' dir='ltr'><em>ἀρχόντων</em></span> <span class='ocrx_word' id='word_1_365' title='bbox 1083 1662 1143 1693; x_wconf 81' lang='grc' dir='ltr'>καὶ</span> <span class='ocrx_word' id='word_1_366' title='bbox 1167 1671 1272 1705; x_wconf 91' lang='grc' dir='ltr'><em>στρα-</em></span> 
     </span>
     <span class='ocr_line' id='line_1_52' title="bbox 187 1688 1275 1748; baseline 0.001 -11"><span class='ocrx_word' id='word_1_367' title='bbox 187 1706 351 1746; x_wconf 75' lang='grc' dir='ltr'><em>τιωτῶν,</em></span> <span class='ocrx_word' id='word_1_368' title='bbox 389 1701 478 1737; x_wconf 78' lang='grc' dir='ltr'><em>ἀλλὰ</em></span> <span class='ocrx_word' id='word_1_369' title='bbox 512 1706 572 1737; x_wconf 84' lang='grc' dir='ltr'>καὶ</span> <span class='ocrx_word' id='word_1_370' title='bbox 606 1705 684 1738; x_wconf 78' lang='grc' dir='ltr'>τῶν</span> <span class='ocrx_word' id='word_1_371' title='bbox 720 1688 842 1738; x_wconf 65' lang='grc' dir='ltr'><em>ἄλλων</em></span> <span class='ocrx_word' id='word_1_372' title='bbox 877 1706 954 1739; x_wconf 79' lang='grc' dir='ltr'>τῶν</span> <span class='ocrx_word' id='word_1_373' title='bbox 990 1705 1029 1745; x_wconf 81' lang='grc' dir='ltr'>ἐξ</span> <span class='ocrx_word' id='word_1_374' title='bbox 1063 1702 1275 1748; x_wconf 86' lang='grc' dir='ltr'><em>οἱουδήποτε</em></span> 
     </span>
     <span class='ocr_line' id='line_1_53' title="bbox 187 1746 1277 1801; baseline 0.002 -20"><span class='ocrx_word' id='word_1_375' title='bbox 187 1748 320 1801; x_wconf 50' lang='grc' dir='ltr'><em>ἔθνους</em></span> <span class='ocrx_word' id='word_1_376' title='bbox 351 1749 397 1782; x_wconf 84' lang='grc' dir='ltr'>εἰς</span> <span class='ocrx_word' id='word_1_377' title='bbox 430 1752 636 1792; x_wconf 87' lang='grc' dir='ltr'><em>συμμαχίαν</em></span> <span class='ocrx_word' id='word_1_378' title='bbox 671 1751 735 1792; x_wconf 80' lang='grc' dir='ltr'>τῆς</span> <span class='ocrx_word' id='word_1_379' title='bbox 768 1748 941 1795; x_wconf 77' lang='grc' dir='ltr'><em>ἡμετέρας</em></span> <span class='ocrx_word' id='word_1_380' title='bbox 972 1749 1154 1785; x_wconf 86' lang='grc' dir='ltr'><em>πολιτείας</em></span> <span class='ocrx_word' id='word_1_381' title='bbox 1185 1746 1277 1795; x_wconf 68' lang='grc' dir='ltr'>παρὶ</span> 
     </span>
     <span class='ocr_line' id='line_1_54' title="bbox 187 1796 572 1838; baseline 0 -12"><span class='ocrx_word' id='word_1_382' title='bbox 187 1806 293 1837; x_wconf 89' lang='grc' dir='ltr'><em>ημων</em></span> <span class='ocrx_word' id='word_1_383' title='bbox 318 1796 572 1838; x_wconf 83' lang='grc' dir='ltr'><em>πεμπομένων.</em></span> 
     </span>
    </p>
   </div>
   <div class='ocr_carea' id='block_1_22' title="bbox 1414 1613 2433 1659">
    <p class='ocr_par' dir='ltr' id='par_1_22' title="bbox 1414 1613 2433 1659">
     <span class='ocr_line' id='line_1_55' title="bbox 1414 1613 2433 1659; baseline 0 -11"><span class='ocrx_word' id='word_1_384' title='bbox 1414 1613 1493 1648; x_wconf 90' lang='lat' dir='ltr'>Hoc</span> <span class='ocrx_word' id='word_1_385' title='bbox 1517 1615 1635 1648; x_wconf 89' lang='lat' dir='ltr'>autem</span> <span class='ocrx_word' id='word_1_386' title='bbox 1659 1613 1777 1659; x_wconf 87' lang='lat' dir='ltr'>ipsum</span> <span class='ocrx_word' id='word_1_387' title='bbox 1801 1613 1935 1649; x_wconf 90' lang='lat' dir='ltr'>servari</span> <span class='ocrx_word' id='word_1_388' title='bbox 1959 1613 2198 1659; x_wconf 88' lang='lat' dir='ltr'>praecipimus</span> <span class='ocrx_word' id='word_1_389' title='bbox 2222 1623 2294 1648; x_wconf 90' lang='lat' dir='ltr'>non</span> <span class='ocrx_word' id='word_1_390' title='bbox 2318 1613 2433 1649; x_wconf 89' lang='lat' dir='ltr'>solum</span> 
     </span>
    </p>
   </div>
   <div class='ocr_carea' id='block_1_23' title="bbox 1341 1659 2433 1702">
    <p class='ocr_par' dir='ltr' id='par_1_23' title="bbox 1341 1659 2433 1702">
     <span class='ocr_line' id='line_1_56' title="bbox 1341 1659 2433 1702; baseline 0 -8"><span class='ocrx_word' id='word_1_391' title='bbox 1341 1659 1380 1694; x_wconf 92' lang='lat' dir='ltr'>in</span> <span class='ocrx_word' id='word_1_392' title='bbox 1400 1659 1575 1694; x_wconf 82' lang='lat' dir='ltr'>transitus</span> <span class='ocrx_word' id='word_1_393' title='bbox 1599 1663 1803 1694; x_wconf 86' lang='lat' dir='ltr'>nostrorum</span> <span class='ocrx_word' id='word_1_394' title='bbox 1821 1659 1978 1694; x_wconf 88' lang='lat' dir='ltr'>iudicum</span> <span class='ocrx_word' id='word_1_395' title='bbox 2002 1662 2038 1694; x_wconf 90' lang='lat' dir='ltr'>et</span> <span class='ocrx_word' id='word_1_396' title='bbox 2056 1659 2217 1702; x_wconf 88' lang='lat' dir='ltr'>militum,</span> <span class='ocrx_word' id='word_1_397' title='bbox 2243 1659 2305 1694; x_wconf 87' lang='lat' dir='ltr'>sed</span> <span class='ocrx_word' id='word_1_398' title='bbox 2325 1659 2433 1694; x_wconf 87' lang='lat' dir='ltr'>etiam</span> 
     </span>
    </p>
   </div>
   <div class='ocr_carea' id='block_1_24' title="bbox 1345 1704 2433 1794">
    <p class='ocr_par' dir='ltr' id='par_1_24' title="bbox 1345 1704 2433 1794">
     <span class='ocr_line' id='line_1_57' title="bbox 1345 1704 2433 1749; baseline 0 -10"><span class='ocrx_word' id='word_1_399' title='bbox 1345 1704 1494 1739; x_wconf 90' lang='lat' dir='ltr'>aliorum</span> <span class='ocrx_word' id='word_1_400' title='bbox 1526 1704 1586 1749; x_wconf 92' lang='lat' dir='ltr'>qui</span> <span class='ocrx_word' id='word_1_401' title='bbox 1617 1714 1661 1739; x_wconf 85' lang='lat' dir='ltr'>ex</span> <span class='ocrx_word' id='word_1_402' title='bbox 1692 1704 1851 1748; x_wconf 88' lang='lat' dir='ltr'>qualibet</span> <span class='ocrx_word' id='word_1_403' title='bbox 1882 1706 1986 1747; x_wconf 87' lang='lat' dir='ltr'>gente</span> <span class='ocrx_word' id='word_1_404' title='bbox 2016 1704 2054 1739; x_wconf 90' lang='lat' dir='ltr'>in</span> <span class='ocrx_word' id='word_1_405' title='bbox 2083 1704 2255 1740; x_wconf 80' lang='lat' dir='ltr'>auxilium</span> <span class='ocrx_word' id='word_1_406' title='bbox 2287 1706 2433 1739; x_wconf 86' lang='lat' dir='ltr'>nostrae</span> 
     </span>
     <span class='ocr_line' id='line_1_58' title="bbox 1349 1749 1992 1794; baseline 0 -10"><span class='ocrx_word' id='word_1_407' title='bbox 1349 1749 1402 1785; x_wconf 88' lang='lat' dir='ltr'>rei</span> <span class='ocrx_word' id='word_1_408' title='bbox 1424 1749 1593 1794; x_wconf 83' lang='lat' dir='ltr'>publicae</span> <span class='ocrx_word' id='word_1_409' title='bbox 1617 1759 1639 1784; x_wconf 87' lang='lat' dir='ltr'>a</span> <span class='ocrx_word' id='word_1_410' title='bbox 1662 1750 1766 1785; x_wconf 87' lang='lat' dir='ltr'>nobis</span> <span class='ocrx_word' id='word_1_411' title='bbox 1790 1749 1992 1784; x_wconf 89' lang='lat' dir='ltr'>mittuntur.</span> 
     </span>
    </p>
   </div>
   <div class='ocr_carea' id='block_1_25' title="bbox 1184 1884 1431 1920">
    <p class='ocr_par' dir='ltr' id='par_1_25' title="bbox 1184 1884 1431 1920">
     <span class='ocr_line' id='line_1_59' title="bbox 1184 1884 1431 1920; baseline 0 0"><span class='ocrx_word' id='word_1_412' title='bbox 1184 1884 1340 1920; x_wconf 84' lang='lat' dir='ltr'><strong>CAPUT</strong></span> <span class='ocrx_word' id='word_1_413' title='bbox 1370 1884 1431 1920; x_wconf 90' lang='lat' dir='ltr'>IX.</span> 
     </span>
    </p>
   </div>
   <div class='ocr_carea' id='block_1_26' title="bbox 248 1959 1331 2017">
    <p class='ocr_par' dir='ltr' id='par_1_26' title="bbox 248 1959 1331 2017">
     <span class='ocr_line' id='line_1_60' title="bbox 248 1959 1331 2017; baseline 0.004 -22"><span class='ocrx_word' id='word_1_414' title='bbox 248 1959 351 1996; x_wconf 71' lang='lat' dir='ltr'>“st</span> <span class='ocrx_word' id='word_1_415' title='bbox 382 1963 430 2006; x_wconf 82' lang='grc' dir='ltr'><em>μὴ</em></span> <span class='ocrx_word' id='word_1_416' title='bbox 457 1960 495 1995; x_wconf 81' lang='grc' dir='ltr'><em>δὲ</em></span> <span class='ocrx_word' id='word_1_417' title='bbox 519 1962 699 2017; x_wconf 65' lang='grc' dir='ltr'><em>προφάσει</em></span> <span class='ocrx_word' id='word_1_418' title='bbox 730 1964 792 2006; x_wconf 82' lang='grc' dir='ltr'>τῆς</span> <span class='ocrx_word' id='word_1_419' title='bbox 823 1964 900 1996; x_wconf 80' lang='grc' dir='ltr'>τῶν</span> <span class='ocrx_word' id='word_1_420' title='bbox 930 1964 1108 2007; x_wconf 82' lang='grc' dir='ltr'><em>μητάτων</em></span> <span class='ocrx_word' id='word_1_421' title='bbox 1140 1962 1275 1998; x_wconf 83' lang='grc' dir='ltr'><em>δόσεως</em></span> <span class='ocrx_word' id='word_1_422' title='bbox 1289 1967 1331 1999; x_wconf 89' lang='grc'>30</span> 
     </span>
    </p>
   </div>
   <div class='ocr_carea' id='block_1_27' title="bbox 187 2006 1276 2197">
    <p class='ocr_par' dir='ltr' id='par_1_27' title="bbox 187 2006 1276 2197">
     <span class='ocr_line' id='line_1_61' title="bbox 188 2006 1275 2054; baseline 0.002 -14"><span class='ocrx_word' id='word_1_423' title='bbox 188 2008 445 2052; x_wconf 70' lang='grc' dir='ltr'><em>ἐνυβρίζεσθαι</em></span> <span class='ocrx_word' id='word_1_424' title='bbox 469 2007 538 2049; x_wconf 84' lang='grc' dir='ltr'>τὴν</span> <span class='ocrx_word' id='word_1_425' title='bbox 554 2021 632 2042; x_wconf 90' lang='grc' dir='ltr'>των</span> <span class='ocrx_word' id='word_1_426' title='bbox 647 2011 834 2052; x_wconf 80' lang='grc' dir='ltr'><em>ημετέρων</em></span> <span class='ocrx_word' id='word_1_427' title='bbox 857 2006 1031 2050; x_wconf 75' lang='grc' dir='ltr'><em>ὑπηκόων</em></span> <span class='ocrx_word' id='word_1_428' title='bbox 1053 2008 1275 2054; x_wconf 71' lang='grc' dir='ltr'><em>ἐλευθερίαν,</em></span> 
     </span>
     <span class='ocr_line' id='line_1_62' title="bbox 187 2050 1276 2098; baseline 0.001 -12"><span class='ocrx_word' id='word_1_429' title='bbox 187 2053 414 2095; x_wconf 76' lang='grc' dir='ltr'><em>θεσπίζομεν</em></span> <span class='ocrx_word' id='word_1_430' title='bbox 437 2050 565 2096; x_wconf 81' lang='grc' dir='ltr'><em>μηδενὶ</em></span> <span class='ocrx_word' id='word_1_431' title='bbox 598 2053 729 2092; x_wconf 80' lang='grc' dir='ltr'><em>ἐξεῖναι</em></span> <span class='ocrx_word' id='word_1_432' title='bbox 759 2051 946 2087; x_wconf 77' lang='grc' dir='ltr'><em>παντελῶς</em></span> <span class='ocrx_word' id='word_1_433' title='bbox 981 2054 1059 2087; x_wconf 77' lang='grc' dir='ltr'>τῶν</span> <span class='ocrx_word' id='word_1_434' title='bbox 1090 2051 1276 2098; x_wconf 72' lang='grc' dir='ltr'><em>ἡμετέρων</em></span> 
     </span>
     <span class='ocr_line' id='line_1_63' title="bbox 188 2095 1274 2141; baseline 0.001 -10"><span class='ocrx_word' id='word_1_435' title='bbox 188 2099 429 2141; x_wconf 77' lang='grc' dir='ltr'><em>στρατιωτῶν</em></span> <span class='ocrx_word' id='word_1_436' title='bbox 453 2098 499 2130; x_wconf 84' lang='grc' dir='ltr'>εἰς</span> <span class='ocrx_word' id='word_1_437' title='bbox 520 2096 579 2131; x_wconf 61' lang='grc' dir='ltr'>τὰς</span> <span class='ocrx_word' id='word_1_438' title='bbox 601 2095 820 2131; x_wconf 72' lang='grc' dir='ltr'><em>αὕθεντικὰς</em></span> <span class='ocrx_word' id='word_1_439' title='bbox 843 2096 1003 2140; x_wconf 84' lang='grc' dir='ltr'><em>οἰκήσεις,</em></span> <span class='ocrx_word' id='word_1_440' title='bbox 1030 2099 1069 2132; x_wconf 82' lang='grc' dir='ltr'>ἐν</span> <span class='ocrx_word' id='word_1_441' title='bbox 1089 2098 1143 2132; x_wconf 87' lang='grc' dir='ltr'>αἶς</span> <span class='ocrx_word' id='word_1_442' title='bbox 1162 2099 1198 2132; x_wconf 86' lang='grc' dir='ltr'>οἱ</span> <span class='ocrx_word' id='word_1_443' title='bbox 1221 2097 1274 2131; x_wconf 86' lang='grc' dir='ltr'>δε-</span> 
     </span>
     <span class='ocr_line' id='line_1_64' title="bbox 188 2140 1275 2197; baseline 0.001 -21"><span class='ocrx_word' id='word_1_444' title='bbox 188 2141 324 2176; x_wconf 84' lang='grc' dir='ltr'><em>σπόται</em></span> <span class='ocrx_word' id='word_1_445' title='bbox 348 2142 425 2175; x_wconf 77' lang='grc' dir='ltr'>τῶν</span> <span class='ocrx_word' id='word_1_446' title='bbox 442 2140 651 2185; x_wconf 84' lang='grc' dir='ltr'><em>οἰκημάτων</em></span> <span class='ocrx_word' id='word_1_447' title='bbox 674 2140 856 2188; x_wconf 68' lang='grc' dir='ltr'><em>εὑρεθεῖεν</em></span> <span class='ocrx_word' id='word_1_448' title='bbox 872 2145 1049 2197; x_wconf 60' lang='grc' dir='ltr'><em>μενοντες,</em></span> <span class='ocrx_word' id='word_1_449' title='bbox 1074 2142 1275 2187; x_wconf 80' lang='grc' dir='ltr'><em>λαμβάνειν</em></span> 
     </span>
    </p>
   </div>
   <div class='ocr_carea' id='block_1_28' title="bbox 1345 1963 2432 2190">
    <p class='ocr_par' dir='ltr' id='par_1_28' title="bbox 1345 1963 2432 2190">
     <span class='ocr_line' id='line_1_65' title="bbox 1413 1963 2431 2001; baseline 0.003 -3"><span class='ocrx_word' id='word_1_450' title='bbox 1413 1963 1462 1998; x_wconf 90' lang='lat' dir='ltr'>Ut</span> <span class='ocrx_word' id='word_1_451' title='bbox 1486 1974 1558 1999; x_wconf 90' lang='lat' dir='ltr'>non</span> <span class='ocrx_word' id='word_1_452' title='bbox 1582 1966 1699 1998; x_wconf 84' lang='lat' dir='ltr'>autem</span> <span class='ocrx_word' id='word_1_453' title='bbox 1732 1963 1922 1998; x_wconf 86' lang='lat' dir='ltr'>occasione</span> <span class='ocrx_word' id='word_1_454' title='bbox 1952 1965 2164 1998; x_wconf 87' lang='lat' dir='ltr'>metatorum</span> <span class='ocrx_word' id='word_1_455' title='bbox 2194 1964 2348 2001; x_wconf 87' lang='lat' dir='ltr'>dationis</span> <span class='ocrx_word' id='word_1_456' title='bbox 2377 1966 2431 2001; x_wconf 93' lang='lat' dir='ltr'>in-</span> 
     </span>
     <span class='ocr_line' id='line_1_66' title="bbox 1345 2008 2432 2051; baseline 0.002 -8"><span class='ocrx_word' id='word_1_457' title='bbox 1345 2009 1496 2043; x_wconf 88' lang='lat' dir='ltr'>iurietur</span> <span class='ocrx_word' id='word_1_458' title='bbox 1521 2012 1726 2044; x_wconf 87' lang='lat' dir='ltr'>nostrorum</span> <span class='ocrx_word' id='word_1_459' title='bbox 1748 2009 1959 2043; x_wconf 89' lang='lat' dir='ltr'>collatorum</span> <span class='ocrx_word' id='word_1_460' title='bbox 1978 2008 2135 2051; x_wconf 88' lang='lat' dir='ltr'>libertas,</span> <span class='ocrx_word' id='word_1_461' title='bbox 2159 2010 2321 2045; x_wconf 89' lang='lat' dir='ltr'>iubemus</span> <span class='ocrx_word' id='word_1_462' title='bbox 2345 2011 2432 2045; x_wconf 92' lang='lat' dir='ltr'>nulli</span> 
     </span>
     <span class='ocr_line' id='line_1_67' title="bbox 1345 2053 2431 2097; baseline 0.004 -10"><span class='ocrx_word' id='word_1_463' title='bbox 1345 2054 1486 2097; x_wconf 88' lang='lat' dir='ltr'>penitus</span> <span class='ocrx_word' id='word_1_464' title='bbox 1518 2054 1627 2089; x_wconf 87' lang='lat' dir='ltr'>licere</span> <span class='ocrx_word' id='word_1_465' title='bbox 1651 2057 1855 2088; x_wconf 91' lang='lat' dir='ltr'>nostrorum</span> <span class='ocrx_word' id='word_1_466' title='bbox 1879 2053 2028 2088; x_wconf 87' lang='lat' dir='ltr'>militum</span> <span class='ocrx_word' id='word_1_467' title='bbox 2059 2054 2096 2087; x_wconf 92' lang='lat' dir='ltr'>in</span> <span class='ocrx_word' id='word_1_468' title='bbox 2119 2055 2343 2090; x_wconf 84' lang='lat' dir='ltr'>authenticas</span> <span class='ocrx_word' id='word_1_469' title='bbox 2368 2056 2431 2091; x_wconf 86' lang='lat' dir='ltr'>ha-</span> 
     </span>
     <span class='ocr_line' id='line_1_68' title="bbox 1346 2098 2432 2141; baseline 0.003 -9"><span class='ocrx_word' id='word_1_470' title='bbox 1346 2099 1554 2141; x_wconf 85' lang='lat' dir='ltr'>bitationes,</span> <span class='ocrx_word' id='word_1_471' title='bbox 1590 2098 1628 2133; x_wconf 87' lang='lat' dir='ltr'>in</span> <span class='ocrx_word' id='word_1_472' title='bbox 1665 2098 1794 2141; x_wconf 88' lang='lat' dir='ltr'>quibus</span> <span class='ocrx_word' id='word_1_473' title='bbox 1831 2098 1964 2133; x_wconf 89' lang='lat' dir='ltr'>domini</span> <span class='ocrx_word' id='word_1_474' title='bbox 2001 2098 2167 2133; x_wconf 88' lang='lat' dir='ltr'>domuum</span> <span class='ocrx_word' id='word_1_475' title='bbox 2202 2099 2432 2135; x_wconf 89' lang='lat' dir='ltr'>inveniuntur</span> 
     </span>
     <span class='ocr_line' id='line_1_69' title="bbox 1345 2143 2431 2190; baseline 0.004 -14"><span class='ocrx_word' id='word_1_476' title='bbox 1345 2147 1544 2185; x_wconf 87' lang='lat' dir='ltr'>manentes,</span> <span class='ocrx_word' id='word_1_477' title='bbox 1582 2143 1746 2187; x_wconf 85' lang='lat' dir='ltr'>accipere</span> <span class='ocrx_word' id='word_1_478' title='bbox 1781 2143 1848 2178; x_wconf 88' lang='lat' dir='ltr'>sibi</span> <span class='ocrx_word' id='word_1_479' title='bbox 1882 2145 2033 2185; x_wconf 85' lang='lat' dir='ltr'>metata,</span> <span class='ocrx_word' id='word_1_480' title='bbox 2077 2144 2140 2178; x_wconf 88' lang='lat' dir='ltr'>sed</span> <span class='ocrx_word' id='word_1_481' title='bbox 2173 2144 2254 2180; x_wconf 87' lang='lat' dir='ltr'>illas</span> <span class='ocrx_word' id='word_1_482' title='bbox 2290 2145 2431 2190; x_wconf 89' lang='lat' dir='ltr'>quidem</span> 
     </span>
    </p>
   </div>
   <div class='ocr_carea' id='block_1_29' title="bbox 187 2184 2430 2241">
    <p class='ocr_par' dir='ltr' id='par_1_29' title="bbox 187 2184 2430 2241">
     <span class='ocr_line' id='line_1_70' title="bbox 187 2184 2430 2241; baseline 0.003 -21"><span class='ocrx_word' id='word_1_483' title='bbox 187 2188 325 2221; x_wconf 75' lang='grc' dir='ltr'><em>ἑαυτοῖς</em></span> <span class='ocrx_word' id='word_1_484' title='bbox 356 2187 516 2231; x_wconf 69' lang='grc' dir='ltr'><em>μητιέτα,</em></span> <span class='ocrx_word' id='word_1_485' title='bbox 549 2184 633 2221; x_wconf 77' lang='grc' dir='ltr'><em>ἀλλ’</em></span> <span class='ocrx_word' id='word_1_486' title='bbox 660 2190 795 2221; x_wconf 79' lang='grc' dir='ltr'><em>ἐκείνας</em></span> <span class='ocrx_word' id='word_1_487' title='bbox 824 2189 890 2231; x_wconf 82' lang='grc' dir='ltr'>μὲν</span> <span class='ocrx_word' id='word_1_488' title='bbox 922 2186 1179 2241; x_wconf 75' lang='grc' dir='ltr'><em>ανενοχλὴτους</em></span> <span class='ocrx_word' id='word_1_489' title='bbox 1211 2202 1274 2233; x_wconf 83' lang='grc' dir='ltr'><em>φυ-</em></span> <span class='ocrx_word' id='word_1_490' title='bbox 1290 2191 1330 2223; x_wconf 82' lang='grc'>35</span> <span class='ocrx_word' id='word_1_491' title='bbox 1345 2187 1422 2222; x_wconf 86' lang='lat' dir='ltr'>sine</span> <span class='ocrx_word' id='word_1_492' title='bbox 1457 2188 1621 2223; x_wconf 89' lang='lat' dir='ltr'>molestia</span> <span class='ocrx_word' id='word_1_493' title='bbox 1655 2197 1838 2223; x_wconf 85' lang='lat' dir='ltr'>reservare</span> <span class='ocrx_word' id='word_1_494' title='bbox 1874 2188 2029 2232; x_wconf 90' lang='lat' dir='ltr'>propriis</span> <span class='ocrx_word' id='word_1_495' title='bbox 2061 2188 2230 2234; x_wconf 77' lang='lat' dir='ltr'>domInis,</span> <span class='ocrx_word' id='word_1_496' title='bbox 2267 2190 2430 2235; x_wconf 86' lang='lat' dir='ltr'>accipere</span> 
     </span>
    </p>
   </div>
   <div class='ocr_carea' id='block_1_30' title="bbox 187 2231 1275 2324">
    <p class='ocr_par' dir='ltr' id='par_1_30' title="bbox 187 2231 1275 2324">
     <span class='ocr_line' id='line_1_71' title="bbox 188 2231 1275 2277; baseline 0.002 -12"><span class='ocrx_word' id='word_1_497' title='bbox 188 2232 393 2266; x_wconf 69' lang='grc' dir='ltr'><em>λάττεσθαι</em></span> <span class='ocrx_word' id='word_1_498' title='bbox 425 2235 497 2266; x_wconf 86' lang='grc' dir='ltr'><em>τοῖς</em></span> <span class='ocrx_word' id='word_1_499' title='bbox 528 2231 630 2266; x_wconf 80' lang='grc' dir='ltr'><em>ἰδίοις</em></span> <span class='ocrx_word' id='word_1_500' title='bbox 654 2231 864 2274; x_wconf 85' lang='grc' dir='ltr'><em>δεσπόταις,</em></span> <span class='ocrx_word' id='word_1_501' title='bbox 899 2231 1101 2277; x_wconf 83' lang='grc' dir='ltr'><em>λαμβανειν</em></span> <span class='ocrx_word' id='word_1_502' title='bbox 1132 2231 1172 2267; x_wconf 80' lang='grc' dir='ltr'><em>δὲ</em></span> <span class='ocrx_word' id='word_1_503' title='bbox 1193 2233 1275 2267; x_wconf 81' lang='grc' dir='ltr'><em>τοὺς</em></span> 
     </span>
     <span class='ocr_line' id='line_1_72' title="bbox 187 2276 993 2324; baseline -0.001 -12"><span class='ocrx_word' id='word_1_504' title='bbox 187 2278 415 2324; x_wconf 70' lang='grc' dir='ltr'><em>στρατιώτας</em></span> <span class='ocrx_word' id='word_1_505' title='bbox 439 2279 478 2311; x_wconf 81' lang='grc' dir='ltr'>ἐν</span> <span class='ocrx_word' id='word_1_506' title='bbox 502 2279 638 2324; x_wconf 72' lang='grc' dir='ltr'><em>ἑτέραις</em></span> <span class='ocrx_word' id='word_1_507' title='bbox 663 2277 816 2312; x_wconf 83' lang='grc' dir='ltr'><em>διαίταις</em></span> <span class='ocrx_word' id='word_1_508' title='bbox 838 2276 993 2321; x_wconf 82' lang='grc' dir='ltr'><em>μητάτοι.</em></span> 
     </span>
    </p>
   </div>
   <div class='ocr_carea' id='block_1_31' title="bbox 466 2340 693 2347">
    <p class='ocr_par' dir='ltr' id='par_1_31' title="bbox 466 2340 693 2347">
     <span class='ocr_line' id='line_1_73' title="bbox 466 2340 693 2347; baseline 0 0"><span class='ocrx_word' id='word_1_509' title='bbox 466 2340 693 2347; x_wconf 95' lang='lat' dir='ltr'> </span> 
     </span>
    </p>
   </div>
   <div class='ocr_carea' id='block_1_32' title="bbox 187 2342 283 2346">
    <p class='ocr_par' dir='ltr' id='par_1_32' title="bbox 187 2342 283 2346">
     <span class='ocr_line' id='line_1_74' title="bbox 187 2342 283 2346; baseline 0 0"><span class='ocrx_word' id='word_1_510' title='bbox 187 2342 283 2346; x_wconf 95' lang='lat' dir='ltr'> </span> 
     </span>
    </p>
   </div>
   <div class='ocr_carea' id='block_1_33' title="bbox 286 2341 463 2347">
    <p class='ocr_par' dir='ltr' id='par_1_33' title="bbox 286 2341 463 2347">
     <span class='ocr_line' id='line_1_75' title="bbox 286 2341 463 2347; baseline 0 0"><span class='ocrx_word' id='word_1_511' title='bbox 286 2341 463 2347; x_wconf 95' lang='lat' dir='ltr'> </span> 
     </span>
    </p>
   </div>
   <div class='ocr_carea' id='block_1_34' title="bbox 1344 2233 2095 2269">
    <p class='ocr_par' dir='ltr' id='par_1_34' title="bbox 1344 2233 2095 2269">
     <span class='ocr_line' id='line_1_76' title="bbox 1344 2233 2095 2269; baseline 0.001 -2"><span class='ocrx_word' id='word_1_512' title='bbox 1344 2237 1462 2268; x_wconf 84' lang='lat' dir='ltr'>autem</span> <span class='ocrx_word' id='word_1_513' title='bbox 1486 2233 1614 2268; x_wconf 88' lang='lat' dir='ltr'>milites</span> <span class='ocrx_word' id='word_1_514' title='bbox 1634 2233 1672 2268; x_wconf 92' lang='lat' dir='ltr'>in</span> <span class='ocrx_word' id='word_1_515' title='bbox 1696 2233 1774 2268; x_wconf 88' lang='lat' dir='ltr'>aliis</span> <span class='ocrx_word' id='word_1_516' title='bbox 1800 2233 1926 2268; x_wconf 88' lang='lat' dir='ltr'>diaetis</span> <span class='ocrx_word' id='word_1_517' title='bbox 1951 2236 2095 2269; x_wconf 88' lang='lat' dir='ltr'>metata.</span> 
     </span>
    </p>
   </div>
   <div class='ocr_carea' id='block_1_35' title="bbox 185 2377 2432 2875">
    <p class='ocr_par' dir='ltr' id='par_1_35' title="bbox 185 2377 2432 2684">
     <span class='ocr_line' id='line_1_77' title="bbox 187 2377 2429 2424; baseline 0.001 -11"><span class='ocrx_word' id='word_1_518' title='bbox 187 2389 318 2413; x_wconf 81' lang='lat' dir='ltr'>curare</span> <span class='ocrx_word' id='word_1_519' title='bbox 341 2388 406 2413; x_wconf 88' lang='lat' dir='ltr'>nec</span> <span class='ocrx_word' id='word_1_520' title='bbox 431 2388 514 2412; x_wconf 82' lang='lat' dir='ltr'>vero</span> <span class='ocrx_word' id='word_1_521' title='bbox 539 2378 588 2412; x_wconf 78' lang='lat' dir='ltr'>acl</span> <span class='ocrx_word' id='word_1_522' title='bbox 610 2378 703 2413; x_wconf 77' lang='lat' dir='ltr'>alias</span> <span class='ocrx_word' id='word_1_523' title='bbox 726 2378 890 2413; x_wconf 83' lang='lat' dir='ltr'>civitates</span> <span class='ocrx_word' id='word_1_524' title='bbox 920 2378 976 2413; x_wconf 83' lang='lat' dir='ltr'>vel</span> <span class='ocrx_word' id='word_1_525' title='bbox 997 2378 1245 2424; x_wconf 81' lang='lat' dir='ltr'>possessiones</span> <span class='ocrx_word' id='word_1_526' title='bbox 1269 2378 1326 2414; x_wconf 81' lang='lat' dir='ltr'>vel</span> <span class='ocrx_word' id='word_1_527' title='bbox 1345 2378 1501 2424; x_wconf 84' lang='lat' dir='ltr'>praedia</span> <span class='ocrx_word' id='word_1_528' title='bbox 1524 2379 1675 2420; x_wconf 83' lang='lat' dir='ltr'>mittere,</span> <span class='ocrx_word' id='word_1_529' title='bbox 1708 2377 1815 2423; x_wconf 84' lang='lat' dir='ltr'>quasi</span> <span class='ocrx_word' id='word_1_530' title='bbox 1838 2378 2023 2413; x_wconf 75' lang='lat' dir='ltr'>exercitus</span> <span class='ocrx_word' id='word_1_531' title='bbox 2050 2378 2102 2414; x_wconf 84' lang='lat' dir='ltr'>ibi</span> <span class='ocrx_word' id='word_1_532' title='bbox 2123 2389 2268 2414; x_wconf 82' lang='lat' dir='ltr'>manere</span> <span class='ocrx_word' id='word_1_533' title='bbox 2291 2379 2429 2423; x_wconf 87' lang='lat' dir='ltr'>debeat,</span> 
     </span>
     <span class='ocr_line' id='line_1_78' title="bbox 187 2422 2428 2470; baseline 0.001 -11"><span class='ocrx_word' id='word_1_534' title='bbox 187 2428 226 2459; x_wconf 90' lang='lat' dir='ltr'>at</span> <span class='ocrx_word' id='word_1_535' title='bbox 253 2434 297 2458; x_wconf 88' lang='lat' dir='ltr'>ue</span> <span class='ocrx_word' id='word_1_536' title='bbox 328 2422 411 2458; x_wconf 84' lang='lat' dir='ltr'>inde</span> <span class='ocrx_word' id='word_1_537' title='bbox 439 2424 615 2468; x_wconf 76' lang='lat' dir='ltr'>pecunias</span> <span class='ocrx_word' id='word_1_538' title='bbox 646 2424 795 2469; x_wconf 73' lang='lat' dir='ltr'>exiqere</span> <span class='ocrx_word' id='word_1_539' title='bbox 826 2434 848 2458; x_wconf 95' lang='lat' dir='ltr'>a</span> <span class='ocrx_word' id='word_1_540' title='bbox 878 2423 1168 2469; x_wconf 75' lang='lat' dir='ltr'>possessionibus</span> <span class='ocrx_word' id='word_1_541' title='bbox 1198 2427 1235 2459; x_wconf 81' lang='lat' dir='ltr'>et</span> <span class='ocrx_word' id='word_1_542' title='bbox 1262 2423 1436 2470; x_wconf 85' lang='lat' dir='ltr'>praediis.</span> <span class='ocrx_word' id='word_1_543' title='bbox 1485 2423 1526 2459; x_wconf 85' lang='lat' dir='ltr'>Si</span> <span class='ocrx_word' id='word_1_544' title='bbox 1551 2424 1641 2470; x_wconf 81' lang='lat' dir='ltr'>quid</span> <span class='ocrx_word' id='word_1_545' title='bbox 1663 2428 1782 2458; x_wconf 83' lang='lat' dir='ltr'>autem</span> <span class='ocrx_word' id='word_1_546' title='bbox 1813 2433 1856 2458; x_wconf 82' lang='lat' dir='ltr'>eo</span> <span class='ocrx_word' id='word_1_547' title='bbox 1880 2424 2026 2458; x_wconf 82' lang='lat' dir='ltr'>nomine</span> <span class='ocrx_word' id='word_1_548' title='bbox 2050 2424 2215 2470; x_wconf 83' lang='lat' dir='ltr'>accipere</span> <span class='ocrx_word' id='word_1_549' title='bbox 2239 2424 2320 2459; x_wconf 84' lang='lat' dir='ltr'>ausi</span> <span class='ocrx_word' id='word_1_550' title='bbox 2341 2425 2428 2468; x_wconf 85' lang='lat' dir='ltr'>sint,</span> 
     </span>
     <span class='ocr_line' id='line_1_79' title="bbox 186 2468 2432 2516; baseline 0.001 -13"><span class='ocrx_word' id='word_1_551' title='bbox 186 2469 223 2503; x_wconf 88' lang='lat' dir='ltr'>iu</span> <span class='ocrx_word' id='word_1_552' title='bbox 250 2478 347 2503; x_wconf 87' lang='lat' dir='ltr'>emus</span> <span class='ocrx_word' id='word_1_553' title='bbox 377 2468 430 2503; x_wconf 85' lang='lat' dir='ltr'>sic</span> <span class='ocrx_word' id='word_1_554' title='bbox 454 2479 596 2514; x_wconf 81' lang='lat' dir='ltr'>quoque</span> <span class='ocrx_word' id='word_1_555' title='bbox 624 2469 815 2515; x_wconf 84' lang='lat' dir='ltr'>praedicta</span> <span class='ocrx_word' id='word_1_556' title='bbox 847 2472 930 2503; x_wconf 89' lang='lat' dir='ltr'>acta</span> <span class='ocrx_word' id='word_1_557' title='bbox 955 2469 1085 2512; x_wconf 83' lang='lat' dir='ltr'>confici</span> <span class='ocrx_word' id='word_1_558' title='bbox 1116 2479 1209 2514; x_wconf 79' lang='lat' dir='ltr'>quae</span> <span class='ocrx_word' id='word_1_559' title='bbox 1233 2468 1418 2504; x_wconf 74' lang='lat' dir='ltr'>declarent</span> <span class='ocrx_word' id='word_1_560' title='bbox 1449 2473 1485 2505; x_wconf 86' lang='lat' dir='ltr'>et</span> <span class='ocrx_word' id='word_1_561' title='bbox 1508 2469 1596 2514; x_wconf 84' lang='lat' dir='ltr'>quid</span> <span class='ocrx_word' id='word_1_562' title='bbox 1619 2468 1743 2503; x_wconf 85' lang='lat' dir='ltr'>datum</span> <span class='ocrx_word' id='word_1_563' title='bbox 1775 2471 1811 2504; x_wconf 87' lang='lat' dir='ltr'>et</span> <span class='ocrx_word' id='word_1_564' title='bbox 1833 2468 1892 2503; x_wconf 88' lang='lat' dir='ltr'>cui</span> <span class='ocrx_word' id='word_1_565' title='bbox 1916 2469 2039 2504; x_wconf 86' lang='lat' dir='ltr'>datum</span> <span class='ocrx_word' id='word_1_566' title='bbox 2061 2470 2120 2511; x_wconf 85' lang='lat' dir='ltr'>sit,</span> <span class='ocrx_word' id='word_1_567' title='bbox 2154 2469 2199 2503; x_wconf 85' lang='lat' dir='ltr'>iis</span> <span class='ocrx_word' id='word_1_568' title='bbox 2222 2473 2341 2504; x_wconf 86' lang='lat' dir='ltr'>autem</span> <span class='ocrx_word' id='word_1_569' title='bbox 2366 2471 2432 2516; x_wconf 83' lang='lat' dir='ltr'>qui</span> 
     </span>
     <span class='ocr_line' id='line_1_80' title="bbox 186 2512 2429 2559; baseline 0 -10"><span class='ocrx_word' id='word_1_570' title='bbox 186 2514 318 2549; x_wconf 86' lang='lat' dir='ltr'>damno</span> <span class='ocrx_word' id='word_1_571' title='bbox 351 2513 475 2558; x_wconf 80' lang='lat' dir='ltr'>affecti</span> <span class='ocrx_word' id='word_1_572' title='bbox 505 2517 590 2549; x_wconf 85' lang='lat' dir='ltr'>sunt</span> <span class='ocrx_word' id='word_1_573' title='bbox 620 2526 643 2548; x_wconf 89' lang='lat' dir='ltr'>a</span> <span class='ocrx_word' id='word_1_574' title='bbox 677 2518 738 2549; x_wconf 85' lang='lat' dir='ltr'>tua</span> <span class='ocrx_word' id='word_1_575' title='bbox 769 2513 891 2558; x_wconf 72' lang='lat' dir='ltr'>qloria</span> <span class='ocrx_word' id='word_1_576' title='bbox 923 2514 1094 2559; x_wconf 84' lang='lat' dir='ltr'>imputari</span> <span class='ocrx_word' id='word_1_577' title='bbox 1124 2514 1179 2549; x_wconf 82' lang='lat' dir='ltr'>vel</span> <span class='ocrx_word' id='word_1_578' title='bbox 1207 2516 1393 2559; x_wconf 85' lang='lat' dir='ltr'>praestari</span> <span class='ocrx_word' id='word_1_579' title='bbox 1423 2514 1617 2549; x_wconf 79' lang='lat' dir='ltr'>secundum</span> <span class='ocrx_word' id='word_1_580' title='bbox 1647 2524 1762 2559; x_wconf 85' lang='lat' dir='ltr'>supra</span> <span class='ocrx_word' id='word_1_581' title='bbox 1795 2512 1928 2548; x_wconf 82' lang='lat' dir='ltr'>dictum</span> <span class='ocrx_word' id='word_1_582' title='bbox 1960 2525 1982 2549; x_wconf 93' lang='lat' dir='ltr'>a</span> <span class='ocrx_word' id='word_1_583' title='bbox 2012 2513 2116 2548; x_wconf 86' lang='lat' dir='ltr'>nobis</span> <span class='ocrx_word' id='word_1_584' title='bbox 2138 2513 2282 2549; x_wconf 87' lang='lat' dir='ltr'>modum</span> <span class='ocrx_word' id='word_1_585' title='bbox 2307 2515 2429 2550; x_wconf 83' lang='lat' dir='ltr'>omnia</span> 
     </span>
     <span class='ocr_line' id='line_1_81' title="bbox 187 2558 2427 2611; baseline 0 -18"><span class='ocrx_word' id='word_1_586' title='bbox 187 2569 433 2611; x_wconf 74' lang='lat' dir='ltr'>quaecumque</span> <span class='ocrx_word' id='word_1_587' title='bbox 457 2569 530 2604; x_wconf 87' lang='lat' dir='ltr'>per</span> <span class='ocrx_word' id='word_1_588' title='bbox 554 2559 728 2594; x_wconf 87' lang='lat' dir='ltr'>eiusmodi</span> <span class='ocrx_word' id='word_1_589' title='bbox 760 2562 843 2594; x_wconf 86' lang='lat' dir='ltr'>acta</span> <span class='ocrx_word' id='word_1_590' title='bbox 874 2558 1058 2593; x_wconf 86' lang='lat' dir='ltr'>declarata</span> <span class='ocrx_word' id='word_1_591' title='bbox 1090 2558 1181 2601; x_wconf 82' lang='lat' dir='ltr'>sint,</span> <span class='ocrx_word' id='word_1_592' title='bbox 1213 2559 1322 2594; x_wconf 83' lang='lat' dir='ltr'>duces</span> <span class='ocrx_word' id='word_1_593' title='bbox 1345 2570 1429 2595; x_wconf 86' lang='lat' dir='ltr'>vero</span> <span class='ocrx_word' id='word_1_594' title='bbox 1461 2565 1496 2594; x_wconf 83' lang='lat' dir='ltr'>et</span> <span class='ocrx_word' id='word_1_595' title='bbox 1519 2570 1581 2594; x_wconf 90' lang='lat' dir='ltr'>eos</span> <span class='ocrx_word' id='word_1_596' title='bbox 1604 2559 1667 2604; x_wconf 82' lang='lat' dir='ltr'>qui</span> <span class='ocrx_word' id='word_1_597' title='bbox 1690 2562 1881 2604; x_wconf 84' lang='lat' dir='ltr'>utrumque</span> <span class='ocrx_word' id='word_1_598' title='bbox 1905 2560 2103 2594; x_wconf 77' lang='lat' dir='ltr'>exercitum</span> <span class='ocrx_word' id='word_1_599' title='bbox 2128 2562 2292 2594; x_wconf 86' lang='lat' dir='ltr'>nostrum</span> <span class='ocrx_word' id='word_1_600' title='bbox 2316 2560 2427 2595; x_wconf 87' lang='lat' dir='ltr'>dedu-</span> 
     </span>
     <span class='ocr_line' id='line_1_82' title="bbox 187 2603 2428 2682; baseline 0 -44"><span class='ocrx_word' id='word_1_601' title='bbox 187 2608 273 2639; x_wconf 78' lang='lat' dir='ltr'>cunt</span> <span class='ocrx_word' id='word_1_602' title='bbox 296 2606 329 2682; x_wconf 64' lang='lat' dir='ltr'>elt</span> <span class='ocrx_word' id='word_1_603' title='bbox 354 2604 580 2682; x_wconf 53' lang='lat' dir='ltr'>aelechtores</span> <span class='ocrx_word' id='word_1_604' title='bbox 603 2604 752 2650; x_wconf 85' lang='lat' dir='ltr'>duplum</span> <span class='ocrx_word' id='word_1_605' title='bbox 776 2604 853 2639; x_wconf 92' lang='lat' dir='ltr'>eius</span> <span class='ocrx_word' id='word_1_606' title='bbox 879 2603 967 2639; x_wconf 82' lang='lat' dir='ltr'>dare</span> <span class='ocrx_word' id='word_1_607' title='bbox 991 2603 1089 2649; x_wconf 82' lang='lat' dir='ltr'>quod</span> <span class='ocrx_word' id='word_1_608' title='bbox 1111 2614 1152 2639; x_wconf 87' lang='lat' dir='ltr'>eo</span> <span class='ocrx_word' id='word_1_609' title='bbox 1175 2605 1316 2640; x_wconf 85' lang='lat' dir='ltr'>nomine</span> <span class='ocrx_word' id='word_1_610' title='bbox 1339 2605 1504 2650; x_wconf 83' lang='lat' dir='ltr'>accipere</span> <span class='ocrx_word' id='word_1_611' title='bbox 1528 2604 1608 2639; x_wconf 85' lang='lat' dir='ltr'>ausi</span> <span class='ocrx_word' id='word_1_612' title='bbox 1632 2604 1715 2645; x_wconf 87' lang='lat' dir='ltr'>sint,</span> <span class='ocrx_word' id='word_1_613' title='bbox 1747 2606 2012 2649; x_wconf 83' lang='lat' dir='ltr'>prometatores</span> <span class='ocrx_word' id='word_1_614' title='bbox 2035 2614 2120 2639; x_wconf 81' lang='lat' dir='ltr'>vero</span> <span class='ocrx_word' id='word_1_615' title='bbox 2151 2608 2187 2640; x_wconf 90' lang='lat' dir='ltr'>et</span> <span class='ocrx_word' id='word_1_616' title='bbox 2209 2605 2428 2650; x_wconf 85' lang='lat' dir='ltr'>supplicium</span> 
     </span>
     <span class='ocr_line' id='line_1_83' title="bbox 185 2648 548 2684; baseline -0.003 0"><span class='ocrx_word' id='word_1_617' title='bbox 185 2652 220 2684; x_wconf 86' lang='lat' dir='ltr'>et</span> <span class='ocrx_word' id='word_1_618' title='bbox 244 2649 307 2684; x_wconf 77' lang='lat' dir='ltr'>exi</span> <span class='ocrx_word' id='word_1_619' title='bbox 322 2648 394 2682; x_wconf 84' lang='lat' dir='ltr'>ium</span> <span class='ocrx_word' id='word_1_620' title='bbox 419 2659 460 2683; x_wconf 87' lang='lat' dir='ltr'>su</span> <span class='ocrx_word' id='word_1_621' title='bbox 486 2649 548 2683; x_wconf 82' lang='lat' dir='ltr'>ire.</span> 
     </span>
    </p>

    <p class='ocr_par' dir='ltr' id='par_1_36' title="bbox 185 2692 2428 2875">
     <span class='ocr_line' id='line_1_84' title="bbox 321 2692 2428 2740; baseline 0.001 -13"><span class='ocrx_word' id='word_1_622' title='bbox 321 2693 399 2728; x_wconf 89' lang='lat' dir='ltr'>V11.</span> <span class='ocrx_word' id='word_1_623' title='bbox 447 2692 491 2728; x_wconf 86' lang='lat' dir='ltr'>Si</span> <span class='ocrx_word' id='word_1_624' title='bbox 510 2694 575 2738; x_wconf 83' lang='lat' dir='ltr'>qui</span> <span class='ocrx_word' id='word_1_625' title='bbox 594 2697 711 2728; x_wconf 84' lang='lat' dir='ltr'>autem</span> <span class='ocrx_word' id='word_1_626' title='bbox 735 2703 785 2729; x_wconf 81' lang='lat' dir='ltr'>ex</span> <span class='ocrx_word' id='word_1_627' title='bbox 800 2693 1035 2740; x_wconf 78' lang='lat' dir='ltr'>praesidibus</span> <span class='ocrx_word' id='word_1_628' title='bbox 1054 2693 1329 2740; x_wconf 83' lang='lat' dir='ltr'>provinciarum</span> <span class='ocrx_word' id='word_1_629' title='bbox 1355 2694 1575 2730; x_wconf 77' lang='lat' dir='ltr'>colludentes</span> <span class='ocrx_word' id='word_1_630' title='bbox 1597 2695 1760 2738; x_wconf 84' lang='lat' dir='ltr'>fortasse</span> <span class='ocrx_word' id='word_1_631' title='bbox 1783 2703 1863 2728; x_wconf 87' lang='lat' dir='ltr'>cum</span> <span class='ocrx_word' id='word_1_632' title='bbox 1887 2694 1932 2729; x_wconf 82' lang='lat' dir='ltr'>iis</span> <span class='ocrx_word' id='word_1_633' title='bbox 1955 2695 2020 2739; x_wconf 82' lang='lat' dir='ltr'>qui</span> <span class='ocrx_word' id='word_1_634' title='bbox 2041 2694 2241 2729; x_wconf 67' lang='lat' dir='ltr'>accercitum</span> <span class='ocrx_word' id='word_1_635' title='bbox 2264 2699 2428 2730; x_wconf 81' lang='lat' dir='ltr'>nostrum</span> 
     </span>
     <span class='ocr_line' id='line_1_85' title="bbox 186 2738 2428 2785; baseline 0 -11"><span class='ocrx_word' id='word_1_636' title='bbox 186 2738 366 2774; x_wconf 83' lang='lat' dir='ltr'>deducunt</span> <span class='ocrx_word' id='word_1_637' title='bbox 396 2749 469 2773; x_wconf 92' lang='lat' dir='ltr'>non</span> <span class='ocrx_word' id='word_1_638' title='bbox 494 2739 755 2784; x_wconf 80' lang='lat' dir='ltr'>apparaverint</span> <span class='ocrx_word' id='word_1_639' title='bbox 778 2749 971 2784; x_wconf 77' lang='lat' dir='ltr'>expensaS,</span> <span class='ocrx_word' id='word_1_640' title='bbox 1005 2742 1114 2785; x_wconf 84' lang='lat' dir='ltr'>atque</span> <span class='ocrx_word' id='word_1_641' title='bbox 1136 2739 1220 2774; x_wconf 84' lang='lat' dir='ltr'>inde</span> <span class='ocrx_word' id='word_1_642' title='bbox 1240 2750 1310 2784; x_wconf 90' lang='lat' dir='ltr'>per</span> <span class='ocrx_word' id='word_1_643' title='bbox 1333 2739 1495 2774; x_wconf 85' lang='lat' dir='ltr'>diversas</span> <span class='ocrx_word' id='word_1_644' title='bbox 1519 2739 1680 2774; x_wconf 86' lang='lat' dir='ltr'>civitates</span> <span class='ocrx_word' id='word_1_645' title='bbox 1704 2742 1739 2774; x_wconf 87' lang='lat' dir='ltr'>et</span> <span class='ocrx_word' id='word_1_646' title='bbox 1760 2738 1915 2784; x_wconf 83' lang='lat' dir='ltr'>praedia</span> <span class='ocrx_word' id='word_1_647' title='bbox 1939 2749 2001 2774; x_wconf 88' lang='lat' dir='ltr'>eos</span> <span class='ocrx_word' id='word_1_648' title='bbox 2020 2739 2239 2784; x_wconf 82' lang='lat' dir='ltr'>perducant,</span> <span class='ocrx_word' id='word_1_649' title='bbox 2268 2739 2428 2775; x_wconf 83' lang='lat' dir='ltr'>iubemus</span> 
     </span>
     <span class='ocr_line' id='line_1_86' title="bbox 185 2783 2428 2830; baseline 0 -11"><span class='ocrx_word' id='word_1_650' title='bbox 185 2783 268 2819; x_wconf 84' lang='lat' dir='ltr'>illos</span> <span class='ocrx_word' id='word_1_651' title='bbox 291 2783 508 2829; x_wconf 75' lang='lat' dir='ltr'>maqistratu</span> <span class='ocrx_word' id='word_1_652' title='bbox 533 2787 651 2818; x_wconf 89' lang='lat' dir='ltr'>motos</span> <span class='ocrx_word' id='word_1_653' title='bbox 668 2783 911 2829; x_wconf 81' lang='lat' dir='ltr'>publicationi</span> <span class='ocrx_word' id='word_1_654' title='bbox 934 2785 1108 2820; x_wconf 89' lang='lat' dir='ltr'>bonorum</span> <span class='ocrx_word' id='word_1_655' title='bbox 1132 2787 1168 2820; x_wconf 87' lang='lat' dir='ltr'>et</span> <span class='ocrx_word' id='word_1_656' title='bbox 1190 2784 1303 2819; x_wconf 79' lang='lat' dir='ltr'>exilio</span> <span class='ocrx_word' id='word_1_657' title='bbox 1330 2795 1408 2819; x_wconf 83' lang='lat' dir='ltr'>cum</span> <span class='ocrx_word' id='word_1_658' title='bbox 1434 2784 1571 2829; x_wconf 77' lang='lat' dir='ltr'>officiis</span> <span class='ocrx_word' id='word_1_659' title='bbox 1603 2795 1696 2830; x_wconf 84' lang='lat' dir='ltr'>quae</span> <span class='ocrx_word' id='word_1_660' title='bbox 1719 2784 1763 2818; x_wconf 84' lang='lat' dir='ltr'>iis</span> <span class='ocrx_word' id='word_1_661' title='bbox 1784 2787 1918 2830; x_wconf 82' lang='lat' dir='ltr'>parent</span> <span class='ocrx_word' id='word_1_662' title='bbox 1940 2783 2073 2825; x_wconf 86' lang='lat' dir='ltr'>subici,</span> <span class='ocrx_word' id='word_1_663' title='bbox 2106 2784 2284 2819; x_wconf 85' lang='lat' dir='ltr'>subiectos</span> <span class='ocrx_word' id='word_1_664' title='bbox 2308 2789 2428 2820; x_wconf 89' lang='lat' dir='ltr'>autem</span> 
     </span>
     <span class='ocr_line' id='line_1_87' title="bbox 185 2828 2428 2875; baseline 0 -12"><span class='ocrx_word' id='word_1_665' title='bbox 185 2833 332 2863; x_wconf 86' lang='lat' dir='ltr'>nostros</span> <span class='ocrx_word' id='word_1_666' title='bbox 355 2829 407 2863; x_wconf 82' lang='lat' dir='ltr'>sic</span> <span class='ocrx_word' id='word_1_667' title='bbox 431 2839 573 2874; x_wconf 80' lang='lat' dir='ltr'>quoque</span> <span class='ocrx_word' id='word_1_668' title='bbox 598 2828 781 2864; x_wconf 85' lang='lat' dir='ltr'>indemnes</span> <span class='ocrx_word' id='word_1_669' title='bbox 803 2829 942 2864; x_wconf 78' lang='lat' dir='ltr'>servari</span> <span class='ocrx_word' id='word_1_670' title='bbox 966 2833 1029 2864; x_wconf 90' lang='lat' dir='ltr'>aut</span> <span class='ocrx_word' id='word_1_671' title='bbox 1052 2840 1101 2864; x_wconf 74' lang='lat' dir='ltr'>ecc</span> <span class='ocrx_word' id='word_1_672' title='bbox 1123 2830 1281 2864; x_wconf 82' lang='lat' dir='ltr'>recautis</span> <span class='ocrx_word' id='word_1_673' title='bbox 1305 2829 1401 2864; x_wconf 88' lang='lat' dir='ltr'>datis</span> <span class='ocrx_word' id='word_1_674' title='bbox 1427 2833 1492 2864; x_wconf 91' lang='lat' dir='ltr'>aut</span> <span class='ocrx_word' id='word_1_675' title='bbox 1513 2840 1562 2864; x_wconf 71' lang='grc' dir='ltr'><em>σω</em></span> <span class='ocrx_word' id='word_1_676' title='bbox 1586 2829 1678 2864; x_wconf 84' lang='lat' dir='ltr'>actis</span> <span class='ocrx_word' id='word_1_677' title='bbox 1702 2839 1796 2874; x_wconf 81' lang='lat' dir='ltr'>quae</span> <span class='ocrx_word' id='word_1_678' title='bbox 1819 2828 2014 2864; x_wconf 86' lang='lat' dir='ltr'>secundum</span> <span class='ocrx_word' id='word_1_679' title='bbox 2028 2829 2261 2875; x_wconf 84' lang='lat' dir='ltr'>praedictum</span> <span class='ocrx_word' id='word_1_680' title='bbox 2284 2829 2428 2865; x_wconf 87' lang='lat' dir='ltr'>modum</span> 
     </span>
    </p>
   </div>
   <div class='ocr_carea' id='block_1_36' title="bbox 182 2873 2428 2962">
    <p class='ocr_par' dir='ltr' id='par_1_37' title="bbox 182 2873 2428 2962">
     <span class='ocr_line' id='line_1_88' title="bbox 212 2873 425 2909; baseline -0.005 0"><span class='ocrx_word' id='word_1_681' title='bbox 212 2873 266 2909; x_wconf 80' lang='lat' dir='ltr'>eri</span> <span class='ocrx_word' id='word_1_682' title='bbox 288 2873 425 2909; x_wconf 79' lang='lat' dir='ltr'>debent.</span> 
     </span>
     <span class='ocr_line' id='line_1_89' title="bbox 182 2874 2428 2962; baseline 0 -8"><span class='ocrx_word' id='word_1_683' title='bbox 182 2874 211 2919; x_wconf 69' lang='lat' dir='ltr'><em>fi</em></span> <span class='ocrx_word' id='word_1_684' title='bbox 319 2918 417 2954; x_wconf 84' lang='lat' dir='ltr'><strong>VIII.</strong></span> <span class='ocrx_word' id='word_1_685' title='bbox 465 2918 568 2953; x_wconf 85' lang='lat' dir='ltr'>Haec</span> <span class='ocrx_word' id='word_1_686' title='bbox 592 2921 710 2953; x_wconf 84' lang='lat' dir='ltr'>autem</span> <span class='ocrx_word' id='word_1_687' title='bbox 740 2919 880 2954; x_wconf 85' lang='lat' dir='ltr'>servari</span> <span class='ocrx_word' id='word_1_688' title='bbox 909 2919 1070 2955; x_wconf 86' lang='lat' dir='ltr'>iubemus</span> <span class='ocrx_word' id='word_1_689' title='bbox 1100 2928 1172 2953; x_wconf 89' lang='lat' dir='ltr'>non</span> <span class='ocrx_word' id='word_1_690' title='bbox 1195 2917 1311 2953; x_wconf 89' lang='lat' dir='ltr'>solum</span> <span class='ocrx_word' id='word_1_691' title='bbox 1342 2918 1380 2953; x_wconf 86' lang='lat' dir='ltr'>in</span> <span class='ocrx_word' id='word_1_692' title='bbox 1406 2917 1562 2953; x_wconf 85' lang='lat' dir='ltr'>transitu</span> <span class='ocrx_word' id='word_1_693' title='bbox 1585 2922 1792 2954; x_wconf 86' lang='lat' dir='ltr'>nostrorum</span> <span class='ocrx_word' id='word_1_694' title='bbox 1817 2919 1947 2954; x_wconf 86' lang='lat' dir='ltr'>ducum</span> <span class='ocrx_word' id='word_1_695' title='bbox 1969 2922 2005 2955; x_wconf 83' lang='lat' dir='ltr'>et</span> <span class='ocrx_word' id='word_1_696' title='bbox 2026 2919 2197 2962; x_wconf 86' lang='lat' dir='ltr'>militum,</span> <span class='ocrx_word' id='word_1_697' title='bbox 2233 2919 2299 2955; x_wconf 83' lang='lat' dir='ltr'>sed</span> <span class='ocrx_word' id='word_1_698' title='bbox 2320 2920 2428 2955; x_wconf 83' lang='lat' dir='ltr'>etiam</span> 
     </span>
    </p>
   </div>
   <div class='ocr_carea' id='block_1_37' title="bbox 185 2962 2431 3187">
    <p class='ocr_par' dir='ltr' id='par_1_38' title="bbox 186 2962 1860 3009">
     <span class='ocr_line' id='line_1_90' title="bbox 186 2962 1860 3009; baseline 0.001 -11"><span class='ocrx_word' id='word_1_699' title='bbox 186 2966 386 2999; x_wconf 84' lang='lat' dir='ltr'>ceterorum</span> <span class='ocrx_word' id='word_1_700' title='bbox 411 2963 474 3008; x_wconf 80' lang='lat' dir='ltr'>qui</span> <span class='ocrx_word' id='word_1_701' title='bbox 497 2974 547 2998; x_wconf 79' lang='lat' dir='ltr'>ex</span> <span class='ocrx_word' id='word_1_702' title='bbox 571 2962 730 3008; x_wconf 83' lang='lat' dir='ltr'>qualibet</span> <span class='ocrx_word' id='word_1_703' title='bbox 752 2968 857 3009; x_wconf 72' lang='lat' dir='ltr'>qente</span> <span class='ocrx_word' id='word_1_704' title='bbox 881 2964 1023 2999; x_wconf 74' lang='lat' dir='ltr'>aucsilio</span> <span class='ocrx_word' id='word_1_705' title='bbox 1046 2964 1102 2998; x_wconf 85' lang='lat' dir='ltr'>rei</span> <span class='ocrx_word' id='word_1_706' title='bbox 1117 2963 1289 3009; x_wconf 83' lang='lat' dir='ltr'>publicae</span> <span class='ocrx_word' id='word_1_707' title='bbox 1313 2965 1460 2998; x_wconf 83' lang='lat' dir='ltr'>nostrae</span> <span class='ocrx_word' id='word_1_708' title='bbox 1484 2973 1507 2998; x_wconf 87' lang='lat' dir='ltr'>a</span> <span class='ocrx_word' id='word_1_709' title='bbox 1531 2962 1634 2999; x_wconf 81' lang='lat' dir='ltr'>nobis</span> <span class='ocrx_word' id='word_1_710' title='bbox 1657 2963 1860 2999; x_wconf 87' lang='lat' dir='ltr'>mittuntur.</span> 
     </span>
    </p>

    <p class='ocr_par' dir='ltr' id='par_1_39' title="bbox 185 3007 2431 3187">
     <span class='ocr_line' id='line_1_91' title="bbox 321 3007 2431 3087; baseline 0.001 -46"><span class='ocrx_word' id='word_1_711' title='bbox 321 3007 384 3042; x_wconf 86' lang='lat' dir='ltr'>IX.</span> <span class='ocrx_word' id='word_1_712' title='bbox 434 3007 488 3042; x_wconf 89' lang='lat' dir='ltr'>Ne</span> <span class='ocrx_word' id='word_1_713' title='bbox 512 3018 596 3042; x_wconf 79' lang='lat' dir='ltr'>vero</span> <span class='ocrx_word' id='word_1_714' title='bbox 621 3011 836 3043; x_wconf 81' lang='lat' dir='ltr'>metatorum</span> <span class='ocrx_word' id='word_1_715' title='bbox 860 3008 1019 3043; x_wconf 80' lang='lat' dir='ltr'>dationis</span> <span class='ocrx_word' id='word_1_716' title='bbox 1043 3008 1186 3043; x_wconf 83' lang='lat' dir='ltr'>nomine</span> <span class='ocrx_word' id='word_1_717' title='bbox 1209 3008 1367 3043; x_wconf 85' lang='lat' dir='ltr'>libertati</span> <span class='ocrx_word' id='word_1_718' title='bbox 1390 3007 1629 3043; x_wconf 79' lang='lat' dir='ltr'>subiectorum</span> <span class='ocrx_word' id='word_1_719' title='bbox 1654 3013 1860 3043; x_wconf 83' lang='lat' dir='ltr'>nostrorum</span> <span class='ocrx_word' id='word_1_720' title='bbox 1883 3008 2017 3043; x_wconf 82' lang='lat' dir='ltr'>iniuria</span> <span class='ocrx_word' id='word_1_721' title='bbox 2015 3008 2110 3087; x_wconf 63' lang='lat' dir='ltr'>astat,</span> <span class='ocrx_word' id='word_1_722' title='bbox 2134 3008 2316 3044; x_wconf 79' lang='lat' dir='ltr'>sancimus</span> <span class='ocrx_word' id='word_1_723' title='bbox 2337 3008 2431 3044; x_wconf 86' lang='lat' dir='ltr'>nulli</span> 
     </span>
     <span class='ocr_line' id='line_1_92' title="bbox 187 3052 2427 3099; baseline 0 -12"><span class='ocrx_word' id='word_1_724' title='bbox 187 3053 331 3087; x_wconf 81' lang='lat' dir='ltr'>omnino</span> <span class='ocrx_word' id='word_1_725' title='bbox 365 3063 413 3087; x_wconf 74' lang='lat' dir='ltr'>eas</span> <span class='ocrx_word' id='word_1_726' title='bbox 445 3052 617 3087; x_wconf 83' lang='lat' dir='ltr'>militibus</span> <span class='ocrx_word' id='word_1_727' title='bbox 648 3053 782 3087; x_wconf 85' lang='lat' dir='ltr'>nostris</span> <span class='ocrx_word' id='word_1_728' title='bbox 814 3053 920 3089; x_wconf 87' lang='lat' dir='ltr'>licere</span> <span class='ocrx_word' id='word_1_729' title='bbox 951 3055 988 3089; x_wconf 84' lang='lat' dir='ltr'>in</span> <span class='ocrx_word' id='word_1_730' title='bbox 1010 3052 1277 3099; x_wconf 82' lang='lat' dir='ltr'>principalibus</span> <span class='ocrx_word' id='word_1_731' title='bbox 1301 3052 1600 3095; x_wconf 73' lang='lat' dir='ltr'>habitationibus,</span> <span class='ocrx_word' id='word_1_732' title='bbox 1633 3053 1670 3087; x_wconf 87' lang='lat' dir='ltr'>in</span> <span class='ocrx_word' id='word_1_733' title='bbox 1695 3053 1823 3098; x_wconf 83' lang='lat' dir='ltr'>quibus</span> <span class='ocrx_word' id='word_1_734' title='bbox 1847 3052 1984 3088; x_wconf 89' lang='lat' dir='ltr'>domini</span> <span class='ocrx_word' id='word_1_735' title='bbox 2041 3063 2182 3087; x_wconf 89' lang='lat' dir='ltr'>omuum</span> <span class='ocrx_word' id='word_1_736' title='bbox 2208 3053 2348 3089; x_wconf 79' lang='lat' dir='ltr'>versari</span> <span class='ocrx_word' id='word_1_737' title='bbox 2371 3054 2427 3087; x_wconf 90' lang='lat' dir='ltr'>in-</span> 
     </span>
     <span class='ocr_line' id='line_1_93' title="bbox 185 3096 2428 3175; baseline 0.001 -44"><span class='ocrx_word' id='word_1_738' title='bbox 185 3097 388 3175; x_wconf 40' lang='lat' dir='ltr'>veniuntur,</span> <span class='ocrx_word' id='word_1_739' title='bbox 413 3101 545 3131; x_wconf 88' lang='lat' dir='ltr'>metata</span> <span class='ocrx_word' id='word_1_740' title='bbox 569 3096 638 3131; x_wconf 87' lang='lat' dir='ltr'>sibi</span> <span class='ocrx_word' id='word_1_741' title='bbox 660 3108 811 3140; x_wconf 80' lang='lat' dir='ltr'>sumere,</span> <span class='ocrx_word' id='word_1_742' title='bbox 836 3099 901 3134; x_wconf 83' lang='lat' dir='ltr'>sed</span> <span class='ocrx_word' id='word_1_743' title='bbox 923 3099 1008 3134; x_wconf 86' lang='lat' dir='ltr'>illas</span> <span class='ocrx_word' id='word_1_744' title='bbox 1031 3098 1173 3144; x_wconf 83' lang='lat' dir='ltr'>quidem</span> <span class='ocrx_word' id='word_1_745' title='bbox 1195 3098 1274 3133; x_wconf 81' lang='lat' dir='ltr'>sine</span> <span class='ocrx_word' id='word_1_746' title='bbox 1296 3098 1460 3133; x_wconf 87' lang='lat' dir='ltr'>molestia</span> <span class='ocrx_word' id='word_1_747' title='bbox 1482 3098 1647 3144; x_wconf 82' lang='lat' dir='ltr'>propriis</span> <span class='ocrx_word' id='word_1_748' title='bbox 1670 3097 1825 3133; x_wconf 86' lang='lat' dir='ltr'>dominis</span> <span class='ocrx_word' id='word_1_749' title='bbox 1848 3098 1998 3139; x_wconf 81' lang='lat' dir='ltr'>servari,</span> <span class='ocrx_word' id='word_1_750' title='bbox 2024 3097 2153 3133; x_wconf 83' lang='lat' dir='ltr'>milites</span> <span class='ocrx_word' id='word_1_751' title='bbox 2174 3108 2258 3133; x_wconf 86' lang='lat' dir='ltr'>vero</span> <span class='ocrx_word' id='word_1_752' title='bbox 2283 3098 2321 3133; x_wconf 83' lang='lat' dir='ltr'>in</span> <span class='ocrx_word' id='word_1_753' title='bbox 2345 3098 2428 3133; x_wconf 84' lang='lat' dir='ltr'>aliis</span> 
     </span>
     <span class='ocr_line' id='line_1_94' title="bbox 185 3142 725 3187; baseline -0.004 -10"><span class='ocrx_word' id='word_1_754' title='bbox 185 3153 320 3177; x_wconf 83' lang='lat' dir='ltr'>cenacu</span> <span class='ocrx_word' id='word_1_755' title='bbox 337 3142 367 3175; x_wconf 85' lang='lat' dir='ltr'>is</span> <span class='ocrx_word' id='word_1_756' title='bbox 392 3146 527 3177; x_wconf 85' lang='lat' dir='ltr'>metata</span> <span class='ocrx_word' id='word_1_757' title='bbox 551 3143 725 3187; x_wconf 71' lang='lat' dir='ltr'>accipere.</span> 
     </span>
    </p>
   </div>
   <div class='ocr_carea' id='block_1_38' title="bbox 1396 3251 2429 3298">
    <p class='ocr_par' dir='ltr' id='par_1_40' title="bbox 1396 3251 2429 3298">
     <span class='ocr_line' id='line_1_95' title="bbox 1396 3251 2429 3298; baseline 0 -10"><span class='ocrx_word' id='word_1_758' title='bbox 1396 3257 1417 3289; x_wconf 85' lang='lat'>4</span> <span class='ocrx_word' id='word_1_759' title='bbox 1442 3254 1479 3287; x_wconf 84' lang='lat' dir='ltr'>Si</span> <span class='ocrx_word' id='word_1_760' title='bbox 1502 3256 1599 3298; x_wconf 76' lang='lat' dir='ltr'>vul9.]</span> <span class='ocrx_word' id='word_1_761' title='bbox 1625 3267 1682 3287; x_wconf 89' lang='lat' dir='ltr'>om.</span> <span class='ocrx_word' id='word_1_762' title='bbox 1707 3254 1785 3287; x_wconf 84' lang='lat' dir='ltr'>libri</span> <span class='ocrx_word' id='word_1_763' title='bbox 1809 3251 1821 3296; x_wconf 87' lang='grc' dir='ltr'>ΙΙ</span> <span class='ocrx_word' id='word_1_764' title='bbox 1843 3252 1966 3295; x_wconf 85' lang='lat' dir='ltr'>aliquis</span> <span class='ocrx_word' id='word_1_765' title='bbox 1993 3253 2024 3286; x_wconf 87' lang='grc' dir='ltr'><em>Τ</em></span> <span class='ocrx_word' id='word_1_766' title='bbox 2045 3252 2057 3296; x_wconf 83' lang='grc' dir='ltr'>ΙΙ</span> <span class='ocrx_word' id='word_1_767' title='bbox 2081 3255 2100 3287; x_wconf 88' lang='grc'>5</span> <span class='ocrx_word' id='word_1_768' title='bbox 2126 3253 2185 3294; x_wconf 81' lang='lat' dir='ltr'>sie]</span> <span class='ocrx_word' id='word_1_769' title='bbox 2212 3253 2241 3285; x_wconf 88' lang='lat' dir='ltr'>si</span> <span class='ocrx_word' id='word_1_770' title='bbox 2261 3252 2322 3298; x_wconf 80' lang='lat' dir='ltr'>Vss</span> <span class='ocrx_word' id='word_1_771' title='bbox 2350 3256 2370 3288; x_wconf 89' lang='lat'><strong>6</strong></span> <span class='ocrx_word' id='word_1_772' title='bbox 2395 3256 2429 3287; x_wconf 89' lang='lat' dir='ltr'>et</span> 
     </span>
    </p>
   </div>
   <div class='ocr_carea' id='block_1_39' title="bbox 247 3251 2426 3342">
    <p class='ocr_par' dir='ltr' id='par_1_41' title="bbox 247 3251 2426 3342">
     <span class='ocr_line' id='line_1_96' title="bbox 247 3251 1271 3297; baseline 0.001 -11"><span class='ocrx_word' id='word_1_773' title='bbox 247 3255 266 3286; x_wconf 86' lang='lat'>5</span> <span class='ocrx_word' id='word_1_774' title='bbox 290 3251 510 3297; x_wconf 83' lang='grc' dir='ltr'><em>τολμήσουσι</em></span> <span class='ocrx_word' id='word_1_775' title='bbox 532 3255 634 3294; x_wconf 65' lang='grc' dir='ltr'>ΜΙἎ]</span> <span class='ocrx_word' id='word_1_776' title='bbox 659 3252 831 3297; x_wconf 78' lang='grc' dir='ltr'><em>τολμήσαι</em></span> <span class='ocrx_word' id='word_1_777' title='bbox 855 3253 954 3296; x_wconf 63' lang='lat' dir='ltr'>ngl</span> <span class='ocrx_word' id='word_1_778' title='bbox 988 3257 1006 3288; x_wconf 84' lang='lat'><strong>7</strong></span> <span class='ocrx_word' id='word_1_779' title='bbox 1033 3251 1158 3296; x_wconf 74' lang='grc' dir='ltr'><em>δοθὲν]</em></span> <span class='ocrx_word' id='word_1_780' title='bbox 1182 3255 1271 3288; x_wconf 91' lang='lat' dir='ltr'>unde</span> 
     </span>
     <span class='ocr_line' id='line_1_97' title="bbox 944 3254 2426 3342; baseline -0.001 -10"><span class='ocrx_word' id='word_1_781' title='bbox 944 3254 963 3332; x_wconf 81' lang='grc' dir='ltr'><em>λ</em></span> <span class='ocrx_word' id='word_1_782' title='bbox 1341 3301 1406 3342; x_wconf 86' lang='lat' dir='ltr'>cui]</span> <span class='ocrx_word' id='word_1_783' title='bbox 1434 3301 1466 3333; x_wconf 88' lang='lat' dir='ltr'>et</span> <span class='ocrx_word' id='word_1_784' title='bbox 1491 3312 1548 3333; x_wconf 89' lang='lat' dir='ltr'>om.</span> <span class='ocrx_word' id='word_1_785' title='bbox 1571 3299 1626 3342; x_wconf 75' lang='lat' dir='ltr'>Vn</span> <span class='ocrx_word' id='word_1_786' title='bbox 1645 3302 1662 3332; x_wconf 81' lang='lat'><strong>7</strong></span> <span class='ocrx_word' id='word_1_787' title='bbox 1689 3298 1956 3341; x_wconf 83' lang='lat' dir='ltr'>dampnifioantis</span> <span class='ocrx_word' id='word_1_788' title='bbox 1976 3299 2038 3330; x_wconf 87' lang='lat' dir='ltr'>VT</span> <span class='ocrx_word' id='word_1_789' title='bbox 2045 3301 2062 3318; x_wconf 69' lang='grc' dir='ltr'><em>α</em></span> <span class='ocrx_word' id='word_1_790' title='bbox 2080 3297 2093 3342; x_wconf 79' lang='grc' dir='ltr'>ΙΙ</span> <span class='ocrx_word' id='word_1_791' title='bbox 2109 3308 2128 3330; x_wconf 85' lang='lat' dir='ltr'>a</span> <span class='ocrx_word' id='word_1_792' title='bbox 2143 3300 2202 3330; x_wconf 87' lang='lat' dir='ltr'>tua</span> <span class='ocrx_word' id='word_1_793' title='bbox 2220 3317 2265 3322; x_wconf 89' lang='lat'>—-—</span> <span class='ocrx_word' id='word_1_794' title='bbox 2286 3300 2306 3333; x_wconf 89' lang='grc'>9</span> <span class='ocrx_word' id='word_1_795' title='bbox 2323 3299 2426 3341; x_wconf 82' lang='lat' dir='ltr'>signi-</span> 
     </span>
    </p>
   </div>
   <div class='ocr_carea' id='block_1_40' title="bbox 186 3294 1271 3345">
    <p class='ocr_par' dir='ltr' id='par_1_42' title="bbox 186 3294 1271 3345">
     <span class='ocr_line' id='line_1_98' title="bbox 186 3294 1271 3345; baseline 0.002 -13"><span class='ocrx_word' id='word_1_796' title='bbox 186 3300 219 3339; x_wconf 83' lang='grc' dir='ltr'><em>(ι’.</em></span> <span class='ocrx_word' id='word_1_797' title='bbox 235 3312 260 3332; x_wconf 88' lang='lat' dir='ltr'>e.</span> <span class='ocrx_word' id='word_1_798' title='bbox 283 3294 390 3339; x_wconf 69' lang='grc' dir='ltr'><em>ὅθεν)</em></span> <span class='ocrx_word' id='word_1_799' title='bbox 415 3310 433 3334; x_wconf 85' lang='grc' dir='ltr'>ς</span> <span class='ocrx_word' id='word_1_800' title='bbox 449 3298 460 3339; x_wconf 93' lang='grc' dir='ltr'>ΙΙ</span> <span class='ocrx_word' id='word_1_801' title='bbox 487 3297 701 3345; x_wconf 75' lang='grc' dir='ltr'><em>λογίζεσθαι</em></span> <span class='ocrx_word' id='word_1_802' title='bbox 721 3296 760 3332; x_wconf 82' lang='grc' dir='ltr'><em>δὲ</em></span> <span class='ocrx_word' id='word_1_803' title='bbox 781 3299 840 3341; x_wconf 88' lang='lat' dir='ltr'>M]</span> <span class='ocrx_word' id='word_1_804' title='bbox 865 3301 923 3332; x_wconf 83' lang='grc' dir='ltr'>καὶ</span> <span class='ocrx_word' id='word_1_805' title='bbox 966 3300 1156 3345; x_wconf 70' lang='grc' dir='ltr'><em>ογίζεσθαι</em></span> <span class='ocrx_word' id='word_1_806' title='bbox 1177 3301 1236 3337; x_wconf 65' lang='grc' dir='ltr'>[ις</span> <span class='ocrx_word' id='word_1_807' title='bbox 1261 3300 1271 3344; x_wconf 82' lang='grc' dir='ltr'>ΙΙ</span> 
     </span>
    </p>
   </div>
   <div class='ocr_carea' id='block_1_41' title="bbox 184 3342 1272 3752">
    <p class='ocr_par' dir='ltr' id='par_1_43' title="bbox 184 3342 1272 3591">
     <span class='ocr_line' id='line_1_99' title="bbox 186 3342 1269 3388; baseline 0 -10"><span class='ocrx_word' id='word_1_808' title='bbox 186 3346 206 3378; x_wconf 91' lang='grc'>9</span> <span class='ocrx_word' id='word_1_809' title='bbox 231 3342 310 3384; x_wconf 83' lang='grc' dir='ltr'><em>τὸν]</em></span> <span class='ocrx_word' id='word_1_810' title='bbox 336 3343 413 3376; x_wconf 81' lang='grc' dir='ltr'>τῶν</span> <span class='ocrx_word' id='word_1_811' title='bbox 432 3344 475 3376; x_wconf 88' lang='lat' dir='ltr'><em>M</em></span> <span class='ocrx_word' id='word_1_812' title='bbox 494 3344 506 3387; x_wconf 71' lang='grc' dir='ltr'>ΙΙ</span> <span class='ocrx_word' id='word_1_813' title='bbox 535 3346 574 3378; x_wconf 88' lang='grc'>12</span> <span class='ocrx_word' id='word_1_814' title='bbox 599 3344 804 3386; x_wconf 84' lang='lat' dir='ltr'>delegatoras</span> <span class='ocrx_word' id='word_1_815' title='bbox 823 3346 859 3387; x_wconf 86' lang='lat' dir='ltr'>(s.</span> <span class='ocrx_word' id='word_1_816' title='bbox 873 3357 903 3378; x_wconf 93' lang='grc' dir='ltr'>υ.</span> <span class='ocrx_word' id='word_1_817' title='bbox 922 3345 1092 3388; x_wconf 85' lang='grc' dir='ltr'><em>μηνυτὰς)</em></span> <span class='ocrx_word' id='word_1_818' title='bbox 1113 3346 1144 3378; x_wconf 89' lang='lat' dir='ltr'><em>L</em></span> <span class='ocrx_word' id='word_1_819' title='bbox 1177 3342 1269 3379; x_wconf 82' lang='grc' dir='ltr'><em>δελε-</em></span> 
     </span>
     <span class='ocr_line' id='line_1_100' title="bbox 184 3385 1270 3444; baseline 0.003 -23"><span class='ocrx_word' id='word_1_820' title='bbox 184 3386 338 3434; x_wconf 83' lang='grc' dir='ltr'><em>γάτορας</em></span> <span class='ocrx_word' id='word_1_821' title='bbox 355 3388 424 3432; x_wconf 76' lang='grc' dir='ltr'>ΜΙΙ</span> <span class='ocrx_word' id='word_1_822' title='bbox 445 3390 483 3421; x_wconf 85' lang='grc'>13</span> <span class='ocrx_word' id='word_1_823' title='bbox 511 3385 601 3434; x_wconf 70' lang='grc' dir='ltr'><em>ὑπὲρ</em></span> <span class='ocrx_word' id='word_1_824' title='bbox 624 3387 752 3422; x_wconf 86' lang='grc' dir='ltr'><em>τούτου</em></span> <span class='ocrx_word' id='word_1_825' title='bbox 777 3392 979 3432; x_wconf 79' lang='lat' dir='ltr'>sequentibus</span> <span class='ocrx_word' id='word_1_826' title='bbox 996 3392 1100 3434; x_wconf 73' lang='lat' dir='ltr'>iunyit</span> <span class='ocrx_word' id='word_1_827' title='bbox 1121 3404 1139 3427; x_wconf 78' lang='grc' dir='ltr'>ς</span> <span class='ocrx_word' id='word_1_828' title='bbox 1154 3390 1169 3444; x_wconf 55' lang='grc' dir='ltr'>ΙΙ</span> <span class='ocrx_word' id='word_1_829' title='bbox 1186 3402 1270 3435; x_wconf 90' lang='grc' dir='ltr'><em>προ-</em></span> 
     </span>
     <span class='ocr_line' id='line_1_101' title="bbox 185 3433 1272 3481; baseline 0.003 -16"><span class='ocrx_word' id='word_1_830' title='bbox 185 3433 389 3477; x_wconf 84' lang='grc' dir='ltr'><em>μητάτορας</em></span> <span class='ocrx_word' id='word_1_831' title='bbox 414 3435 574 3475; x_wconf 57' lang='lat' dir='ltr'>(Themin</span> <span class='ocrx_word' id='word_1_832' title='bbox 608 3434 874 3479; x_wconf 82' lang='grc' dir='ltr'><em>προμιτοίτορας</em></span> <span class='ocrx_word' id='word_1_833' title='bbox 896 3435 968 3468; x_wconf 88' lang='lat' dir='ltr'>ML</span> <span class='ocrx_word' id='word_1_834' title='bbox 993 3436 1272 3481; x_wconf 87' lang='grc' dir='ltr'><em>(προμετατορας</em></span> 
     </span>
     <span class='ocr_line' id='line_1_102' title="bbox 185 3478 1271 3526; baseline 0.004 -15"><span class='ocrx_word' id='word_1_835' title='bbox 185 3480 393 3520; x_wconf 83' lang='lat' dir='ltr'>Haloander)</span> <span class='ocrx_word' id='word_1_836' title='bbox 421 3479 432 3522; x_wconf 84' lang='grc' dir='ltr'>ΙΙ</span> <span class='ocrx_word' id='word_1_837' title='bbox 459 3481 498 3513; x_wconf 89' lang='grc'>18</span> <span class='ocrx_word' id='word_1_838' title='bbox 522 3480 639 3526; x_wconf 74' lang='grc' dir='ltr'><em>χώρας</em></span> <span class='ocrx_word' id='word_1_839' title='bbox 663 3481 694 3512; x_wconf 92' lang='lat' dir='ltr'><em>L</em></span> <span class='ocrx_word' id='word_1_840' title='bbox 718 3479 730 3523; x_wconf 92' lang='grc' dir='ltr'>ΙΙ</span> <span class='ocrx_word' id='word_1_841' title='bbox 759 3482 798 3514; x_wconf 87' lang='grc'>19</span> <span class='ocrx_word' id='word_1_842' title='bbox 819 3478 901 3513; x_wconf 78' lang='grc' dir='ltr'><em>τοὺς</em></span> <span class='ocrx_word' id='word_1_843' title='bbox 924 3478 1115 3522; x_wconf 82' lang='grc' dir='ltr'><em>τοιούτους]</em></span> <span class='ocrx_word' id='word_1_844' title='bbox 1142 3492 1194 3514; x_wconf 86' lang='lat' dir='ltr'>eos</span> <span class='ocrx_word' id='word_1_845' title='bbox 1219 3493 1238 3518; x_wconf 86' lang='grc' dir='ltr'>ς</span> <span class='ocrx_word' id='word_1_846' title='bbox 1260 3481 1271 3525; x_wconf 85' lang='grc' dir='ltr'>ΙΙ</span> 
     </span>
     <span class='ocr_line' id='line_1_103' title="bbox 186 3521 1271 3570; baseline 0.003 -15"><span class='ocrx_word' id='word_1_847' title='bbox 186 3524 228 3557; x_wconf 88' lang='grc'>25</span> <span class='ocrx_word' id='word_1_848' title='bbox 259 3524 379 3556; x_wconf 84' lang='grc' dir='ltr'><em>Ταῦτα</em></span> <span class='ocrx_word' id='word_1_849' title='bbox 404 3521 453 3564; x_wconf 81' lang='grc' dir='ltr'>δὲ]</span> <span class='ocrx_word' id='word_1_850' title='bbox 488 3525 562 3556; x_wconf 88' lang='lat' dir='ltr'>Hoc</span> <span class='ocrx_word' id='word_1_851' title='bbox 586 3526 695 3557; x_wconf 89' lang='lat' dir='ltr'>autem</span> <span class='ocrx_word' id='word_1_852' title='bbox 721 3526 829 3567; x_wconf 88' lang='lat' dir='ltr'>ipsum</span> <span class='ocrx_word' id='word_1_853' title='bbox 861 3526 894 3565; x_wconf 80' lang='lat' dir='ltr'>(i.</span> <span class='ocrx_word' id='word_1_854' title='bbox 921 3538 945 3559; x_wconf 88' lang='lat' dir='ltr'>e.</span> <span class='ocrx_word' id='word_1_855' title='bbox 977 3523 1092 3560; x_wconf 75' lang='grc' dir='ltr'>Ταύτὸ</span> <span class='ocrx_word' id='word_1_856' title='bbox 1119 3523 1194 3568; x_wconf 67' lang='grc' dir='ltr'><em>δὲῗ)</em></span> <span class='ocrx_word' id='word_1_857' title='bbox 1220 3538 1238 3563; x_wconf 89' lang='grc' dir='ltr'><em>ς</em></span> <span class='ocrx_word' id='word_1_858' title='bbox 1260 3529 1271 3570; x_wconf 81' lang='grc' dir='ltr'>Η</span> 
     </span>
     <span class='ocr_line' id='line_1_104' title="bbox 378 3566 1149 3591; baseline 0.003 -15"><span class='ocrx_word' id='word_1_859' title='bbox 378 3568 386 3578; x_wconf 90' lang='grc' dir='ltr'><em>Ι</em></span> <span class='ocrx_word' id='word_1_860' title='bbox 529 3573 546 3591; x_wconf 75' lang='grc' dir='ltr'><em>α</em></span> <span class='ocrx_word' id='word_1_861' title='bbox 671 3566 687 3577; x_wconf 71' lang='lat' dir='ltr'>&lt;l</span> <span class='ocrx_word' id='word_1_862' title='bbox 807 3569 815 3579; x_wconf 55' lang='grc' dir='ltr'><strong>Χ</strong></span> <span class='ocrx_word' id='word_1_863' title='bbox 872 3571 882 3581; x_wconf 57' lang='lat' dir='ltr'>x</span> <span class='ocrx_word' id='word_1_864' title='bbox 1024 3573 1031 3580; x_wconf 72' lang='grc' dir='ltr'>ο</span> <span class='ocrx_word' id='word_1_865' title='bbox 1131 3567 1149 3579; x_wconf 69' lang='lat' dir='ltr'>‘l</span> 
     </span>
    </p>

    <p class='ocr_par' dir='ltr' id='par_1_44' title="bbox 185 3567 1271 3752">
     <span class='ocr_line' id='line_1_105' title="bbox 186 3567 1271 3660; baseline 0.006 -16"><span class='ocrx_word' id='word_1_866' title='bbox 186 3567 1028 3658; x_wconf 38' lang='lat' dir='ltr'>nitidissimi&amp;bituritas</span> <span class='ocrx_word' id='word_1_867' title='bbox 1118 3582 1271 3660; x_wconf 57' lang='grc' dir='ltr'><em>εῖηῑῑ</em></span> 
     </span>
     <span class='ocr_line' id='line_1_106' title="bbox 186 3654 1271 3704; baseline 0.006 -14"><span class='ocrx_word' id='word_1_868' title='bbox 186 3654 310 3691; x_wconf 85' lang='grc' dir='ltr'><em>τάτων</em></span> <span class='ocrx_word' id='word_1_869' title='bbox 335 3662 391 3702; x_wconf 86' lang='lat' dir='ltr'>(ef.</span> <span class='ocrx_word' id='word_1_870' title='bbox 419 3661 566 3701; x_wconf 82' lang='lat' dir='ltr'>leeod.)]</span> <span class='ocrx_word' id='word_1_871' title='bbox 597 3658 765 3703; x_wconf 85' lang='grc' dir='ltr'><em>μιτάτων</em></span> <span class='ocrx_word' id='word_1_872' title='bbox 790 3661 862 3694; x_wconf 92' lang='lat' dir='ltr'>ML</span> <span class='ocrx_word' id='word_1_873' title='bbox 880 3661 892 3704; x_wconf 75' lang='lat' dir='ltr'>ss</span> <span class='ocrx_word' id='word_1_874' title='bbox 918 3662 959 3695; x_wconf 85' lang='lat'>32</span> <span class='ocrx_word' id='word_1_875' title='bbox 985 3660 1115 3701; x_wconf 80' lang='grc' dir='ltr'><em>ἐξεῖναι</em></span> <span class='ocrx_word' id='word_1_876' title='bbox 1139 3673 1271 3697; x_wconf 87' lang='grc' dir='ltr'><em>παντε-</em></span> 
     </span>
     <span class='ocr_line' id='line_1_107' title="bbox 185 3699 1226 3752; baseline 0.002 -14"><span class='ocrx_word' id='word_1_877' title='bbox 185 3699 255 3738; x_wconf 68' lang='grc' dir='ltr'>λῶς</span> <span class='ocrx_word' id='word_1_878' title='bbox 280 3704 337 3745; x_wconf 88' lang='grc' dir='ltr'>Μ]</span> <span class='ocrx_word' id='word_1_879' title='bbox 362 3703 549 3739; x_wconf 75' lang='grc' dir='ltr'><em>παντελοῦς</em></span> <span class='ocrx_word' id='word_1_880' title='bbox 573 3705 705 3745; x_wconf 77' lang='grc' dir='ltr'><em>ἐξεῖναι</em></span> <span class='ocrx_word' id='word_1_881' title='bbox 729 3707 789 3742; x_wconf 61' lang='lat' dir='ltr'>Le</span> <span class='ocrx_word' id='word_1_882' title='bbox 814 3706 826 3751; x_wconf 83' lang='grc' dir='ltr'>ΙΙ</span> <span class='ocrx_word' id='word_1_883' title='bbox 852 3708 903 3741; x_wconf 85' lang='lat'>35.</span> <span class='ocrx_word' id='word_1_884' title='bbox 931 3709 970 3741; x_wconf 85' lang='lat'>37</span> <span class='ocrx_word' id='word_1_885' title='bbox 995 3707 1132 3752; x_wconf 84' lang='grc' dir='ltr'><em>μιτάτα</em></span> <span class='ocrx_word' id='word_1_886' title='bbox 1154 3708 1226 3741; x_wconf 82' lang='lat' dir='ltr'>ML</span> 
     </span>
    </p>
   </div>
   <div class='ocr_carea' id='block_1_42' title="bbox 1339 3342 2428 3752">
    <p class='ocr_par' dir='ltr' id='par_1_45' title="bbox 1339 3342 2428 3752">
     <span class='ocr_line' id='line_1_108' title="bbox 1339 3342 2426 3387; baseline -0.001 -9"><span class='ocrx_word' id='word_1_887' title='bbox 1339 3346 1482 3378; x_wconf 84' lang='lat' dir='ltr'>ficantur</span> <span class='ocrx_word' id='word_1_888' title='bbox 1503 3358 1562 3378; x_wconf 88' lang='lat' dir='ltr'>om.</span> <span class='ocrx_word' id='word_1_889' title='bbox 1586 3345 1642 3387; x_wconf 69' lang='lat' dir='ltr'>Vl}</span> <span class='ocrx_word' id='word_1_890' title='bbox 1660 3344 1816 3387; x_wconf 87' lang='lat' dir='ltr'>praebere</span> <span class='ocrx_word' id='word_1_891' title='bbox 1840 3345 1872 3376; x_wconf 92' lang='lat' dir='ltr'><em>T</em></span> <span class='ocrx_word' id='word_1_892' title='bbox 1883 3345 1894 3385; x_wconf 76' lang='grc' dir='ltr'>ΙΙ</span> <span class='ocrx_word' id='word_1_893' title='bbox 1915 3345 1935 3377; x_wconf 88' lang='grc'>9</span> <span class='ocrx_word' id='word_1_894' title='bbox 1961 3343 2193 3385; x_wconf 83' lang='lat' dir='ltr'>quodcumque</span> <span class='ocrx_word' id='word_1_895' title='bbox 2214 3342 2272 3387; x_wconf 73' lang='lat' dir='ltr'>Vn</span> <span class='ocrx_word' id='word_1_896' title='bbox 2292 3346 2331 3377; x_wconf 91' lang='lat'>10</span> <span class='ocrx_word' id='word_1_897' title='bbox 2356 3344 2426 3377; x_wconf 85' lang='lat' dir='ltr'>dio-</span> 
     </span>
     <span class='ocr_line' id='line_1_109' title="bbox 1341 3388 2426 3434; baseline -0.003 -10"><span class='ocrx_word' id='word_1_898' title='bbox 1341 3393 1445 3424; x_wconf 83' lang='lat' dir='ltr'>sostas</span> <span class='ocrx_word' id='word_1_899' title='bbox 1463 3391 1495 3423; x_wconf 90' lang='lat' dir='ltr'><em>T</em></span> <span class='ocrx_word' id='word_1_900' title='bbox 1516 3389 1528 3434; x_wconf 78' lang='grc' dir='ltr'>ΙΙ</span> <span class='ocrx_word' id='word_1_901' title='bbox 1554 3391 1593 3424; x_wconf 84' lang='lat'>11</span> <span class='ocrx_word' id='word_1_902' title='bbox 1619 3390 1912 3431; x_wconf 84' lang='lat' dir='ltr'>praesumpserunt</span> <span class='ocrx_word' id='word_1_903' title='bbox 1938 3389 2022 3430; x_wconf 83' lang='lat' dir='ltr'>libri,</span> <span class='ocrx_word' id='word_1_904' title='bbox 2049 3390 2229 3432; x_wconf 51' lang='lat' dir='ltr'>cori-,vulo</span> <span class='ocrx_word' id='word_1_905' title='bbox 2252 3388 2265 3433; x_wconf 85' lang='grc' dir='ltr'>ΙΙ</span> <span class='ocrx_word' id='word_1_906' title='bbox 2292 3391 2335 3423; x_wconf 88' lang='grc'>16</span> <span class='ocrx_word' id='word_1_907' title='bbox 2356 3389 2426 3422; x_wconf 87' lang='lat' dir='ltr'>dia-</span> 
     </span>
     <span class='ocr_line' id='line_1_110' title="bbox 1341 3433 2428 3478; baseline 0 -10"><span class='ocrx_word' id='word_1_908' title='bbox 1341 3438 1443 3468; x_wconf 88' lang='lat' dir='ltr'>sostas</span> <span class='ocrx_word' id='word_1_909' title='bbox 1460 3436 1493 3468; x_wconf 94' lang='lat' dir='ltr'><strong><em>V</em></strong></span> <span class='ocrx_word' id='word_1_910' title='bbox 1508 3435 1669 3468; x_wconf 84' lang='lat' dir='ltr'>diosostas</span> <span class='ocrx_word' id='word_1_911' title='bbox 1686 3436 1723 3476; x_wconf 89' lang='lat' dir='ltr'>T,</span> <span class='ocrx_word' id='word_1_912' title='bbox 1745 3445 1820 3467; x_wconf 88' lang='lat' dir='ltr'>cum</span> <span class='ocrx_word' id='word_1_913' title='bbox 1837 3434 1991 3466; x_wconf 86' lang='lat' dir='ltr'>diasostis</span> <span class='ocrx_word' id='word_1_914' title='bbox 2007 3435 2094 3478; x_wconf 75' lang='lat' dir='ltr'>vuly.</span> <span class='ocrx_word' id='word_1_915' title='bbox 2114 3433 2126 3477; x_wconf 82' lang='grc' dir='ltr'>ΙΙ</span> <span class='ocrx_word' id='word_1_916' title='bbox 2142 3437 2428 3476; x_wconf 83' lang='lat' dir='ltr'>praeparauerunt</span> 
     </span>
     <span class='ocr_line' id='line_1_111' title="bbox 1350 3479 2427 3524; baseline -0.001 -10"><span class='ocrx_word' id='word_1_917' title='bbox 1350 3481 1405 3524; x_wconf 73' lang='lat' dir='ltr'>Vn</span> <span class='ocrx_word' id='word_1_918' title='bbox 1428 3482 1465 3514; x_wconf 88' lang='grc'>18</span> <span class='ocrx_word' id='word_1_919' title='bbox 1479 3481 1665 3524; x_wconf 86' lang='lat' dir='ltr'>producant</span> <span class='ocrx_word' id='word_1_920' title='bbox 1686 3481 1719 3514; x_wconf 88' lang='lat' dir='ltr'><strong><em>V</em></strong></span> <span class='ocrx_word' id='word_1_921' title='bbox 1732 3479 1744 3524; x_wconf 78' lang='grc' dir='ltr'>ΙΙ</span> <span class='ocrx_word' id='word_1_922' title='bbox 1761 3482 1800 3513; x_wconf 87' lang='grc'>21</span> <span class='ocrx_word' id='word_1_923' title='bbox 1817 3479 1996 3512; x_wconf 88' lang='lat' dir='ltr'>donatione</span> <span class='ocrx_word' id='word_1_924' title='bbox 2016 3479 2071 3523; x_wconf 71' lang='lat' dir='ltr'>VH</span> <span class='ocrx_word' id='word_1_925' title='bbox 2092 3481 2133 3513; x_wconf 84' lang='lat'>22</span> <span class='ocrx_word' id='word_1_926' title='bbox 2147 3479 2282 3511; x_wconf 91' lang='lat' dir='ltr'>modum</span> <span class='ocrx_word' id='word_1_927' title='bbox 2302 3493 2359 3513; x_wconf 88' lang='lat' dir='ltr'>om.</span> <span class='ocrx_word' id='word_1_928' title='bbox 2372 3481 2405 3513; x_wconf 88' lang='lat' dir='ltr'><strong><em>T</em></strong></span> <span class='ocrx_word' id='word_1_929' title='bbox 2416 3480 2427 3523; x_wconf 82' lang='grc' dir='ltr'>ΙΙ</span> 
     </span>
     <span class='ocr_line' id='line_1_112' title="bbox 1342 3523 2425 3569; baseline -0.001 -10"><span class='ocrx_word' id='word_1_930' title='bbox 1342 3528 1385 3560; x_wconf 87' lang='grc'>26</span> <span class='ocrx_word' id='word_1_931' title='bbox 1407 3526 1596 3558; x_wconf 85' lang='lat' dir='ltr'>*transitos</span> <span class='ocrx_word' id='word_1_932' title='bbox 1623 3527 1699 3559; x_wconf 84' lang='lat' dir='ltr'>libri</span> <span class='ocrx_word' id='word_1_933' title='bbox 1731 3524 1930 3558; x_wconf 83' lang='lat' dir='ltr'>transitibus</span> <span class='ocrx_word' id='word_1_934' title='bbox 1953 3526 2039 3568; x_wconf 76' lang='lat' dir='ltr'>vuly.</span> <span class='ocrx_word' id='word_1_935' title='bbox 2057 3525 2112 3567; x_wconf 88' lang='lat' dir='ltr'>(cf.</span> <span class='ocrx_word' id='word_1_936' title='bbox 2133 3525 2177 3558; x_wconf 85' lang='lat' dir='ltr'>ad</span> <span class='ocrx_word' id='word_1_937' title='bbox 2194 3526 2271 3566; x_wconf 80' lang='lat'><strong>652,</strong></span> <span class='ocrx_word' id='word_1_938' title='bbox 2285 3526 2336 3567; x_wconf 89' lang='grc'>36)</span> <span class='ocrx_word' id='word_1_939' title='bbox 2355 3523 2367 3569; x_wconf 84' lang='grc' dir='ltr'>ΙΙ</span> <span class='ocrx_word' id='word_1_940' title='bbox 2384 3526 2425 3558; x_wconf 84' lang='grc'>27</span> 
     </span>
     <span class='ocr_line' id='line_1_113' title="bbox 1342 3569 2426 3614; baseline -0.001 -10"><span class='ocrx_word' id='word_1_941' title='bbox 1342 3571 1402 3613; x_wconf 87' lang='lat' dir='ltr'>qui</span> <span class='ocrx_word' id='word_1_942' title='bbox 1427 3584 1484 3604; x_wconf 86' lang='lat' dir='ltr'>om.</span> <span class='ocrx_word' id='word_1_943' title='bbox 1507 3571 1563 3614; x_wconf 71' lang='lat' dir='ltr'>Vn</span> <span class='ocrx_word' id='word_1_944' title='bbox 1589 3572 1631 3605; x_wconf 84' lang='lat'>28</span> <span class='ocrx_word' id='word_1_945' title='bbox 1655 3581 1674 3603; x_wconf 86' lang='lat' dir='ltr'>a</span> <span class='ocrx_word' id='word_1_946' title='bbox 1696 3571 1779 3611; x_wconf 87' lang='lat' dir='ltr'>VT]</span> <span class='ocrx_word' id='word_1_947' title='bbox 1806 3583 1863 3603; x_wconf 88' lang='lat' dir='ltr'>om.</span> <span class='ocrx_word' id='word_1_948' title='bbox 1882 3571 1966 3614; x_wconf 75' lang='lat' dir='ltr'>vulq.</span> <span class='ocrx_word' id='word_1_949' title='bbox 1984 3569 1996 3613; x_wconf 80' lang='grc' dir='ltr'>Η</span> <span class='ocrx_word' id='word_1_950' title='bbox 2025 3571 2066 3604; x_wconf 84' lang='grc'>30</span> <span class='ocrx_word' id='word_1_951' title='bbox 2090 3571 2130 3602; x_wconf 86' lang='lat' dir='ltr'>ut</span> <span class='ocrx_word' id='word_1_952' title='bbox 2153 3581 2222 3602; x_wconf 91' lang='lat' dir='ltr'>non</span> <span class='ocrx_word' id='word_1_953' title='bbox 2245 3572 2356 3603; x_wconf 88' lang='lat' dir='ltr'>autem</span> <span class='ocrx_word' id='word_1_954' title='bbox 2379 3570 2426 3612; x_wconf 91' lang='lat' dir='ltr'>V]</span> 
     </span>
     <span class='ocr_line' id='line_1_114' title="bbox 1347 3614 2426 3659; baseline -0.002 -10"><span class='ocrx_word' id='word_1_955' title='bbox 1347 3621 1385 3650; x_wconf 86' lang='lat' dir='ltr'>ut</span> <span class='ocrx_word' id='word_1_956' title='bbox 1408 3618 1520 3649; x_wconf 87' lang='lat' dir='ltr'>autem</span> <span class='ocrx_word' id='word_1_957' title='bbox 1543 3627 1610 3649; x_wconf 88' lang='lat' dir='ltr'>non</span> <span class='ocrx_word' id='word_1_958' title='bbox 1638 3617 1670 3649; x_wconf 90' lang='lat' dir='ltr'><em>T</em></span> <span class='ocrx_word' id='word_1_959' title='bbox 1686 3617 1772 3658; x_wconf 72' lang='lat' dir='ltr'>vuly.</span> <span class='ocrx_word' id='word_1_960' title='bbox 1803 3615 1815 3659; x_wconf 81' lang='grc' dir='ltr'>ΙΙ</span> <span class='ocrx_word' id='word_1_961' title='bbox 1844 3617 2061 3648; x_wconf 87' lang='lat' dir='ltr'>mercatorum</span> <span class='ocrx_word' id='word_1_962' title='bbox 2091 3616 2123 3648; x_wconf 95' lang='lat' dir='ltr'><strong><em>V</em></strong></span> <span class='ocrx_word' id='word_1_963' title='bbox 2149 3614 2160 3658; x_wconf 92' lang='grc' dir='ltr'>ΙΙ</span> <span class='ocrx_word' id='word_1_964' title='bbox 2190 3617 2231 3649; x_wconf 90' lang='grc'>33</span> <span class='ocrx_word' id='word_1_965' title='bbox 2257 3615 2426 3657; x_wconf 90' lang='lat' dir='ltr'>domuum]</span> 
     </span>
     <span class='ocr_line' id='line_1_115' title="bbox 1343 3660 2428 3705; baseline 0 -10"><span class='ocrx_word' id='word_1_966' title='bbox 1343 3662 1527 3695; x_wconf 90' lang='lat' dir='ltr'>dominium</span> <span class='ocrx_word' id='word_1_967' title='bbox 1555 3662 1588 3695; x_wconf 94' lang='lat' dir='ltr'><strong><em>V</em></strong></span> <span class='ocrx_word' id='word_1_968' title='bbox 1612 3661 1624 3705; x_wconf 75' lang='lat' dir='ltr'>ss</span> <span class='ocrx_word' id='word_1_969' title='bbox 1655 3663 1698 3695; x_wconf 89' lang='grc'>34</span> <span class='ocrx_word' id='word_1_970' title='bbox 1722 3661 1785 3693; x_wconf 84' lang='lat' dir='ltr'>sibi</span> <span class='ocrx_word' id='word_1_971' title='bbox 1808 3662 1930 3693; x_wconf 74' lang='lat' dir='ltr'>metata</span> <span class='ocrx_word' id='word_1_972' title='bbox 1955 3662 2053 3704; x_wconf 38' lang='lat' dir='ltr'>vul-q]</span> <span class='ocrx_word' id='word_1_973' title='bbox 2089 3661 2118 3693; x_wconf 83' lang='lat' dir='ltr'>si</span> <span class='ocrx_word' id='word_1_974' title='bbox 2142 3660 2302 3694; x_wconf 80' lang='lat' dir='ltr'>inmetata</span> <span class='ocrx_word' id='word_1_975' title='bbox 2328 3661 2398 3695; x_wconf 94' lang='lat' dir='ltr'>VT</span> <span class='ocrx_word' id='word_1_976' title='bbox 2417 3661 2428 3704; x_wconf 79' lang='grc' dir='ltr'>ΙΙ</span> 
     </span>
     <span class='ocr_line' id='line_1_116' title="bbox 1344 3706 2188 3752; baseline -0.002 -11"><span class='ocrx_word' id='word_1_977' title='bbox 1344 3710 1385 3742; x_wconf 76' lang='lat'>35</span> <span class='ocrx_word' id='word_1_978' title='bbox 1412 3709 1471 3752; x_wconf 78' lang='lat' dir='ltr'>leq.</span> <span class='ocrx_word' id='word_1_979' title='bbox 1496 3707 1684 3740; x_wconf 80' lang='lat' dir='ltr'>reservari?</span> <span class='ocrx_word' id='word_1_980' title='bbox 1702 3706 1714 3750; x_wconf 81' lang='grc'>11</span> <span class='ocrx_word' id='word_1_981' title='bbox 1743 3708 1785 3740; x_wconf 86' lang='grc'>36</span> <span class='ocrx_word' id='word_1_982' title='bbox 1811 3706 1908 3739; x_wconf 85' lang='lat' dir='ltr'>dictis</span> <span class='ocrx_word' id='word_1_983' title='bbox 1933 3706 1965 3739; x_wconf 85' lang='lat' dir='ltr'><em>T</em></span> <span class='ocrx_word' id='word_1_984' title='bbox 1989 3706 2132 3748; x_wconf 83' lang='lat' dir='ltr'>deceptis</span> <span class='ocrx_word' id='word_1_985' title='bbox 2155 3706 2188 3739; x_wconf 94' lang='lat' dir='ltr'><strong><em>V</em></strong></span> 
     </span>
    </p>
   </div>
  </div>
 </body>
</html>
