2618 4010
89 188 91 190 ,
131 149 447 184 ΟΑΡΡΑΠΟΟῙΑΕ

128 252 168 286 ἔκ
198 263 239 286 τε
267 249 415 287 κλοπῶν
445 252 505 285 καὶ
535 251 596 293 τῆς
625 251 704 286 τῶν
733 247 921 286 ὑποτελῶν
950 251 1116 296 ἐπηρείας
1147 252 1208 284 καὶ

129 294 262 331 δόσεως
285 294 437 342 ὀνόματι
460 297 590 334 (ταῦτα
612 295 681 343 γὰρ
704 293 852 331 ἅπαντα
875 300 934 331 καὶ
954 297 1131 342 μισοῦμεν
1148 298 1208 330 καὶ

128 343 190 386 τῆς
212 339 383 390 ἡμετέρας
412 339 634 386 ἐκβάλλομεν
660 340 871 386 πολιτείας),
904 339 984 377 ἀλλ’
1012 341 1051 383 ἐξ
1080 342 1211 376 αἰτιῶν

1217 133 1300 183 229

1972 134 2079 179 Nov.
2109 134 2237 178 XXX
2268 136 2305 178 6.
2337 137 2363 178 7

1277 250 1463 294 hactenus,
1484 258 1529 284 ex
1544 245 1704 285 tolonum
1724 249 1761 284 et
1781 247 2008 284 subtelonum
2029 246 2208 283 calumnia
2229 248 2266 282 et
2285 246 2359 282 suf-

1278 295 1383 339 fragii
1414 295 1555 331 nomine
1587 294 1691 336 (haec
1723 294 1842 329 omnia
1878 296 1913 329 et
1945 293 2083 329 odimus
2116 297 2151 328 et
2182 303 2205 328 a
2235 299 2361 328 nostra

1279 340 1486 394 expellimus
1517 339 1735 385 republica),
1762 339 1824 374 sed
1847 349 1892 374 ex
1917 339 2035 375 causis
2058 338 2161 374 iustis
2187 341 2222 374 et
2244 338 2358 382 legiti-

129 385 282 422 δικαίων
304 400 345 422 τε
363 390 424 422 καὶ
443 391 619 431 νομίμων,
643 383 683 422 ἃς
703 390 762 421 καὶ
786 386 1014 430 ὑποτεθῆναι
1037 385 1135 431 τῷδε
1155 386 1208 430 τῷ
1278 397 1355 428 m1s‚
1404 396 1468 421 uas
1493 385 1600 421 etiam
1624 384 1728 420 subdi
1751 384 1837 419 huic
1861 394 1988 420 sacrae
2008 388 2152 420 nostrae
2173 383 2357 428 praecepi-

127 433 224 476 θείῳ
247 428 349 477 ἡμῶν
378 430 722 487 παρεκελευσάμεθα
746 430 859 478 νόμῳ,
886 429 986 488 dicre,
997 429 1130 467 ταύτας
1153 445 1210 466 κο-
1235 436 1254 468 5
1277 442 1355 467 mus
1401 431 1473 476 egi,
1509 434 1551 467 ut
1581 431 1646 466 has
1676 429 1856 474 accipiens
1890 429 1950 474 qui
1980 440 2045 475 per
2075 433 2215 474 tempus
2250 429 2359 465 habet

126 478 323 523 μιζόμενον
354 490 420 513 τον
450 491 542 512 κατα
564 491 691 524 καιρον
719 480 850 521 ἔχοντα
873 477 941 522 τὴν
965 476 1078 525 αρχὴν
1102 478 1209 523 εἰςφέ-

127 535 215 570 ρειν,
240 519 289 558 οἷς
308 523 455 571 εἴρηται,
476 522 539 557 τὰς
559 523 818 568 quinquaginta
837 525 901 558 τοῦ
923 528 1068 570 χρυσίου
1089 522 1211 570 λίτρας

126 569 172 615 τῇ
196 567 371 616 θειοτάτῃ
384 565 580 615 Αὖγούστη
605 570 649 616 τῇ
675 567 828 625 ἡμετέρᾳ
852 573 1005 614 συμβίῳ.
1051 567 1120 612 τὴν
1141 566 1210 615 γὰρ

126 610 238 668 ἀρχὴν
269 613 398 660 προῖκά
431 626 472 648 τε
503 604 741 658 καθιστῶμεν
772 618 870 659 ημεῒς
900 615 969 648 καῖ
991 611 1209 661 ἅδωρότατα

1281 476 1624 512 administrationem
1647 475 1787 517 inferat,
1814 475 1908 510 sicut
1932 474 2066 509 dictum
2091 478 2156 516 est,
2183 475 2356 520 quinqua-

1279 522 1380 567 ginta
1396 522 1508 557 libras
1529 521 1608 557 auri
1625 520 1890 557 sacratissimae
1905 521 2089 564 Augustae
2109 525 2255 555 nostrae
2272 530 2357 555 con-

1279 567 1362 612 iugi.
1410 567 1765 603 Administrationem
1789 565 1881 601 enim
1914 569 1950 600 et
1972 566 2082 609 gratis
2107 566 2357 601 constituimus

1277 623 1344 649 nos
1375 616 1412 648 et
1435 612 1511 648 sine
1535 612 1703 657 suffragio
1725 611 1867 648 ordines
1890 610 1929 646 in
1953 620 1995 646 ea
2019 610 2196 655 ponimus,
2230 614 2266 646 et
2289 611 2358 646 erit

126 670 191 693 τας
208 662 427 706 χειροτονίας
451 657 513 693 ἐπ’
541 655 632 712 αὐτῇ
657 660 829 704 τίθεμεν·
864 662 924 694 καὶ
948 660 1051 694 ἔσται
1075 671 1207 694 παντε-
1225 662 1264 694 10
1279 658 1421 694 omnino
1446 658 1567 693 nullus
1591 657 1652 703 qui
1674 668 1742 703 pro
1767 666 1810 692 ea
1825 656 2023 709 ‘quicquam
2046 656 2209 700 accipiet.

125 704 150 740 2
204 703 276 739 λῶς
297 700 381 738 οὐδὲ
410 703 457 738 εἷς
488 701 526 739 ὃς
547 707 638 750 νπὲρ
661 705 792 748 ταύτης
822 719 859 740 τι
883 703 1046 749 λήψεται.
1102 702 1208 738 Ἀλλὰ

125 752 187 783 καὶ
219 752 362 793 σίτησιν
397 747 497 793 αὐτῷ
528 752 596 794 μὲν
627 748 708 797 ἄχρι
739 754 884 796 χρυσίου
916 749 1052 796 λιτρῶν
1084 749 1208 793 viginti

127 792 286 839 δίδομεν,
306 791 400 829 καθ’
426 791 450 828 ἃ
473 792 729 838 ὑποτέτακται,
753 797 806 839 τῷ
833 793 872 829 δὲ
896 791 1007 829 αὐτοῦ
1036 793 1206 840 παρέδρῳ

124 837 370 896 ᾅχριΙχρυοζίου
395 838 530 895 λιτρᾱξν
553 838 617 875 δύο
645 844 858 896 παρεχομεν.
906 840 1059 886 λήψεται
1084 839 1123 874 δὲ
1147 842 1206 873 καὶ

1278 704 1301 738 2
1354 703 1423 739 Sed
1455 703 1562 739 etiam
1591 713 1770 739 annonam
1803 712 1835 738 ei
1867 701 2006 746 quidem
2038 711 2152 746 usque
2181 701 2260 736 auri
2290 701 2356 736 lib-

1276 759 1336 784 ras
1367 748 1448 784 XX.
1482 748 1624 791 damus,
1664 748 1758 784 sicut
1789 747 1989 783 subiectum
2025 748 2095 790 est,
2132 746 2208 782 eius
2238 750 2357 781 autem

1276 794 1449 830 assessori
1472 805 1584 839 usque
1609 793 1655 829 ad
1679 794 1757 829 auri
1779 793 1890 828 libras
1915 793 2004 828 duas
2029 792 2261 837 praebemus;
2296 802 2356 826 ac-

1277 839 1384 884 cipiet
1420 843 1538 874 autem
1578 843 1614 875 et
1653 838 1812 874 officium
1850 842 2041 882 utrumque
2081 837 2176 883 quod
2213 847 2235 872 a
2268 836 2356 872 fisco

55 1448 62 1455 ·
123 1427 292 1474 καθαρον
315 1426 527 1481 φυλαχθείη.
575 1424 646 1464 ὑπὸ

125 898 147 928 η
170 885 270 926 ταξις
293 888 445 931 εκατέρα
467 899 510 920 το
530 885 629 933 παρὰ
652 888 716 921 τοῦ
740 885 911 931 ὸημοσίου
933 888 1035 931 μέχρι
1059 887 1127 920 νῦν
1149 897 1206 927 χο-
1223 887 1262 920 15
1275 884 1449 919 hactenus
1486 886 1701 928 erogabatur
1733 885 1771 919 in
1807 884 1904 919 nullo
1941 883 2084 928 penitus
2119 882 2356 918 imminutum.

124 930 345 977 ρηγούμενον
365 928 450 965 κατ’
473 928 580 966 οὐδὲν
599 930 788 966 παντελῶς
810 928 1082 975 ἐλαττούμενον.
1125 927 1208 964 οὐδὲ
1277 929 1400 974 Neque
1421 929 1514 964 enim
1531 930 1726 965 secundum
1746 929 1882 975 aliquid
1903 928 2247 964 administrationem
2263 928 2357 963 hanc

123 974 192 1023 γὰρ
221 975 314 1010 κατά
342 990 379 1011 τι
408 975 474 1018 τὴν
504 974 616 1022 ἀρχὴν
638 974 775 1020 ταύτην
799 975 1027 1020 ἐλαττοῦμεν,
1058 979 1117 1010 καὶ
1139 973 1205 1019 μά·
1275 975 1529 1017 imminuimus,
1563 979 1598 1010 et
1622 975 1773 1010 maxime
1805 974 2051 1019 gloriosissimi
2081 973 2275 1019 praepositi
2300 984 2357 1009 sa-

126 1020 233 1055 λιστα
255 1022 319 1055 τοῦ
341 1019 575 1062 ἐνδοξοτάτου
600 1035 629 1057 π
653 1025 841 1057 αιποσίτου
865 1022 943 1055 τῶν
964 1019 1124 1065 θείωνὴ
1154 1021 1207 1054 ῶν
1277 1031 1419 1055 crorum
1455 1024 1657 1056 nostrorum
1694 1020 1951 1056 cubiculorum.
2008 1019 2155 1054 Manere
2192 1019 2284 1054 enim
2320 1019 2358 1053 in

124 1065 325 1101 κοιτώνων.
401 1070 497 1102 ε’νειν
526 1066 594 1114 γὰρ
645 1070 689 1102 πὶ
721 1065 970 1110 Καππαδοκίᾳ
1001 1070 1061 1100 καὶ
1095 1064 1207 1109 αυτὴν
1277 1065 1507 1110 Cappadocia
1542 1070 1578 1100 et
1612 1066 1726 1110 ipsam
1765 1076 1914 1110 eamque
1950 1065 2016 1101 sub
2049 1065 2357 1100 devotissimorum

125 1114 185 1145 καὶ
214 1112 281 1155 τὴν
311 1109 364 1147 ὑπ
406 1108 518 1155 αὐτὴν
548 1113 627 1147 τῶν
658 1111 961 1156 καθωσιωμένων
992 1110 1207 1146 παλατίνων
1220 1112 1262 1144 20
1275 1111 1516 1156 palatinorum
1542 1111 1664 1146 schola
1686 1111 1790 1146 simili
1814 1114 1993 1155 potestate
2017 1113 2054 1146 et
2077 1110 2201 1145 ordine
2226 1113 2262 1145 et
2276 1109 2356 1155 ipso

125 1155 258 1200 σχολὴν
289 1158 350 1192 ἐπὶ
383 1158 443 1201 τῆς
476 1154 603 1200 ὁμοίας
631 1157 791 1198 ἐξουσίας
822 1171 861 1191 τε
893 1160 953 1191 καὶ
983 1156 1117 1197 τάξεως
1146 1159 1206 1190 καὶ
1276 1156 1458 1191 schemate
1489 1156 1688 1198 sancimus,
1722 1156 1818 1191 nihil-
1834 1160 1953 1190 tamen
1985 1155 2129 1201 penitus
2153 1155 2238 1191 hinc
2261 1155 2356 1190 acci-

124 1199 260 1236 ταύτοῦ
286 1201 460 1247 σχήματος
483 1202 720 1247 θεσπίζομεν,
745 1199 851 1236 οὐδὲν
869 1205 995 1246 μέντοι
1018 1201 1207 1238 παντελῶς
1275 1201 1429 1246 pientem
1453 1211 1568 1246 neque
1592 1202 1697 1237 titulo
1724 1202 2021 1237 consuetudinum
2040 1211 2105 1236 nec
2121 1211 2356 1243 annonarum,

125 1247 300 1282 ἐντεῦθεν
323 1249 561 1292 κομιζομένην
584 1246 667 1282 οὔτε
688 1245 783 1294 λόγῳ
805 1248 1016 1290 συνηθειῶν
1040 1247 1123 1282 οὔτε
1143 1244 1205 1281 ἄν·
1274 1257 1389 1291 neque
1413 1247 1450 1281 in
1474 1257 1563 1282 auro
1588 1256 1705 1291 neque
1728 1246 1766 1281 in
1790 1250 1888 1282 veste
1915 1256 2030 1291 neque
2052 1247 2090 1281 in
2113 1246 2193 1281 aliis
2218 1246 2356 1291 specie-

123 1291 255 1333 νόνων,
274 1289 369 1340 κοῦτε
392 1293 432 1326 ἐν
453 1295 589 1337 χρυσίῳ
621 1291 704 1327 οὔτε
733 1294 773 1326 ἐν
797 1293 929 1337 ἐσθῆτι
961 1291 1043 1327 οὔτε
1068 1294 1107 1327 έν
1131 1293 1203 1327 ἑτέ-
1275 1292 1359 1334 bus,
1397 1301 1512 1337 neque
1543 1302 1565 1327 a
1594 1292 1783 1337 temporali
1813 1293 2028 1337 proconsule
2059 1301 2173 1336 neque
2203 1292 2249 1326 ab
2281 1292 2356 1327 eius

122 1348 197 1382 ροις
219 1334 362 1378 εἴδεσιν,
394 1335 478 1371 οὔτε
501 1337 602 1385 παρὰ
623 1339 688 1372 τοῦ
712 1337 802 1372 κατὰ
835 1337 962 1384 καιρὸν
986 1336 1204 1373 ἀνθυπάτου
1218 1339 1260 1373 25
1275 1337 1407 1373 officio.
1457 1337 1539 1373 Non
1571 1337 1666 1372 enim
1698 1337 1802 1372 aliter
1838 1337 2060 1372 custodietur
2094 1337 2252 1382 purita83
2289 1337 2356 1372 sub

123 1379 207 1416 οὔτε
237 1380 337 1428 παρὰ
365 1383 427 1426 τῆς
457 1381 567 1417 αὐτοῦ
599 1380 751 1424 τάξεως·
788 1381 829 1418 οὐ
851 1383 919 1430 γὰρ
952 1380 997 1418 ἄν
1021 1382 1137 1418 ἄλλως
1160 1382 1204 1418 τὸ
1275 1393 1348 1418 una
1377 1393 1529 1427 namque
1562 1382 1868 1418 administratione
1905 1392 2049 1417 causam
2086 1382 2283 1427 colligimus
2318 1382 2357 1417 in

256 1426 264 1436 ³
666 1432 759 1484 μίαν
787 1427 855 1476 γὰρ
884 1428 926 1463 τὸ
951 1441 980 1464 π
1003 1430 1099 1476 ἅγμα
1123 1440 1204 1463 συν·
1275 1428 1470 1474 provincia,
1497 1431 1536 1464 ut
1559 1439 1631 1465 non
1656 1428 1854 1464 dilacerata
1878 1427 2065 1463 claudicet.

123 1470 188 1518 άγο
216 1485 256 1528 σν
279 1473 340 1508 ἐπὶ
363 1484 425 1516 της
447 1471 566 1519 χώρας
587 1472 710 1520 ἀρχην,
742 1474 803 1508 ἵνα
825 1474 875 1518 μὴ
899 1475 952 1518 τῷ
1002 1473 1204 1510 ιεσπάσθαι

122 1530 176 1561 χω
199 1531 270 1565 ενῃ.

1108 1575 1265 1611 CAPUT
1289 1575 1368 1612 VII.

176 1630 361 1677 Πρόνοιαν
383 1634 508 1666 τοίνυν
538 1634 598 1665 καὶ
629 1629 734 1667 αὐτὸς
765 1630 785 1666 ό
808 1630 899 1687 παρ’
926 1632 1029 1676 ἡμῶν
1061 1631 1201 1667 στελλό-
1216 1634 1258 1666 30
1316 1631 1579 1667 Providentiam
1609 1631 1717 1676 igitur
1744 1634 1780 1667 et
1810 1632 1891 1677 ipse
1922 1632 1982 1677 qui
2015 1641 2037 1666 a
2066 1631 2170 1667 nobis
2196 1631 2358 1675 dirigitur

122 1688 227 1722 μενος
260 1674 416 1721 θήσεται
452 1675 590 1720 πολλὴν
625 1678 686 1720 τῆς
716 1689 907 1722 ταμειακης
935 1676 1107 1721 κτήσεως,
1143 1681 1202 1711 καὶ
1271 1680 1382 1722 ponat
1402 1677 1551 1712 multam
1571 1677 1701 1712 aerarii
1719 1678 1999 1722 possessionum,
2023 1681 2058 1712 et
2077 1676 2244 1722 inspiciet
2261 1678 2358 1722 quod

124 1722 253 1768 ὄψεται
283 1722 326 1757 τὸ
350 1722 578 1768 παραιρεθέν
609 1723 671 1765 τῆς
695 1724 884 1767 ταμειακῆς
910 1724 972 1771 γῆς
1002 1726 1062 1757 καὶ
1085 1722 1203 1768 μάτην
1272 1722 1433 1759 ablatum
1465 1725 1521 1758 est
1552 1732 1597 1758 ex
1628 1722 1760 1758 aerarii
1794 1725 1892 1758 terra
1928 1726 1992 1758 aut
2022 1723 2158 1758 frustra
2193 1723 2239 1758 ab
2277 1723 2357 1759 aliis

123 1765 188 1814 ὑφ’
213 1767 347 1814 ἑτέρων
370 1767 609 1811 κατεχόμενον
631 1767 702 1802 εἴτε
723 1770 765 1802 έν
785 1771 910 1812 νομαῖς
933 1769 1004 1802 εἴτε
1025 1770 1064 1802 ἐν
1085 1766 1203 1814 ἀροσί-
1273 1767 1450 1803 detinetur
1483 1768 1556 1803 sive
1586 1768 1624 1803 in
1654 1768 1799 1813 pascuis
1832 1768 1906 1803 sive
1933 1768 1970 1803 in
1995 1768 2191 1803 arabilibus
2217 1768 2288 1803 sive
2320 1768 2358 1803 in

122 1824 201 1858 μοις
224 1813 295 1848 εἴτε
317 1815 358 1848 ἐν
376 1811 577 1858 οἰνοφύτοις
598 1811 732 1855 τόποις,
757 1814 829 1848 εἴτε
847 1815 887 1848 ἐν
907 1818 1050 1860 χωρίοις
1074 1814 1144 1848 εἴτε
1166 1815 1205 1847 ἐν
1273 1813 1470 1849 vinealibus
1501 1813 1610 1855 locis,
1644 1814 1721 1849 sive
1751 1813 1788 1848 in
1821 1813 1977 1858 praediis
2011 1815 2085 1848 sive
2114 1814 2151 1848 in
2181 1813 2356 1856 domibus,

123 1859 244 1900 οἴκοις,
276 1861 335 1892 καὶ
360 1856 536 1902 ἐκδικήσει
563 1859 618 1902 τῷ
643 1855 827 1906 πράγματι
858 1857 926 1903 τὴν
949 1857 1104 1904 ἀρχαίαν
1126 1860 1205 1907 γῆν,
1219 1862 1260 1894 35
1274 1862 1311 1894 et
1334 1858 1488 1894 vindicet
1518 1859 1568 1894 rei
1593 1859 1774 1904 antiquam
1806 1861 1957 1901 terram,
1989 1859 2089 1894 nulla
2113 1858 2300 1894 obicienda
2324 1859 2357 1894 ei

123 1902 288 1948 οὐδεμιᾶς
307 1902 585 1947 ἀντιτιθεμένης
605 1901 705 1948 αὐτῷ
725 1908 869 1951 χρονίας
885 1905 1131 1952 παραγραφῆς.
1165 1903 1205 1938 οὗ
1275 1904 1464 1949 temporali
1495 1905 1788 1949 praescriptione.
1837 1904 1919 1939 Non
1949 1904 2042 1940 enim
2074 1904 2201 1949 aliquis
2227 1904 2357 1940 obiciet

123 1948 191 1997 γὰρ
208 1948 255 1983 α”ν
273 1960 328 1984 τις
346 1946 515 1991 ἀντιθείη
533 1948 675 1983 τοιοῦτό
694 1962 730 1983 τι
750 1950 803 1993 τῷ
825 1947 999 1994 δημοσίῳ,
1018 1949 1100 1985 οὔτε
1117 1949 1207 1997 πρὸς
1275 1950 1346 1984 tale
1370 1949 1503 1994 aliquid
1528 1949 1633 1993 fisco,
1666 1960 1779 1994 neque
1804 1950 1850 1986 ad
1872 1950 2010 1985 lucrum
2042 1960 2149 1994 agens
2179 1960 2293 2002 neque
2317 1952 2358 1986 ut

123 1992 244 2040 κέρδος
264 1991 438 2039 πράττων
459 1992 541 2028 οὔτε
561 1994 621 2028 ἵνα
639 1993 706 2038 τὴν
727 1993 856 2029 οὐσίαν
878 1993 1040 2038 αὐξήσεις
1060 1994 1128 2040 τὴν
1148 1994 1205 2029 αὖ·
1275 1995 1511 2030 substantiam
1536 1999 1668 2039 augeat
1691 2006 1809 2037 suam:
1848 1995 1918 2031 hoc
1949 1995 2043 2030 enim
2075 1995 2269 2030 deminutio
2294 2006 2356 2040 po·

122 2041 206 2075 τοῦ·
240 2041 347 2074 τοῦτο
370 2038 440 2087 γὰρ
460 2038 652 2074 ἐλάττωσις
675 2038 810 2083 μᾶλλον
835 2039 925 2088 ἥπερ
950 2040 1094 2084 αὔξησίς
1117 2042 1205 2082 ἐστι,
1275 2041 1347 2075 tius
1383 2051 1488 2085 quam
1522 2043 1748 2084 augmentum
1783 2044 1855 2084 est,
1893 2051 1974 2076 cum
2006 2041 2170 2076 manibus
2203 2041 2356 2076 sordidis

122 2086 166 2139 τὸ
189 2087 288 2138 κεραοὶ
321 2083 508 2139 ῥυπώσαις
537 2083 725 2138 χριόμενον
755 2085 906 2120 οἴεσθαί
930 2099 965 2120 τι
995 2084 1206 2130 κερδαίνειν,
1220 2089 1262 2121 40
1276 2088 1381 2121 utens
1405 2090 1511 2130 putat
1536 2086 1668 2131 aliquid
1693 2086 1837 2128 lucrari,
1865 2086 1959 2130 quod
1977 2090 2104 2131 postea
2124 2086 2251 2122 reddat
2276 2096 2357 2121 cum

122 2142 213 2179 οπερ
242 2142 394 2177 υστερον
424 2133 590 2166 αποτίσει
622 2142 688 2164 συν
716 2128 864 2176 ἀσεβείᾳ
896 2144 936 2165 τε
966 2135 1026 2165 καὶ
1056 2130 1206 2178 αἰσχύνῃ
1276 2131 1460 2175 impietate
1484 2135 1521 2165 et
1545 2131 1753 2166 confusione
1777 2131 1972 2176 multiplex.

122 2210 318 2248 vexatione
349 2209 576 2246 subditorum
608 2214 718 2256 atque
748 2209 956 2255 larqitionis
985 2210 1130 2245 nomine
1158 2210 1406 2255 praebeantur
1437 2209 1540 2251 (haec
1572 2211 1665 2246 enim
1689 2211 1809 2246 omnia
1839 2214 1876 2246 et
1899 2210 2041 2245 odimus
2070 2214 2148 2246 ete
2170 2211 2357 2257 republica

123 2258 252 2291 nostra
275 2255 447 2298 eicimus)‚
477 2254 542 2289 sed
570 2265 620 2290 ex
652 2254 758 2289 iustis
782 2260 816 2289 et
841 2254 1012 2300 leqitimis
1036 2255 1173 2297 causis,
1205 2265 1298 2300 quas
1320 2254 1428 2289 etiam
1452 2265 1582 2290 sacrae
1606 2255 1689 2290 huic
1713 2255 1786 2301 leqi
1814 2254 1928 2290 subici
1950 2255 2134 2298 iussimus,
2165 2260 2207 2291 ut
2228 2255 2274 2291 iis
2297 2267 2355 2292 ac-

124 2301 238 2347 ceptis
272 2300 335 2345 qui
368 2299 622 2345 maqistratum
659 2310 731 2344 pro
773 2302 933 2345 tempore
967 2299 1064 2344 yenit
1097 2299 1365 2350 quinquaqinta
1404 2300 1487 2334 auri
1525 2299 1638 2335 libras
1675 2299 1777 2342 illas,
1819 2300 1873 2335 uti
1910 2299 2044 2335 dictum
2085 2304 2158 2343 est,
2190 2304 2358 2347 praestet

123 2344 393 2380 sacratissimae
416 2346 603 2390 Auqustae
627 2343 773 2389 coniuqi
797 2347 954 2379 nostrae.
1010 2343 1268 2390 Maqzstratum
1293 2344 1387 2378 enim
1419 2347 1453 2379 et
1475 2345 1593 2390 gyratis
1616 2355 1684 2380 nos
1707 2345 1959 2380 constituimus
1989 2348 2026 2381 et
2054 2345 2256 2381 creationes
2279 2346 2357 2381 eius

124 2390 149 2426 2
204 2389 301 2424 omni
325 2388 522 2424 donatione
545 2393 716 2434 expertes
738 2387 934 2436 reddimus,
966 2399 1082 2440 neque
1106 2389 1251 2424 omnino
1275 2389 1467 2434 quisquam
1490 2390 1560 2425 erit
1582 2390 1647 2435 qui
1696 2400 1739 2424 ro
1764 2401 1806 2425 eo
1832 2391 2026 2436 quicquam
2050 2391 2216 2437 accipiat.
2283 2390 2358 2426 Sed

125 2435 233 2471 etiam
254 2444 437 2470 annonam
457 2433 512 2468 illi
530 2433 673 2479 quidem
693 2433 743 2468 ad
757 2434 842 2468 auri
859 2433 973 2469 libras
992 2434 1121 2479 mqinti
1136 2433 1276 2475 damus,
1297 2433 1598 2479 quemadmodum
1616 2401 1720 2481 imiza
1735 2435 1932 2470 subiectum
1950 2439 2003 2470 est
2009 2448 2024 2477 ;
2043 2436 2221 2471 assessori
2235 2441 2356 2472 autem

124 2480 202 2517 eius
226 2479 309 2515 auri
328 2478 441 2514 libras
459 2478 550 2514 duas
565 2478 801 2525 praebemus;
824 2482 933 2524 atque
954 2479 1119 2524 officium
1143 2490 1287 2525 quoque
1308 2483 1427 2514 utrum
1455 2490 1500 2514 ue
1523 2480 1677 2526 accipiet
1694 2480 1734 2515 id
1755 2479 1854 2532 quod
1876 2491 1899 2516 a
1915 2480 2008 2526 fisco
2033 2481 2066 2516 ei
2089 2480 2208 2516 adhuc
2226 2492 2288 2517 ero
2316 2493 2355 2517 a·

127 2529 201 2561 tum
225 2529 279 2560 est
301 2523 402 2560 nullo
428 2524 572 2559 omnino
597 2523 704 2559 modo
728 2523 1027 2571 imminuendum..
1065 2523 1192 2570 Neque
1213 2524 1306 2559 enim
1330 2523 1369 2559 in
1392 2524 1431 2558 ul
1445 2535 1468 2559 a
1490 2535 1532 2560 re
1556 2524 1652 2560 hunc
1674 2529 1927 2572 maqistratum
1950 2526 2202 2569 imminuimus,
2225 2492 2355 2562 neditm

124 2569 380 2618 qloriosissimi
397 2569 607 2616 praepositi
629 2569 727 2604 sacri
750 2569 867 2604 nostri
890 2569 1046 2605 cubiculi
1069 2570 1332 2615 maqistratum.
1391 2568 1542 2605 Manere
1565 2570 1658 2606 enim
1681 2571 1720 2606 in
1747 2569 1980 2623 Cappadocia
2005 2576 2039 2606 et
2062 2571 2180 2618 ipsum
2203 2577 2236 2608 et
2261 2582 2355 2618 quae

124 2615 191 2652 sub
214 2626 256 2651 eo
276 2618 330 2651 est
353 2614 663 2650 devotissimorum
683 2614 935 2661 palatinorum
957 2613 1120 2650 scholam
1143 2614 1182 2649 in
1205 2614 1315 2649 simili
1331 2619 1517 2660 potestate
1547 2619 1584 2651 et
1607 2615 1735 2652 ordine
1763 2620 1800 2651 et
1821 2627 1860 2651 in
1880 2616 2003 2652 eadem
2023 2616 2142 2663 specie
2160 2617 2353 2660 sancimus,

126 2672 221 2708 quae
245 2663 363 2696 tamen
385 2659 470 2695 inde
494 2658 587 2694 nihil
610 2660 756 2695 omnino
782 2670 897 2706 neque
920 2659 1217 2695 consuetudinum
1238 2669 1353 2705 neque
1377 2671 1607 2695 annonarum
1629 2661 1774 2697 nomine
1797 2662 1956 2708 accipiat
1981 2672 2094 2705 neque
2115 2661 2154 2697 in
2177 2673 2270 2698 auro
2294 2673 2355 2699 ne-

126 2717 195 2753 que
223 2706 261 2741 in
292 2705 500 2741 vestimento
530 2715 647 2750 neque
677 2705 716 2740 in
748 2705 822 2740 alia
846 2706 981 2752 specie,
1014 2716 1129 2751 neque
1153 2716 1176 2740 a
1190 2704 1415 2786 proconsule
1443 2705 1507 2751 qui
1522 2717 1599 2752 pro
1626 2711 1785 2753 tempore
1809 2710 1862 2743 est
1891 2718 2008 2753 neque
2036 2706 2080 2742 ab
2104 2706 2231 2753 officio
2256 2708 2357 2750 eius;

125 2762 241 2798 neque
268 2751 362 2786 enim
393 2750 500 2786 aliter
515 2751 666 2797 puritas
687 2750 901 2786 servabitur.
961 2749 1127 2796 Namque
1149 2760 1192 2785 su
1238 2760 1349 2785 unum
1372 2751 1624 2797 maqistratum
1653 2762 1729 2787 rem
1759 2751 1797 2786 in
1827 2763 1870 2787 ea
1887 2752 2083 2799 provincia
2106 2752 2279 2799 coqimus,
2311 2764 2356 2789 ne

126 2796 211 2832 dum
235 2795 451 2831 distrahitur
475 2795 660 2831 claudicet.

261 2841 340 2878 VH.
389 2839 519 2876 Curam
540 2841 655 2887 iqitur
676 2845 713 2876 et
734 2841 812 2888 ipse
860 2841 899 2876 ui
922 2852 946 2876 a
969 2840 1073 2876 nobis
1096 2840 1250 2881 mittitur
1279 2851 1449 2886 maqnam
1473 2840 1652 2877 adhibebit
1679 2842 1856 2878 tamiacae
1871 2842 2116 2889 possessioni,
2148 2846 2185 2878 et
2207 2843 2354 2879 circum-

126 2886 255 2934 spiciet
283 2887 320 2922 si
340 2885 430 2933 quid
455 2897 478 2921 a
499 2886 655 2921 tamiaca
677 2890 776 2921 terra
797 2886 842 2921 ab
858 2891 958 2922 atum
982 2890 1037 2922 est
1055 2890 1090 2922 et
1112 2890 1240 2921 temere
1263 2886 1306 2921 ab
1328 2885 1413 2920 aliis
1433 2885 1623 2929 detinetur,
1647 2886 1721 2923 sive
1737 2898 1883 2934 pascua
1905 2891 1991 2923 sunt
2007 2887 2082 2924 sive
2102 2888 2259 2924 arabiles
2281 2889 2355 2925 sive

127 2932 284 2969 vineales
309 2935 440 2974 terrae,
463 2931 537 2967 sive
553 2931 714 2978 praedia
736 2932 811 2967 sive
835 2931 972 2973 domus,
997 2934 1107 2977 atque
1129 2931 1183 2966 rei
1201 2930 1402 2966 'vindicabit
1422 2935 1523 2966 vetus
1545 2931 1674 2974 solum,
1700 2942 1780 2967 cum
1800 2932 1902 2968 nulla
1926 2932 2028 2979 lonqi
2054 2934 2228 2980 temporis
2247 2945 2354 2981 prae-

125 2977 279 3024 scriptio
311 2977 345 3012 ei
373 2976 512 3023 opponi
535 2976 668 3023 possit.
729 2976 855 3023 Neque
885 2976 978 3011 enim
1033 2976 1200 3022 uisquam
1235 2975 1306 3011 tale
1338 2975 1427 3022 quid
1451 2976 1543 3021 fisco
1577 2981 1758 3023 opponat,
1791 2988 1906 3023 neque
1930 2977 2023 3013 lucri
2046 2989 2158 3014 causa
2180 2978 2220 3014 id
2243 2990 2356 3026 aqens

127 3033 243 3068 neque
273 3025 316 3057 ut
346 3021 442 3057 bona
473 3032 541 3057 sua
571 3025 727 3067 auqeat;
768 3021 837 3056 hoc
868 3022 960 3057 enim
1017 3021 1188 3057 eminutio
1217 3021 1344 3068 potius
1374 3026 1429 3056 est
1458 3032 1566 3067 quam
1600 3026 1850 3068 auqmentum,
1880 3023 1912 3057 si
1943 3023 2025 3069 quis
2054 3023 2213 3059 sordidis
2242 3024 2354 3059 mani—

127 3067 194 3103 bus
216 3070 321 3102 utens
343 3076 382 3101 se
405 3066 542 3101 lucrari
573 3066 663 3112 quid
685 3065 893 3108 arbitretur,
924 3065 1025 3112 quod
1047 3066 1176 3102 deinde
1200 3077 1281 3101 cum
1312 3066 1495 3113 impietate
1525 3070 1562 3102 et
1585 3066 1733 3112 pudore
1754 3067 1963 3103 redditurus
1990 3068 2039 3104 sit
2067 3068 2353 3115 multiplicatum.

132 3129 2348 3141 ——————-——-—-——.—

177 3161 190 3192 1
215 3157 255 3191 ἔκ
274 3169 315 3191 τε
334 3154 482 3190 κλοπῶν
502 3159 562 3189 καὶ
584 3155 646 3198 τῆς
660 3156 738 3190 τῶν
756 3153 946 3190 ὑποτελῶν
967 3157 1145 3202 ἐπηρείας]
1167 3168 1207 3190 ex

128 3203 278 3237 telonum
301 3203 335 3244 (i.
349 3215 374 3236 e.
397 3202 436 3234 ἐκ
455 3199 665 3244 τελωνῶνῗ)
690 3205 722 3234 et
742 3201 952 3234 subtelonum
972 3202 1142 3235 calumnia
1160 3214 1180 3239 ς
1195 3204 1208 3247 11

129 3251 150 3283 2
164 3246 232 3294 γὰρ
245 3260 303 3283 om.
314 3259 334 3284 ς·
348 3246 361 3291 11
380 3249 399 3281 5
414 3244 523 3280 αὖτὰς
535 3248 567 3283 L
585 3247 597 3288 11
613 3249 631 3279 7
650 3247 897 3288 quinquaginta
912 3247 968 3288 M]
983 3244 1209 3290 πεντήκοντα

130 3294 166 3328 Β
180 3301 213 3327 et
225 3306 251 3327 s.
261 3307 289 3326 v..
302 3293 351 3335 M,
364 3305 422 3325 om.
433 3292 465 3325 L
482 3291 495 3336 11
517 3293 537 3326 9
557 3288 792 3337 ἀδωρότατον
804 3292 846 3324 Μ
850 3294 868 3313 ⁰
891 3287 1124 3337 ἄδωροτάτας
1135 3293 1208 3326 Ha-

132 3339 266 3373 leander
284 3337 296 3383 11
316 3339 355 3372 12
368 3337 490 3380 viginti
505 3337 561 3378 M]
578 3334 609 3379 η’
622 3339 700 3380 (pro
710 3334 754 3378 κ’)
764 3336 812 3377 Β,
825 3349 883 3369 om.
894 3338 925 3370 L
941 3337 953 3378 11
975 3339 1014 3371 13
1029 3334 1129 3370 αὐτῶ
1142 3338 1175 3372 L
1194 3336 1210 3395 11

133 3386 175 3418 14
196 3385 397 3429 παρέχομεν
417 3395 455 3416 ex
471 3393 491 3419 ς
510 3383 714 3423 ΗαΙοαηᾱεν]
738 3380 885 3427 παρέξει
900 3382 1010 3415 MLB
1025 3382 1037 3427 11
1070 3385 1107 3417 16
1123 3394 1192 3416 κατ

130 3425 236 3462 οὐδὲν
259 3425 447 3462 παντελῶς
470 3428 515 3460 M
517 3429 548 3468 ς]
582 3422 666 3460 κατ’
693 3422 824 3460 οὐδένα
853 3424 1041 3460 παντελῶς
1070 3426 1209 3473 τρόπον

131 3475 201 3508 LB
216 3476 228 3518 11
248 3476 288 3508 17
303 3470 575 3516 ἐλαττούμενον]
592 3469 718 3505 staro&
732 3472 763 3505 L
781 3471 793 3515 11
811 3473 852 3505 19
868 3472 928 3505 ἐπὶ
938 3469 1209 3507 Καππαδοκίαν

131 3519 168 3552 Β
184 3520 195 3559 11
220 3521 263 3554 20
286 3514 353 3553 ὑπ’
377 3515 467 3561 αὐτῆ
495 3519 528 3551 Β
545 3517 558 3561 11
576 3519 614 3551 21
642 3529 682 3550 τε
706 3529 764 3551 om.
779 3517 810 3550 L
826 3517 838 3558 11
863 3518 905 3551 22
930 3517 993 3550 τοῦ
1015 3514 1124 3550 αὐτοῦ
1143 3519 1175 3551 L
1197 3517 1210 3564 11

132 3565 174 3597 28
188 3561 420 3598 διασπᾶσθαι
493 3562 504 3608 11
532 3564 574 3597 32
591 3559 634 3596 τὸ
651 3561 880 3606 παραινεθὲν
901 3561 963 3605 τῆς
982 3563 1210 3606 ταμειατικῆς

132 3608 183 3642 Βσ
206 3610 218 3652 11
248 3610 290 3644 33
315 3604 498 3655 ἀροσίμοις
519 3608 600 3649 LB]
633 3604 831 3652 ἀρωσίμοις
856 3607 903 3640 Μ
928 3609 983 3650 (cs.
1010 3607 1141 3641 Lobeck
1165 3610 1212 3642 ad

132 3653 350 3698 Phrynichum
370 3666 406 3698 p.
421 3655 499 3695 227)
528 3653 540 3698 11
570 3656 612 3687 34
636 3653 676 3686 ἐν
693 3654 835 3698 χωρίοις
854 3652 959 3695 ΙιΒς]
991 3653 1032 3686 ἐν
1050 3653 1171 3687 oni-M
1197 3652 1211 3694 11

133 3699 174 3732 35
195 3700 268 3751 τοῖς
287 3711 317 3733 π
339 3697 473 3745 άγμασι
497 3699 529 3733 L
547 3697 560 3741 11
583 3699 626 3732 36
649 3693 887 3740 ἇντιθεμένης
903 3698 935 3732 L
961 3698 973 3740 11
1000 3699 1039 3731 37
1065 3695 1210 3733 τοιοῦτό

132 3745 180 3787 τι]
204 3753 285 3777 τους

1326 3161 1341 3192 1
1368 3157 1531 3190 tellonum
1556 3157 1611 3202 Τ11
1629 3157 1839 3191 subditorum
1858 3160 1942 3202 vulo.
1961 3159 1974 3204 11
1992 3161 2011 3194 2
2033 3161 2114 3193 haec
2135 3161 2223 3192 enim
2245 3161 2355 3194 omnia

1278 3204 1363 3247 vuly.
1380 3202 1393 3247 11
1411 3205 1433 3236 4
1453 3206 1585 3235 nostrae
1606 3213 1715 3236 sacrae
1738 3203 1794 3248 Vl}
1811 3205 1831 3238 9
1856 3205 2083 3238 ordinationes
2102 3207 2185 3249 vuly.
2206 3206 2219 3248 11
2238 3208 2271 3239 11
2301 3217 2354 3238 us-

1278 3258 1342 3290 que
1366 3248 1408 3280 ad
1431 3249 1505 3280 auri
1528 3249 1613 3291 vuly.
1632 3247 1644 3291 11
1665 3250 1702 3282 11
1728 3248 1815 3281 libra
1835 3249 1892 3293 1711
1911 3251 1952 3284 13
1976 3251 2135 3283 accesseri
2156 3250 2214 3294 Vn
2233 3253 2272 3284 14
2296 3262 2354 3284 ue-

1277 3304 1417 3335 rumque
1450 3292 1506 3336 Vll
1535 3295 1574 3327 15
1598 3292 1766 3326 inminuto
1792 3295 1869 3328 libri
1883 3294 1895 3339 11
1923 3298 1962 3329 17
1987 3295 2222 3337 gloriosissime
2254 3296 2317 3330 VT
2343 3296 2355 3340 11

1276 3338 1475 3382 praepositis
1495 3338 1552 3381 Vss
1582 3339 1622 3372 19
1647 3339 1853 3382 capadotiam
1879 3342 1956 3374 libri
1972 3340 1983 3383 11
2011 3351 2148 3382 eamque
2171 3340 2232 3373 sub
2252 3341 2298 3383 V]
2323 3345 2356 3375 et

1278 3394 1362 3425 quae
1382 3383 1442 3416 sub
1464 3393 1501 3416 ea
1521 3385 1569 3415 est
1584 3384 1668 3428 vuly.
1686 3385 1697 3427 11
1717 3385 1759 3418 20
1783 3384 1928 3418 scholam
1955 3386 2184 3429 Osenbriiyyen
2200 3386 2212 3429 11
2231 3387 2273 3420 22
2297 3397 2354 3420 ne—

1278 3438 1619 3470 que—annonarum
1643 3441 1702 3462 om.
1723 3430 1808 3475 Val.
1844 3429 1849 3475 1
1883 3433 1924 3464 26
1949 3430 2142 3472 colligemus
2162 3430 2196 3464 V
2211 3433 2224 3472 ΙΙ
2251 3433 2290 3466 27
2316 3435 2356 3465 ut

1278 3474 1437 3506 dilacerta
1460 3472 1647 3507 claudimus
1678 3474 1712 3508 V
1735 3473 1748 3519 11
1776 3476 1818 3509 30
1849 3475 2062 3518 prouidentia
2087 3475 2120 3508 T
2141 3475 2154 3519 11
2183 3477 2222 3510 31
2254 3479 2356 3520 ponet

1278 3520 1362 3562 ναῖς).
1380 3518 1392 3562 11
1411 3518 1598 3551 multerarii
1620 3519 1675 3559 Vss
1696 3520 1755 3564 leq.
1777 3520 1958 3562 inspiciat?
1975 3520 1986 3564 11
2007 3521 2048 3554 33
2073 3520 2137 3553 *in
2161 3521 2353 3565 arabilibus]

1277 3563 1565 3596 irrationabilibus
1586 3564 1620 3597 V
1631 3564 1642 3608 11
1659 3565 1701 3599 33
1715 3577 1763 3612 sq.
1787 3565 1856 3598 sive
1873 3566 1908 3597 in
1924 3565 2055 3608 pascuis
2067 3565 2204 3599 —locis
2223 3580 2282 3602 om.
2297 3568 2327 3602 T

1279 3611 1320 3643 35
1345 3608 1471 3641 iudicet
1496 3609 1575 3642 libri
1602 3607 1614 3653 11
1641 3609 1768 3642 nullam
1801 3610 1960 3643 obicienti
1989 3610 2019 3643 ei
2042 3611 2254 3654 temporalem
2280 3613 2314 3647 T
2347 3567 2356 3658 1

1279 3656 1321 3689 36
1346 3653 1640 3698 praescriptionem
1666 3656 1742 3689 libri
1755 3654 1768 3700 11
1787 3657 1827 3689 41
1853 3655 1978 3698 pietate
2008 3656 2092 3691 Vae.

342 3745 355 3763 ⁰
369 3746 382 3788 11
406 3745 448 3778 37
462 3757 509 3790 sq.
535 3741 645 3777 *οὐδὲ
661 3762 701 3768 —-
721 3738 804 3777 οὐδὲ
829 3744 906 3777 libri
918 3744 931 3787 11
949 3741 1038 3789 πρὸς
1060 3756 1118 3777 om.
1131 3743 1165 3779 L
