2618 4010
172 129 398 164 IUDICIBUS
426 127 761 160 PROVINCIARUM

175 233 360 275 πευμένον.
401 228 437 262 οἱ
453 227 522 275 γὰρ
545 225 608 262 οὐκ
627 225 741 262 ἄλλως
764 225 1024 275 παραδιδόντες
1047 227 1109 264 τὰς
1131 227 1246 275 ἀρχάς,

174 277 205 310 εἰ
235 274 283 321 μὴ
315 273 489 321 πρότερον
516 270 624 319 ὅρκον
642 271 834 316 ὑπόσχοιεν
858 274 894 309 οἱ
910 273 1043 310 ταύτας
1063 273 1249 322 παραλαμ-

173 319 354 366 βάνοντες,
380 315 469 353 ὥςτε
488 317 530 353 τὸ
551 317 691 353 δίκαιον
712 316 826 354 ἅπασι
847 323 982 367 κρίνειν
1005 323 1065 355 καὶ
1085 319 1250 368 καθαρὰς

175 363 367 412 φυλάττειν
389 363 452 399 τὰς
473 367 605 411 χεῖρας,
631 361 734 398 οὐδὲν
758 365 856 408 οἶμαι
880 364 969 410 μετὰ
993 366 1058 400 τὸν
1082 365 1249 410 παρόντα

172 412 284 456 νόμον
304 411 424 456 ἑτέρας
441 408 539 444 τινὸς
559 408 767 455 δεησόμεθα
788 411 1000 456 προςθήκης,
1021 412 1058 446 εἴ
1070 425 1111 458 γε
1130 411 1167 446 οἱ
1181 414 1248 456 μὲν

174 455 290 491 δίκαια
323 453 504 498 δικάζουσι
540 455 629 502 πρὸς
661 455 727 491 τὸν
757 454 870 501 νόμον
899 470 939 491 τε
970 455 1059 502 ὁμοῦ
1090 460 1150 491 καὶ
1181 456 1247 491 τὸν

1245 115 1336 162 353

2003 116 2107 160 Nov.
2139 117 2278 160 LXIX
2311 119 2346 160 3.
2371 121 2394 160 4

1316 231 1403 265 tum.
1452 229 1544 265 Nam
1579 228 1639 272 qui
1671 238 1742 264 non
1780 228 1884 264 aliter
1919 228 2090 270 tradimus
2132 228 2290 272 cingula,
2327 228 2396 264 nisi

1320 276 1419 320 prius
1451 273 1696 311 iusiurandum
1728 274 1903 310 subierint
1934 275 2023 311 haec
2054 275 2270 319 accipientes
2301 274 2395 310 iuste

1320 321 1485 356 omnibus
1509 320 1668 356 iudicare
1693 321 1730 354 et
1751 331 1861 364 puras
1887 330 2028 356 servare
2048 331 2184 363 manus,
2210 331 2282 355 non
2305 323 2393 364 puto

1317 370 1400 411 post
1418 367 1642 411 praesentem
1660 365 1772 409 legem
1791 365 1902 401 altero
1923 366 2081 410 quolibet
2102 366 2281 410 egebimus
2306 375 2392 409 aug-

1285 415 1304 447 5
1318 415 1448 454 mento,
1483 411 1514 447 si
1536 411 1588 446 illi
1611 410 1752 455 quidem
1782 411 1874 446 iuste
1897 412 2055 448 iudicent
2083 411 2130 447 ad
2154 412 2265 456 legem
2288 411 2393 447 simul

1318 461 1352 492 et
1374 456 1620 493 iusiurandum
1643 456 1882 501 respicientes.

172 501 279 548 ὅρκον
298 499 500 546 βλέποντες.

1163 595 1318 630 CAPUT
1340 595 1399 628 IV.

213 660 428 706 Ἐξαρπάσει
453 660 492 695 δὲ
515 663 594 696 τῶν
618 664 823 709 ἐπιχωρίων
847 659 966 709 ἀρχῶν
985 661 1065 696 τοὺς
1084 660 1245 696 άδικοῦν-
1360 661 1528 705 Abripiat
1551 662 1670 694 autem
1693 660 1813 694 nullus
1838 659 2116 703 provincialibus
2147 659 2295 704 cingulis
2319 661 2392 695 vio-

170 720 233 742 τας
251 706 334 742 οὐδὲ
358 707 405 742 εἷς
428 706 577 752 οὐδεμιᾷ
601 706 781 754 χριόμενος
810 704 832 749 ἢ
856 711 1036 753 προνομίᾳ
1057 705 1077 749 ἢ
1099 705 1246 750 δυνάμει
1316 707 1443 749 lentos,
1463 705 1561 739 nullo
1579 707 1683 739 utens
1703 705 1885 749 privilegio
1905 709 1968 739 aut
1986 706 2167 749 potestate
2186 709 2249 740 aut
2268 706 2391 747 forma,

171 751 193 796 ἢ
208 753 323 796 τύπῳ,
344 752 438 795 πλὴν
455 753 485 787 εἰ
505 752 553 797 μὴ
571 754 668 787 θεῖος
689 749 852 798 ἡμέτερος
873 752 1117 798 πραγματικὸς
1136 750 1246 787 τύπος
1261 755 1302 786 10
1316 751 1384 786 nisi
1414 750 1508 785 forte
1540 760 1644 784 sacra
1667 753 1790 784 nostra
1814 750 2034 794 pragmatica
2065 750 2180 785 forma
2205 751 2394 786 occasione

171 798 348 845 προφάσει
383 797 553 842 δημοσίας
589 799 704 832 αἰτίας
739 796 935 842 προελθών
970 794 1156 843 ἀγώγιμον
1191 799 1245 831 ἐν·
1315 796 1480 840 publicae
1505 804 1634 830 causae
1659 794 1855 839 procedens
1889 795 2083 830 exhibitum
2111 796 2169 831 hic
2194 797 2394 842 quempiam

171 842 295 878 ταῦθ-ά
327 857 410 878 τινα
433 844 608 891 γενέσθαι
639 841 875 890 προςτάξειεν,
908 840 928 885 ἢ
953 840 972 876 ὁ
996 842 1102 886 νόμος
1127 847 1245 884 ποιοίη
1315 841 1393 875 fieri
1415 840 1630 884 praecipiat,
1663 844 1727 874 aut
1758 840 1815 874 lex
1844 840 1913 875 hoc
1937 841 2048 875 faeiat
2079 842 2183 886 quale
2208 846 2263 876 est
2287 852 2394 886 super

171 888 298 924 ὁποῖον
330 891 389 925 ἐπὶ
413 891 490 924 τῶν
515 888 705 932 ἐκκλήτων,
737 892 853 921 καίτοι
876 900 916 933 γε
943 891 1001 921 καὶ
1025 889 1132 922 τοῦτο
1155 888 1247 921 κατὰ
1316 886 1629 930 appellationibus,
1654 885 1738 921 licet
1756 886 1862 921 etiam
1883 886 1951 921 hoc
1974 896 2016 921 ex
2037 887 2149 922 multa
2169 891 2272 931 parte
2289 898 2392 922 cura-

171 935 213 969 τὸ
237 934 327 970 πολὺ
352 939 454 981 μέρος
478 935 773 981 ἑθεραπεύσαμεν
799 932 948 967 πολλοὺς
972 934 1049 967 τῶν
1065 930 1245 977 μειζόνων
1313 932 1443 974 vimus,
1478 931 1650 975 plurimos
1673 931 1849 966 maiorum
1872 931 2030 967 iudicum
2054 933 2090 966 in
2113 932 2305 977 provinciis
2329 943 2391 977 ap-

172 978 359 1026 άρχόντων
389 982 466 1015 τῶν
498 983 537 1014 ἑν
566 983 641 1014 ταῖς
671 981 855 1024 ἐπαρχίαις
884 981 1009 1022 ἐφέτας
1036 979 1244 1012 καθιστῶν-
1259 981 1300 1012 15
1314 977 1546 1022 pellationum
1564 977 1833 1019 constituentes,
1854 978 1896 1011 ut
1916 978 2013 1022 apud
2036 977 2117 1012 illos
2139 978 2250 1022 magis
2270 978 2392 1023 appel-

172 1038 243 1067 τες,
276 1027 336 1061 ἵνα
360 1024 447 1072 παρ’
477 1028 620 1060 ἐκείνοις
642 1023 776 1069 μᾶλλον
807 1023 851 1057 τὰ
874 1026 934 1066 τῆς
958 1026 1129 1069 ἐφέσεως,
1154 1020 1244 1058 ὅταν
1314 1023 1411 1065 latio,
1437 1022 1578 1067 quando
1601 1033 1672 1057 non
1698 1022 1741 1057 de
1757 1023 1909 1058 maximo
1932 1023 2075 1067 negotio
2092 1023 2201 1058 fuerit
2217 1024 2392 1068 quaestio,

172 1071 220 1116 μὴ
248 1076 329 1117 περὶ
360 1076 527 1117 μεγίστου
556 1069 651 1104 τινὸς
682 1070 735 1112 εἴη
766 1068 808 1103 τὸ
841 1067 1068 1113 ζητούμενον,
1101 1067 1122 1111 ἢ
1153 1067 1245 1102 κατὰ
1315 1078 1420 1112 quam
1443 1069 1481 1102 in
1505 1068 1573 1102 hac
1599 1068 1821 1102 examinetur
1845 1068 1998 1103 maxima
2022 1069 2175 1104 civitate.

172 1119 193 1152 1
239 1117 374 1160 ταύτην
398 1116 609 1163 ἀγωνίζοιτο
634 1114 700 1157 τὴν
720 1112 914 1158 εὐδαίμονα
939 1112 1055 1149 πόλιν.
1111 1115 1244 1148 Τοῦτον
1313 1116 1335 1149 1
1380 1113 1484 1148 Hanc
1515 1113 1676 1148 dicantes
1706 1114 1863 1148 iustitiae
1891 1115 2003 1157 legem
2035 1114 2155 1149 adhuc
2187 1114 2306 1159 potius
2336 1114 2389 1149 fa-

173 1157 236 1196 οῦν
259 1161 457 1196 ἀναθέντες
480 1158 686 1206 δικαιοσύνῃ
708 1159 773 1193 τὸν
795 1159 908 1204 νόμον
930 1163 985 1194 ἔτι
1007 1158 1142 1203 μᾶλλον
1167 1172 1244 1194 ποι-
1316 1160 1446 1194 Ciemus
1479 1168 1557 1193 eam
1579 1159 1779 1201 iustiorem,
1810 1160 1840 1194 si
1871 1160 1959 1194 nulli
1982 1160 2229 1204 permittamus
2261 1160 2393 1195 habere

174 1207 304 1252 ήσομεν
337 1206 446 1241 αὐτὸν
478 1203 712 1251 δικαιότερον,
747 1206 778 1238 εἰ
810 1203 937 1249 μηδενὶ
971 1204 1244 1253 συγχωρήσομεν
1258 1207 1300 1239 20
1315 1208 1441 1240 contra
1462 1214 1539 1239 eam
1564 1205 1737 1249 quaedam
1761 1205 1954 1249 privilegia,
1979 1215 2094 1250 neque
2118 1205 2233 1250 excipi
2257 1206 2303 1241 ab
2323 1206 2392 1240 hac

174 1255 267 1296 ἔχειν
297 1251 380 1286 κατ’
408 1250 514 1286 αὐτοῦ
547 1264 630 1285 τινα
658 1254 872 1296 προνομίαν,
903 1249 994 1295 μηδὲ
1019 1251 1244 1296 ἐξαιρεῖσθαι
1313 1252 1390 1294 lege
1422 1250 1581 1295 quolibet
1609 1250 1811 1294 privilegio,
1847 1260 1914 1285 nec
1946 1251 1977 1285 Si
2010 1251 2156 1286 cuilibet
2187 1254 2393 1286 sanctarum

174 1300 237 1332 τοῦ
254 1298 364 1341 νόμον
387 1297 513 1332 τούτου
533 1293 617 1341 μηδ’
641 1294 763 1330 ὁτιοῦν
779 1296 987 1340 προνόμιον,
1007 1295 1098 1341 μηδὲ
1122 1297 1157 1330 εἴ
1170 1310 1244 1330 τινι
1313 1296 1545 1331 ecclesiarum
1585 1295 1753 1339 largitum
1792 1297 1847 1330 est
1890 1298 1953 1330 aut
1992 1296 2100 1331 alicui
2138 1297 2393 1332 venerabilium

173 1345 250 1378 τῶν
270 1342 483 1390 ἁγιωτάτων
507 1341 702 1384 ἐκκλησιῶν
726 1340 1002 1387 πεφιλοτίμηται
1025 1340 1047 1386 ἥ
1071 1355 1145 1376 τινι
1168 1343 1245 1376 τῶν
1313 1341 1616 1376 xenodochiorum
1639 1343 1704 1376 aut
1722 1341 1801 1376 aliis
1822 1341 2114 1377 reverentissimis
2132 1342 2305 1385 domibus,
2330 1344 2394 1377 aut

174 1388 313 1435 εὐαγιῦν
337 1386 505 1429 ξενώνων
529 1385 551 1431 ἢ
574 1385 663 1421 ὅλως
691 1389 768 1421 τῶν
789 1386 1100 1431 σεβασμιωτάτων
1124 1387 1243 1428 οἴκων,
1315 1387 1461 1422 cuilibet
1475 1387 1634 1431 ipsarum
1649 1387 1886 1431 imperialium
1904 1386 2070 1422 domuum
2086 1389 2149 1422 aut
2166 1398 2268 1423 sacro
2281 1389 2392 1432 patri-

174 1434 196 1478 ἤ
219 1447 291 1468 τινι
321 1435 398 1468 τῶν
429 1431 534 1476 αὐτῆς
562 1434 622 1475 τῆς
652 1431 836 1475 βασιλείας
860 1433 969 1467 οἴκων
999 1430 1021 1476 ἢ
1051 1434 1115 1467 τοῦ
1140 1434 1243 1467 θείου
1259 1436 1300 1467 25
1314 1433 1432 1468 monio
1466 1435 1529 1467 aut
1554 1432 1665 1467 sacris
1689 1432 1855 1477 privatis,
1890 1442 1980 1476 quae
2011 1433 2135 1468 merito
2160 1437 2244 1477 post
2268 1444 2392 1477 super-

173 1483 407 1525 πατριμονίου
435 1478 456 1522 ἢ
488 1479 566 1512 τῶν
589 1479 708 1512 θείων
736 1477 937 1523 πριβάτων,
972 1479 1077 1524 αἴπερ
1102 1478 1246 1512 εἰκότως
1314 1489 1399 1513 num
1423 1478 1594 1512 honorem
1618 1478 1775 1513 secundo
1800 1478 1878 1513 loco
1903 1481 1987 1513 sunt
2011 1478 2149 1523 posita,
2183 1489 2249 1514 nec
2274 1479 2304 1513 si
2328 1479 2393 1514 ali-

172 1526 260 1569 μετά
295 1524 361 1568 τὴν
395 1523 544 1558 ἄνωθέν
579 1525 646 1557 εἰσι
682 1521 789 1567 τιμὴν
820 1521 983 1569 δεύτεραι
1019 1526 1244 1568 τεταγμέναι,
1316 1524 1445 1569 quibus
1469 1523 1646 1558 iudicibus
1671 1523 1790 1558 autin
1806 1526 1996 1567 potentatu
2014 1524 2141 1568 positis
2165 1527 2229 1559 aut
2249 1524 2392 1559 omnino

171 1569 261 1615 μηδὲ
291 1572 326 1604 εἴ
353 1583 426 1604 τισι
456 1571 533 1603 τῶν
565 1568 751 1614 ἀρχόντων
783 1567 804 1612 ἢ
835 1571 874 1602 ἐν
905 1567 1096 1614 δυνάμεσιν
1125 1569 1246 1603 ὄντων
1315 1570 1382 1604 sub
1407 1579 1473 1604 nos
1498 1569 1703 1604 constitutis
1725 1569 1944 1604 hominibus:
1971 1570 2034 1604 sed
2059 1579 2179 1604 omnes
2202 1570 2394 1605 oboediant

173 1614 194 1658 ἢ
217 1612 306 1650 ὅλως
326 1617 403 1649 τῶν
426 1613 489 1660 ὑφ’
517 1612 604 1658 ἡμᾶς
635 1618 866 1660 τεταγμένων
890 1613 1126 1661 ἀνθρώπων·
1162 1612 1243 1649 ἀλλ’
1315 1615 1383 1660 legi
1406 1618 1441 1650 et
1458 1615 1730 1650 succumbentes
1747 1615 1905 1650 iustitiae
1923 1615 2099 1650 sanctioni
2114 1615 2291 1650 honorent
2315 1626 2393 1650 eam

173 1659 329 1696 ἅπαντες
352 1658 566 1695 ὑπακούοιεν
588 1662 651 1694 τοῦ
672 1659 793 1703 νόμου,
818 1663 876 1693 καὶ
901 1659 1168 1704 ὑποκεκλιμένοι
1192 1661 1244 1704 τῷ
1260 1663 1301 1695 30
1315 1663 1355 1696 01λ
1381 1670 1444 1705 per
1468 1660 1586 1696 omnia
1615 1661 1772 1695 habeant
1801 1660 1945 1702 fortem,
1982 1671 2054 1695 non
2078 1661 2192 1695 solum
2221 1660 2259 1695 in
2283 1663 2394 1696 semet

173 1708 233 1750 τῆς
253 1705 475 1748 δικαιοσύνης
494 1706 624 1750 θεσμῷ
646 1707 782 1750 τιμῷέν
806 1719 846 1739 τε
865 1704 974 1739 αὐτὸν
998 1710 1057 1739 καὶ
1078 1704 1137 1739 διὰ
1158 1705 1245 1741 πάν·
1314 1707 1413 1751 ipsos
1437 1706 1679 1750 respicientes,
1706 1706 1769 1741 sed
1794 1706 1900 1740 etiam
1919 1706 1956 1740 in
1974 1705 2114 1740 futuras
2136 1707 2392 1748 successiones,

172 1766 249 1786 των
273 1751 392 1799 ἄγοιεν
416 1751 569 1797 ἰσχυρόν,
593 1751 641 1794 μὴ
663 1748 776 1793 μόνον
802 1751 849 1785 εἰς
872 1751 1017 1786 ἑαυτοὺς
1040 1751 1244 1795 βλέποντες,
1313 1754 1349 1786 et
1380 1751 1532 1787 scientes
1566 1751 1650 1796 quia
1684 1751 1774 1786 nihil
1803 1761 1916 1795 paene
1948 1751 1985 1786 in
2008 1756 2119 1786 semet
2149 1752 2227 1797 ipso
2262 1756 2392 1794 manet,

172 1796 258 1831 ἀλλὰ
280 1801 339 1831 καὶ
360 1798 406 1831 εἰς
426 1796 487 1830 τὰς
507 1797 629 1842 ἑφεξῆς
649 1794 824 1838 διαδοχάς,
850 1800 909 1830 καὶ
925 1795 1055 1831 εἰδότες
1076 1794 1124 1831 ὠς
1143 1794 1247 1831 οὐδὲν
1317 1797 1379 1832 sed
1405 1797 1515 1832 currit
1547 1802 1676 1832 natura
1708 1807 1848 1841 semper
1878 1797 2007 1832 multas
2040 1798 2203 1832 evolvens
2227 1798 2392 1833 mutatio-

174 1842 299 1886 σχεδὸν
330 1845 407 1876 τῶν
432 1844 490 1877 ἐπὶ
513 1844 573 1889 γῆς
597 1843 657 1875 ἐπὶ
680 1839 813 1876 ταύτοῦ
837 1846 953 1886 μένει,
979 1844 1049 1888 ῥέει
1074 1840 1114 1875 δὲ
1137 1841 1158 1885 ἡ
1182 1841 1246 1888 φύ-
1317 1853 1396 1886 nes,
1432 1852 1518 1887 quas
1543 1853 1658 1887 neque
1689 1842 1874 1887 providere
1898 1842 2003 1877 facile
2027 1846 2082 1877 est
2115 1852 2230 1887 neque
2253 1843 2392 1887 praedi-

175 1900 226 1922 σις
257 1886 311 1922 ἀεὶ
343 1889 389 1921 εἰς
422 1886 553 1922 πολλὰς
584 1890 643 1921 καὶ
667 1884 866 1930 ἀμηχάνους
896 1887 1142 1931 ἐξελιττομένη
1167 1901 1247 1934 τρο-
1260 1891 1302 1923 35
1318 1898 1413 1930 cere,
1447 1888 1512 1923 deo
1538 1888 1758 1923 solummodo
1793 1892 1828 1922 et
1856 1888 2071 1933 imperatore
2095 1890 2265 1932 sequente
2290 1888 2391 1924 deum

175 1934 252 1976 πάς,
276 1931 315 1967 iis
336 1933 416 1967 οὔτε
437 1931 656 1979 προϊδέσθαι
679 1931 806 1978 ῥᾴδιον
830 1932 911 1967 οὔτε
935 1936 1132 1979 προειπεῖν,
1156 1933 1245 1967 θεοῦ
1316 1935 1405 1969 haec
1429 1933 1629 1978 gubernare
1653 1933 1880 1969 mediocriter
1904 1937 1940 1968 et
1963 1936 2148 1969 mansuete
2172 1934 2323 1970 valente.

174 1979 284 2024 μόνου
315 1982 374 2013 καὶ
404 1978 579 2023 βασιλέως
603 1976 886 2012 ἀκολουθοῦντος
916 1979 996 2022 θεῷ
1025 1979 1160 2014 ταύτας
1190 1993 1245 2013 κυ-

175 2026 307 2071 βερνᾶν
339 2028 490 2070 μετρίως
518 2037 558 2058 τε
587 2026 646 2057 καὶ
671 2025 835 2058 ἐπιεικῶς
857 2022 1067 2069 δυναμένου.

222 2131 293 2160 cap.
317 2118 340 2150 Ι
346 2118 433 2159 Vpr.
458 2116 661 2149 summarium
686 2117 782 2149 habet
805 2124 960 2149 tractatus
983 2119 1064 2161 περὶ
1089 2114 1276 2160 διαφόρων
1299 2112 1598 2161 ἀναγνωσμάτων
1623 2114 1644 2157 ξ
1665 2116 1684 2147 5
1706 2115 1822 2156 p.192
1848 2115 1974 2148 Heimb.
2001 2128 2038 2148 ez
2058 2117 2180 2150 Athon.

178 2218 282 2252 aliter
306 2218 538 2262 maqistratus
559 2216 806 2258 conferamus,
838 2216 907 2248 nisi
931 2216 993 2260 qui
1024 2227 1084 2250 eos
1108 2215 1309 2261 suscepturi
1339 2219 1425 2249 sunt
1447 2214 1699 2248 iusiurandum
1721 2214 1834 2265 prius
1856 2220 2049 2260 praestent
2078 2227 2116 2251 se
2135 2217 2228 2251 iuste
2259 2217 2394 2252 iudica-

180 2268 280 2298 turos
304 2261 465 2296 omnibus
482 2270 670 2306 purasque
693 2270 820 2293 manus
842 2265 1051 2295 servaturos
1074 2271 1169 2302 esse,
1202 2260 1345 2294 minime
1369 2261 1502 2305 opinor
1525 2259 1641 2293 altera
1665 2258 1867 2294 adlectione
1894 2264 1979 2304 post
2004 2259 2098 2295 lianc
2122 2261 2234 2306 leqem
2258 2262 2395 2309 indiqe-

179 2308 303 2348 bimus,
328 2307 359 2341 si
384 2305 526 2352 quidem
549 2304 602 2339 illi
624 2305 717 2339 iuste
740 2303 949 2339 iudicabunt
972 2305 1062 2351 leqis
1084 2305 1192 2339 simul
1215 2308 1251 2340 et
1271 2304 1512 2340 iurisiurandi
1531 2304 1674 2338 ratione
1697 2302 1828 2338 habita.

311 2352 372 2387 IV.
422 2351 496 2386 Nec
519 2361 603 2385 vero
628 2361 650 2383 a
674 2349 945 2394 maqistratibus
961 2350 1248 2395 provincialibus
1276 2349 1521 2394 delinquentes
1552 2349 1742 2394 quisquam
1765 2349 1821 2384 eri
1845 2349 1893 2383 iet
1923 2353 1987 2384 aut
2006 2351 2200 2397 privileqio
2225 2351 2300 2387 ullo
2332 2357 2398 2388 aut

172 2402 351 2446 potestate
375 2403 438 2431 aut
460 2396 644 2430 sanctione
666 2398 787 2436 utens,
817 2395 889 2429 nisi
909 2395 1011 2440 forte
1033 2406 1142 2430 sacra
1165 2398 1293 2430 nostra
1309 2395 1545 2440 praqmatica
1568 2394 1708 2428 sanctio
1767 2394 1813 2429 ub
1828 2394 1906 2429 icae
1930 2405 2060 2430 causae
2083 2397 2227 2431 nomine
2244 2397 2396 2443 prolata

179 2445 333 2489 aliquem
364 2442 433 2477 buc
463 2440 626 2476 exhiberi
654 2439 816 2481 iusserit,
845 2440 919 2475 sive
948 2440 1010 2475 lex
1039 2441 1160 2484 faciat
1190 2440 1297 2486 quale
1326 2440 1364 2474 in
1394 2438 1700 2485 appellationibus
1726 2405 1789 2483 stt:
1825 2440 1966 2474 tametsi
1995 2439 2064 2475 boc
2094 2452 2239 2487 quoque
2262 2453 2396 2489 maqna

179 2501 227 2525 ex
249 2492 355 2534 parte
378 2487 582 2522 sanavimus
611 2485 743 2520 multos
773 2485 948 2520 maiorum
971 2486 1247 2531 maqistratuum
1279 2486 1344 2530 qui
1375 2485 1414 2519 in
1436 2484 1641 2530 provinciis
1671 2487 1757 2519 sunt
1784 2484 1920 2519 iudices
1951 2485 2239 2531 appellationum
2263 2488 2395 2523 consti-

181 2538 335 2576 tuentes,
366 2537 406 2568 ut
436 2531 535 2578 apud
564 2531 647 2566 illos
671 2530 799 2576 potius
829 2542 876 2577 ap
905 2531 1039 2572 ellatio,
1070 2530 1259 2565 dummodo
1289 2541 1334 2565 ne
1365 2529 1408 2565 de
1438 2530 1601 2564 ‘maxima
1624 2529 1749 2575 aliqua
1778 2541 1819 2565 re
1850 2531 2012 2575 quaestio
2036 2531 2101 2574 sit,
2134 2543 2242 2577 quam
2266 2534 2304 2568 in
2328 2533 2397 2568 hac

178 2583 199 2616 1
243 2579 346 2624 felici
377 2578 518 2613 civitate
549 2580 772 2611 exerceatur.
904 2587 974 2611 anc
1000 2576 1113 2622 iqitur
1143 2576 1176 2610 le
1202 2587 1256 2610 em
1286 2575 1442 2610 iustitiae
1473 2574 1675 2610 dedicatam
1698 2575 1806 2610 etiam
1837 2575 2023 2611 iustiorem
2043 2577 2250 2620 reddemus,
2281 2579 2313 2613 si
2336 2590 2395 2615 ne-

178 2626 305 2660 minem
323 2624 507 2670 patiemur
532 2626 660 2656 contra
684 2632 762 2656 eam
783 2622 1014 2668 privileqium
1038 2621 1161 2667 aliquo
1210 2620 1340 2656 babere
1363 2632 1477 2700 nelque
1500 2620 1612 2655 ullum
1633 2620 1863 2666 privileqium
1887 2621 2047 2657 emimere
2070 2622 2115 2657 ab
2140 2622 2209 2658 bac
2232 2624 2327 2670 leqe,
2352 2636 2397 2660 ne

177 2672 212 2705 si
232 2668 464 2705 sanctissimis
488 2666 629 2713 quidem
653 2678 702 2702 ex
725 2667 884 2702 ecclesiis
908 2667 1020 2702 alicui
1041 2666 1260 2712 praestitum
1282 2667 1331 2701 sit
1361 2677 1401 2701 ve
1446 2677 1496 2701 ea:
1527 2666 1644 2701 sacris
1667 2665 1906 2701 oeenodochu's
1928 2666 1985 2701 vel
2007 2668 2153 2703 omnino
2178 2680 2228 2704 ex
2251 2681 2396 2705 venera-

178 2715 306 2750 bilibus
330 2713 508 2755 domibus,
543 2716 608 2747 aut
630 2712 739 2747 alicui
762 2723 811 2747 ex
835 2712 948 2758 ipsius
971 2712 1201 2759 imperatoris
1225 2711 1389 2746 domibus
1417 2712 1490 2747 sive
1513 2711 1611 2746 sacri
1634 2711 1851 2757 patrimonii
1879 2711 1954 2746 sive
1981 2723 2109 2748 sacrae
2140 2715 2194 2749 rei
2211 2715 2395 2760 privatae,

178 2772 270 2807 quae
293 2760 419 2795 merito
443 2762 529 2805 post
551 2758 722 2792 honorem
746 2757 895 2793 caelitus
919 2757 1043 2792 datum
1066 2756 1222 2793 secundo
1248 2757 1328 2791 loco
1351 2761 1437 2791 sunt
1457 2757 1618 2801 positae,
1651 2767 1717 2792 nec
1746 2757 1779 2791 si
1809 2756 2022 2802 quibusdam
2051 2770 2100 2794 ex
2124 2760 2397 2806 maqislratibus

178 2806 233 2841 vel
248 2808 450 2852 potestates
474 2803 685 2838 habentibus
717 2802 773 2838 vel
807 2803 951 2838 omnino
983 2814 1032 2838 eoe
1055 2803 1224 2838 subiectis
1253 2802 1356 2837 nobis
1380 2801 1583 2836 hominibus
1613 2801 1737 2836 datum
1761 2801 1826 2836 sit:
1859 2801 1923 2838 sed
1946 2813 2066 2839 omnes
2096 2804 2168 2850 leqi
2193 2805 2395 2847 oboediant,

178 2856 213 2886 et
235 2851 391 2886 iustitiae
414 2860 563 2884 normae
585 2848 734 2883 subiecti
765 2852 800 2883 et
823 2848 1003 2884 honorent
1032 2859 1110 2883 eam
1135 2852 1171 2883 et
1190 2859 1258 2893 per
1283 2847 1403 2882 onznia
1437 2850 1606 2882 tueantur
1628 2846 1803 2889 validam,
1835 2857 1921 2882 neve
1946 2847 1995 2882 ad
2016 2860 2054 2884 se
2076 2849 2178 2895 ipsos
2200 2850 2317 2886 solum
2341 2863 2395 2886 re-

177 2909 195 2931 s
222 2897 343 2938 iciant,
367 2894 431 2930 sed
452 2895 556 2929 etiam
580 2893 629 2928 ad
650 2894 893 2928 successiones
916 2893 1082 2940 deinceps
1104 2893 1264 2938 futuras,
1290 2903 1333 2926 ac
1357 2892 1475 2927 sciant
1497 2891 1589 2926 nibil
1605 2892 1692 2972 [ere
1716 2902 1840 2928 eorum
1865 2903 1959 2938 quae
1978 2893 2017 2928 in
2040 2896 2147 2930 terris
2170 2900 2254 2931 sunt
2278 2898 2315 2931 in
2338 2908 2395 2931 eo-

203 2953 256 2977 em
279 2945 376 2976 statu
400 2951 561 2981 manere,
594 2938 658 2974 sed
680 2938 777 2974 velut
796 2939 944 2984 flumine
973 2939 1071 2984 ferri
1094 2942 1263 2973 naturam
1293 2948 1433 2982 semper
1464 2936 1514 2971 ad
1543 2948 1602 2972 mu
1620 2941 1675 2972 tas
1707 2940 1817 2983 atque
1840 2938 2050 2984 inopinatas
2072 2941 2290 2976 mutationes
2321 2952 2397 2977 sese

178 2987 404 3027 evolventem,
429 2996 521 3031 quas
544 2995 609 3019 nec
627 2983 843 3030 praevidere
867 2995 932 3019 nec
952 2984 1164 3030 praedicere
1187 2984 1301 3028 facile
1323 2983 1381 3024 sit,
1407 2993 1485 3016 cum
1510 2981 1597 3017 deus
1619 2982 1721 3017 solus
1744 2986 1780 3017 et
1795 2982 1900 3017 deum
1919 2994 2072 3029 sequens
2092 2985 2292 3032 imperator
2309 2986 2397 3022 haec

232 3091 251 3122 2
276 3089 390 3120 ταῦτα
415 3089 450 3121 Β
474 3088 485 3130 ΙΙ
518 3085 816 3130 παραλαμβάνειν
829 3087 879 3119 La
904 3086 916 3130 ΙΙ
948 3088 967 3120 3
993 3081 1087 3118 ὥστε
1109 3086 1167 3126 Μ]
1193 3099 1251 3118 om.

180 3135 270 3169 LBe
285 3133 296 3176 ΙΙ
316 3135 336 3166 6
351 3130 449 3176 πρὸς]
469 3131 505 3165 οἱ
520 3130 560 3164 δὲ
570 3133 620 3164 La
639 3138 651 3175 fl
668 3134 742 3175 fisq.
757 3127 864 3176 ὅρκον
876 3143 915 3163 τε
934 3128 1021 3173 ὁμοῦ
1039 3132 1097 3162 καὶ
1114 3128 1179 3163 τὸν
1194 3129 1251 3163 νό-

179 3191 248 3221 μον
271 3179 303 3211 L
326 3177 339 3221 ss
365 3180 386 3212 9
409 3174 431 3219 ἢ
454 3179 644 3221 προνομαίᾳ]
669 3172 690 3218 ἢ
714 3189 771 3209 om.
798 3188 817 3212 ς
834 3177 846 3220 ΙΙ
874 3179 913 3209 10
937 3173 1048 3208 τύπος
1060 3176 1171 3217 ΜΒς]
1195 3174 1251 3208 νό-

179 3235 242 3268 μος
266 3224 297 3256 L
312 3223 325 3267 ΙΙ
346 3225 386 3257 15
411 3223 488 3255 τῶν
513 3223 563 3263 ἐν]
587 3222 664 3254 τῶν
689 3235 746 3255 om.
762 3222 798 3254 B
816 3221 828 3261 11
845 3220 970 3264 ἐφετάς
989 3223 1020 3254 L
1045 3220 1252 3263 (appellatio-

181 3281 259 3302 num
273 3270 303 3309 ς)
321 3268 332 3311 ΙΙ
350 3266 622 3311 καθεσταξντων
636 3267 667 3299 L
686 3267 697 3310 11
724 3268 764 3300 18
784 3264 991 3309 εὐδαίμονα]
1015 3266 1157 3298 maxima
1177 3267 1210 3306 (i.
1225 3279 1250 3299 e.

180 3312 348 3360 μεγάλην)
363 3326 382 3349 ς
398 3313 410 3356 ΙΙ
430 3315 470 3346 19
484 3313 547 3344 οῦν
557 3313 614 3352 Μ]
629 3325 685 3345 om.
697 3313 787 3348 LBc
803 3311 815 3355 ss
834 3313 874 3346 21
890 3308 1097 3357 προνόμιον,
1111 3311 1153 3344 22
1167 3322 1252 3356 προ-

180 3362 311 3403 νομίαν
337 3359 386 3391 Β6
414 3358 426 3401 ΙΙ
455 3359 498 3391 24
522 3353 622 3397 ὅλως]
648 3357 722 3389 aliis
746 3358 778 3398 (i.
801 3370 826 3390 e.
849 3353 965 3389 ἄλλοις
988 3370 1012 3389 s.
1038 3353 1162 3397 ἄλλως)
1189 3368 1207 3391 ς
1241 3356 1253 3401 Η

182 3408 224 3438 26
246 3406 481 3447 πατριμονίου
496 3403 580 3444 ML]
612 3402 797 3446 θησαυροῦ
811 3403 853 3434 Μ
862 3416 887 3434 s.
902 3415 942 3443 v.‚
956 3402 991 3434 B
1022 3401 1034 3442 ΙΙ
1061 3400 1253 3447 πριβάτων

182 3448 272 3491 (ἢτοι
292 3449 508 3493 περιουσιῶν
521 3448 564 3480 ΔΜ
573 3461 597 3481 s.
612 3449 653 3489 v.)
669 3448 752 3488 ML]
777 3446 1042 3491 περιουσιῶνΒ
1060 3446 1072 3489 ΙΙ
1097 3448 1139 3480 28
1163 3444 1253 3490 μηδὲ

183 3496 230 3536 Β]
253 3493 340 3537 μήτε
367 3494 442 3526 ML
468 3493 480 3536 ΙΙ
511 3492 546 3525 εἴ
563 3488 823 3534 τισι’8ονίιηῃεν
847 3505 885 3525 ex
909 3494 939 3532 ς]
971 3491 1006 3524 εἴ
1025 3491 1084 3532 (εἴς
1108 3493 1168 3533 ΒΕ)
1200 3503 1253 3524 τις

185 3541 259 3572 libri
272 3543 284 3583 ΙΙ
303 3537 449 3580 δυνάμει
461 3539 549 3579 Β(ς)
568 3539 579 3581 Η
599 3539 639 3571 29
649 3550 696 3580 sq.
718 3532 806 3569 ἄλλα
823 3535 953 3570 πάντες
966 3537 1001 3569 Β
1018 3536 1030 3579 ΙΙ
1048 3538 1088 3570 30
1102 3532 1252 3570 ὑπακού-

185 3586 319 3617 σειενΕ
338 3584 350 3628 ΙΙ
374 3586 417 3618 34
440 3584 517 3616 τῶν
543 3584 602 3616 ἐπὶ
625 3583 685 3628 γῆς
706 3596 763 3615 om.
778 3594 797 3617 ς
812 3581 824 3626 ΙΙ
843 3582 902 3615 ἐπὶ
925 3577 1069 3623 ταύτοῦ]
1094 3583 1129 3614 in
1153 3585 1253 3614 semet

184 3630 253 3670 ipso
267 3641 285 3665 ς
300 3630 312 3672 ll
331 3629 385 3672 ῥεῖ
399 3630 432 3662 Β
450 3629 462 3671 ΙΙ
479 3626 528 3670 δὲ]
550 3626 589 3661 δὲ
605 3630 663 3661 καὶ
677 3628 706 3661 L
727 3627 739 3671 ss
764 3629 805 3661 35
823 3623 877 3660 ἀεὶ
897 3641 954 3660 om.
969 3627 1016 3668 B,
1038 3627 1085 3659 εἰς
1106 3640 1163 3660 om.
1177 3628 1230 3663 Le
1242 3627 1253 3671 ΙΙ

186 3676 243 3706 καὶ
266 3669 461 3716 ἀμηχάνους
485 3686 576 3710 οη1.ς
602 3673 614 3717 ΙΙ
640 3674 681 3707 36
706 3668 817 3705 *οὐδὲ
840 3691 882 3697 —
906 3668 989 3705 οὐδὲ
1013 3673 1089 3705 libri

255 3773 305 3800 111.

1368 3088 1382 3118 1
1401 3084 1597 3116 tradidimus
1619 3085 1668 3117 V2
1691 3085 1853 3117 tradimus
1869 3088 2007 3119 restituit
2028 3086 2079 3120 V³
2096 3087 2108 3130 ΙΙ
2126 3088 2145 3121 2
2163 3088 2304 3120 subierit
2320 3090 2367 3121 R¹

1320 3132 1418 3170 iuste]
1444 3132 1533 3162 ueste
1554 3130 1587 3162 R
1613 3129 1624 3173 ΙΙ
1648 3132 1670 3163 4
1694 3130 1816 3162 colibet
1837 3131 1885 3163 V¹
1909 3131 1922 3174 ΙΙ
1947 3131 2126 3174 egebimus]
2151 3133 2290 3175 legimus
2317 3134 2361 3165 R*
2385 3089 2397 3177 n

1320 3177 1339 3209 8
1354 3179 1442 3208 rubr.
1467 3176 1515 3207 De
1547 3175 1611 3207 fori
1642 3176 1903 3217 praescriptione
1932 3176 2082 3209 tollenda
2104 3178 2138 3210 R
2162 3180 2196 3211 in
2219 3191 2320 3221 marq.
2346 3180 2397 3219 (ez

1320 3222 1395 3263 Iul.)
1424 3221 1436 3263 [Ι
1466 3220 1615 3262 Arripiat
1649 3220 1682 3251 V
1705 3220 1716 3263 ΙΙ
1747 3220 1916 3253 uiolentus
1938 3221 1987 3254 1⁷¹
2010 3221 2023 3265 ΙΙ
2053 3224 2073 3255 9
2097 3223 2194 3256 1111110
2219 3236 2276 3256 om.
2302 3224 2351 3256 R¹
2386 3223 2398 3268 ΙΙ

1323 3269 1362 3300 10
1387 3266 1471 3298 forte
1503 3268 1561 3297 aut
1585 3275 1677 3297 sacra
1702 3266 1750 3298 ΕΙ
1779 3264 1792 3308 ΙΙ
1823 3267 1860 3299 11
1889 3266 2041 3307 quepiam
2070 3267 2105 3300 V
2132 3269 2143 3310 ΙΙ
2181 3270 2222 3302 12
2246 3268 2317 3301 fieri
2351 3270 2396 3310 V]

1320 3312 1437 3343 inferri
1461 3311 1590 3352 Rvulq.
1619 3309 1631 3353 ΙΙ
1658 3310 1749 3351 *lex]
1775 3321 1813 3342 ex
1837 3311 1914 3344 RV
1931 3312 1944 3353 ΙΙ
1974 3311 2073 3344 faciat
2097 3313 2241 3357 Rvul9.]
2265 3313 2323 3346 fiat
2346 3315 2397 3347 V¹

1320 3357 1392 3398 lege
1408 3356 1466 3388 fiat
1486 3355 1535 3388 V³
1550 3355 1562 3399 ΙΙ
1584 3355 1623 3389 13
1644 3356 1706 3388 1100
1727 3355 1825 3387 etiam
1846 3357 1878 3388 R
1893 3355 1905 3400 ΙΙ
1928 3358 1969 3390 14
1988 3357 2142 3399 plurimis
2157 3358 2251 3391 RV¹
2268 3359 2280 3402 ΙΙ
2302 3361 2341 3393 15
2359 3362 2397 3392 ut

1322 3415 1377 3435 om.
1400 3402 1433 3434 V
1454 3400 1466 3444 ΙΙ
1501 3402 1540 3434 16
1565 3401 1696 3441 quando
1717 3403 1796 3441 non]
1822 3411 1905 3442 quae
1930 3402 2025 3434 modo
2047 3403 2096 3435 V¹
2124 3402 2136 3446 ss
2165 3405 2206 3437 17
2233 3405 2398 3437 examinet

1330 3448 1378 3479 V¹
1395 3446 1406 3488 Ιὶ
1428 3447 1466 3480 18
1484 3446 1630 3478 dicantes
1643 3446 1751 3486 Beck]
1769 3446 1914 3478 dicentes
1929 3447 2005 3480 libri
2022 3448 2033 3491 ΙΙ
2049 3448 2211 3480 iustitiam
2223 3449 2272 3481 R¹
2297 3450 2396 3483 iustie

1330 3492 1379 3524 V*
1397 3491 1409 3534 ΙΙ
1435 3493 1477 3524 19
1502 3490 1657 3523 iustiores
1675 3492 1708 3524 Β.
1733 3491 1745 3534 ΙΙ
1772 3492 1813 3524 22
1839 3494 1888 3524 est
1908 3492 1954 3532 V]
1980 3493 2024 3524 sit
2047 3494 2178 3537 Rvulq.
2195 3494 2207 3535 ΙΙ
2233 3495 2274 3528 23
2296 3506 2397 3528 xeno-

1322 3537 1500 3569 dochorum
1523 3536 1598 3568 RV
1621 3534 1633 3579 ΙΙ
1661 3537 1936 3568 reuerentissimis
1965 3538 2011 3579 V]
2048 3538 2294 3572 uenerabilibus
2318 3543 2350 3574 R.

1323 3583 1364 3614 26
1389 3582 1418 3614 si
1444 3594 1501 3614 om.
1522 3581 1572 3614 V¹
1589 3580 1601 3624 ΙΙ
1620 3582 1660 3614 27
1685 3583 1885 3623 pontentatu
1906 3582 1955 3614 V¹
1974 3581 1986 3626 ΙΙ
2011 3584 2051 3617 28
2078 3586 2203 3625 omnes]
2229 3596 2289 3618 nos
2312 3586 2362 3618 R¹
2385 3540 2398 3630 11

1323 3629 1363 3661 29
1386 3638 1423 3659 ea
1446 3627 1495 3659 R¹
1511 3626 1522 3669 ΙΙ
1551 3627 1592 3658 30
1616 3626 1739 3659 habent
1763 3626 1796 3658 R
1811 3626 1823 3670 Η
1842 3627 1959 3659 fortem
1977 3628 2021 3669 R]
2048 3632 2172 3662 *ortem
2194 3630 2247 3663 1⁷⁰
2277 3634 2396 3664 sortem

1330 3670 1378 3704 Vl>
1394 3673 1405 3714 Η
1425 3672 1465 3705 33
1482 3672 1586 3704 currit
1601 3673 1698 3716 vulq]
1712 3674 1805 3704 curet
1822 3672 1899 3705 VR*
1912 3673 2057 3707 curitR²
2072 3674 2084 3719 ΙΙ
2104 3676 2147 3709 34
2161 3686 2242 3717 quas
2256 3676 2372 3710 om.R¹
2386 3675 2399 3720 ll

1320 3717 1510 3759 praevidere
1535 3718 1619 3760 vulq.
1643 3717 1656 3762 ΙΙ
1684 3718 1726 3750 35
1750 3717 1920 3751 sobmodo
1943 3718 1991 3751 R¹

2085 3777 2129 3809 45

1415 3834 1429 3847 k
