2618 4010
201 157 261 188 DE
290 156 562 189 CONSULIBUS

201 252 242 290 οὗ
264 256 337 301 μὴν
361 258 507 298 ἐννοεῖν,
539 250 600 289 ὅτι
624 254 852 303 παράδειγμα
885 259 1007 303 ἕτερον
1038 254 1102 300 οὐχ
1125 258 1274 299 ἕξουσιν.

201 299 242 336 οὗ
262 302 332 348 γὰρ
355 302 403 336 εἰς
427 300 578 336 πολλοὺς
601 305 808 347 συνέρχεται
833 306 1036 349 περιουσίας
1064 316 1103 337 τε
1125 303 1278 350 μέγεθος

201 343 427 392 ὑπερβάλλον
459 349 518 380 καὶ
550 345 736 391 φιλοτιμία
766 350 879 393 ψυχῆς
911 346 952 382 οὐ
983 349 1036 391 τῷ
1061 351 1180 394 μέτρῳ
1211 350 1275 383 τοῦ

201 393 426 447 πράγχατος,
456 389 574 444 τῷβὲ
599 393 718 436 οἰκείῳ
751 396 1092 440 συμπαραγινομένη
1120 394 1275 449 μεγέθει.

1268 143 1345 190 501

2066 148 2173 192 Nov.
2205 147 2275 191 CV
2304 162 2365 205 pr.
2399 151 2419 192 1

1347 257 1546 300 cogitarent
1570 258 1653 303 quia
1675 258 1873 303 exemplum
1896 258 1993 293 aliud
2017 269 2089 294 non
2113 259 2298 296 haberent.
2340 259 2424 296 Non

1346 302 1438 337 enim
1462 303 1508 338 ad
1527 303 1699 349 plurimos
1722 304 1818 339 venit
1849 304 2069 339 substantiae
2092 305 2297 349 magnitudo
2325 307 2423 341 tran-

1346 348 1519 384 scendens
1544 349 1649 384 etiam
1673 348 1970 393 magnificentiam
1993 350 2142 392 animae,
2168 361 2239 386 non
2257 360 2425 386 mensura

1345 393 1397 428 rei
1422 394 1484 428 sed
1508 394 1652 439 propria
1677 394 1918 439 magnitudine
1942 395 2162 439 proveniens.
2202 396 2293 440 Quia
2316 396 2424 440 igitur

202 439 278 471 ἐπει
303 451 324 480 η
356 440 479 490 τονίνυν
511 438 653 490 ορξᾷμεν
681 437 892 473 κινδυνευον
924 437 1108 473 διαπεσεῖν
1133 453 1176 473 το
1200 452 1278 473 των
1313 438 1502 474 5videmus
1534 439 1726 484 periclitam
1759 439 1944 475 consulum
1972 450 2118 483 nomen,
2151 442 2246 484 quod
2270 452 2312 476 ex
2336 447 2422 476 tem-

201 479 354 516 ὑπάτων
385 495 518 526 ονομα,
551 495 639 528 οπερ
671 485 710 516 ἐκ
738 484 882 530 χρόνων
913 480 1009 518 οὕτω
1038 486 1187 529 μακρῶν
1218 487 1277 517 καὶ

201 528 247 560 εἰς
275 526 458 569 χιλιοστὸν
489 527 658 574 σύνεγγυς
687 529 763 563 ἔτος
787 528 903 563 ἐλθὸν
926 531 971 576 τῇ
994 531 1070 564 τῶν
1091 526 1276 573 Ῥωμαίων

201 571 402 616 συνήκμασε
427 571 605 616 πολιτεία,
638 571 698 607 διὰ
728 576 835 608 τοῦτο
867 573 1044 619 ᾠήθημεν
1073 576 1202 620 χρῆναι
1230 574 1274 609 τὸ

199 618 347 663 πρᾶγμα
372 618 602 663 περιστεῖλαι,
627 622 686 652 καὶ
710 619 778 662 τὴν
794 618 970 664 ἀμετρίαν
988 620 1116 673 τούτου
1132 618 1275 664 περικό-

1346 484 1493 528 poribus
1517 484 1569 519 ita
1592 484 1738 530 prolixis
1773 488 1808 520 et
1831 484 1877 519 ad
1901 485 2123 519 millesimum
2155 497 2266 531 prope
2291 498 2423 522 annum

1344 530 1488 564 veniens
1521 540 1601 564 cum
1624 530 1867 566 Romanorum
1896 530 2079 574 republica
2102 532 2307 575 pullulavit,
2340 542 2422 577 pro-

1344 576 1468 618 pterea
1498 575 1710 611 credidimus
1740 579 1904 621 oportere
1935 585 2081 610 causam
2112 577 2422 620 comprehendere,

1345 623 1381 654 et
1403 620 1663 655 inmensitatem
1688 621 1762 656 eius
1782 621 1981 656 recidentes
2005 620 2051 655 ad
2071 621 2313 665 beneplacitas
2339 633 2422 657 con-

199 674 333 707 ψαντες
367 664 414 696 εἰς
448 660 672 717 εὐσύνοπτον
706 666 870 710 <μέτρον>
904 665 972 709 τὴν
1002 665 1182 708 υπατικὴν
1216 676 1274 699 συ·
1292 668 1330 700 10
1346 665 1481 701 sulares
1503 669 1660 701 statuere
1679 676 1868 711 expensas,
1896 670 2069 710 quatenus
2095 667 2262 702 continua
2287 668 2333 702 sit
2350 668 2422 702 Ro-

199 706 334 741 στεῖλαι
360 706 539 752 δαπάνην,
572 721 671 743 οπως
695 708 739 743 ἂν
765 708 925 754 διηνεκὴς
952 714 1056 757 μείνῃ
1081 709 1275 754 Ῥωμαίοις,

199 750 316 787 ἅπασι
355 752 394 787 δὲ
424 758 496 788 τοῖς
528 752 682 801 ἀγαθοῖς
714 751 891 801 ἀνδράσιν
924 754 1066 802 ὑπάρχῃ
1090 755 1185 800 βατὴ
1216 753 1276 789 οὓς

197 799 260 840 τῆς
276 800 441 842 τοιαύτης
460 799 557 843 ἡμεῖς
574 797 691 840 ἀξίους
711 800 802 834 εἶναι
822 802 923 845 τιμῆς
938 803 1172 847 ἐγκρίναιμεν.
1217 804 1276 834 καὶ

199 842 242 886 δὴ
269 845 390 878 πάντα
415 843 738 891 (ὶνερευνησάμενοι
767 845 987 890 συνείδομεν,
1020 843 1160 892 ὁπόσον
1184 846 1276 880 εἶναι

1344 711 1468 753 manis,
1495 711 1657 746 omnibus
1681 715 1801 747 autem
1825 713 1927 747 bonis
1949 711 2032 746 viris
2049 711 2179 747 existat
2202 713 2424 748 accessibilis

1345 766 1588 801 quoscumque
1618 757 1822 793 huiusmodi
1855 767 1920 792 nos
1946 757 2069 801 dignos
2101 767 2180 792 esse
2203 758 2339 793 honore
2363 758 2423 792 de-

1346 802 1568 837 creverimus.
1607 802 1745 837 Cuncta
1765 802 1937 846 siquidem
1958 805 2223 847 perscrutantes
2240 802 2423 848 perspexi-

1346 857 1434 890 mus,
1467 851 1638 891 quantum
1663 858 1741 883 esse
1767 848 1952 883 conveniat
1985 847 2078 892 quod
2103 848 2219 883 datur.
2266 849 2300 882 A
2326 848 2423 883 Mar-

198 889 363 944 προςήκει
393 890 435 923 τὸ
462 889 660 945 διδόμενον.
710 893 1002 946 ΜαρκιανῷΙμὲν
1026 894 1090 925 οὐν
1117 893 1170 934 τῷ
1199 893 1277 926 τῶν
1291 895 1331 927 15
1346 892 1446 927 ciano
1482 893 1603 938 itaque
1638 893 1893 938 imperatorum
1928 893 2055 928 eximio
2096 893 2230 939 scripta
2264 894 2321 928 lex
2357 896 2422 936 est,

200 935 479 980 αυτοκρατόρων
504 940 640 981 αρίστῳ
664 939 863 982 γέγραπται
886 948 1008 981 νομος,
1041 934 1080 971 ὂς
1103 935 1276 980 ἠβούλετο

198 980 246 1023 μὴ
272 977 497 1025 διαρρίπτειν
520 981 683 1027 χρήματα
707 981 788 1016 τοὺς
812 978 1071 1025 1ὑπατεύοντας,
1101 986 1161 1016 καὶ
1186 979 1276 1025 αὕτη

198 1038 237 1070 γε
258 1021 358 1067 αὐτῷ
376 1027 452 1060 τῶν
469 1024 669 1066 διατάξεων
688 1026 814 1071 πρώτη
830 1028 1042 1070 καθέστηκε.
1083 1029 1276 1074 τοιγαροῦν

198 1073 258 1103 καὶ
287 1070 377 1114 μετὰ
407 1071 476 1114 τὴν
500 1073 687 1117 εἰρημένην
711 1069 878 1112 διάταξιν
910 1069 1070 1125 εἶέρομεν,
1106 1069 1153 1106 ὥς
1183 1085 1276 1107 τινες

347 1116 354 1126 Ι

1345 948 1436 981 quae
1455 938 1596 973 volebat
1616 949 1687 973 non
1706 949 1873 983 spargere
1897 939 2068 984 pecunias
2089 939 2264 980 consules,
2289 941 2326 974 et
2344 939 2424 983 ipsa

1346 982 1378 1016 ei
1408 984 1702 1018 constitutionum
1732 986 1848 1029 prima
1873 985 1952 1020 fuit.
2002 984 2114 1029 Igitur
2146 988 2181 1019 et
2209 988 2292 1028 post
2320 994 2423 1029 prae-

1345 1027 1475 1062 dictam
1512 1029 1802 1065 constitutionem
1832 1030 2048 1073 invenimus,
2085 1030 2251 1074 quoniam
2282 1030 2424 1075 quidam

1344 1072 1438 1108 hanc
1475 1079 1662 1118 sequentes
1698 1075 1786 1110 nihil
1821 1086 1988 1121 spargere
2026 1076 2160 1120 populo
2196 1076 2294 1120 passi
2329 1079 2422 1118 sunt,

197 1117 264 1159 μὲν
287 1128 400 1162 ταυτῃ
426 1116 806 1159 κατακολουθήσαντες
829 1115 909 1151 οὐδ’
929 1120 1054 1152 οτιοῦν
1086 1119 1190 1165 ῥῖψαι
1221 1119 1276 1161 τῷ
1290 1121 1331 1153 20
1345 1118 1405 1152 alii
1442 1122 1560 1154 autem
1594 1124 1630 1155 et
1664 1120 1759 1155 ultra
1793 1121 1904 1165 legem
1943 1130 2049 1164 agere
2087 1121 2155 1156 hoc
2190 1123 2351 1166 petentes
2388 1123 2424 1156 et

199 1159 302 1204 δήμῳ
327 1161 545 1206 προείλοντο,
579 1161 613 1195 οἱ
643 1159 681 1195 δὲ
709 1165 767 1195 καὶ
790 1159 880 1209 ὑπὲρ
912 1161 979 1206 τὸ]
1001 1164 1116 1208 νόμον
1140 1163 1276 1208 πρᾶξαι

198 1208 304 1239 τοῦτο
341 1208 551 1249 αἰτήσαντες
580 1220 619 1240 τε
646 1210 706 1240 καὶ
736 1208 903 1250 τυχόντες
934 1209 988 1242 ῶν
1022 1208 1161 1256 ᾔτησαν
1199 1209 1276 1243 εἶτα

199 1252 287 1296 πρὸς
303 1251 345 1285 τὸ
367 1253 428 1294 τῆς
444 1252 583 1285 ἑαυτῶν
606 1255 738 1298 μέτρον
759 1250 953 1288 ἀπιδόντες
974 1256 1085 1299 ψυχῆς
1109 1254 1176 1298 τὴν
1195 1257 1275 1300 περὶ

197 1297 239 1329 τὸ
275 1297 417 1341 ῥίπτειν
453 1297 660 1344 φιλοτιμίαν
695 1295 890 1344 ὑπερόριον
922 1300 1151 1343 ἐποιήσαντο,
1187 1301 1276 1334 ἔνιοι

299 1341 307 1350 ,
439 1342 446 1352 ,

1344 1168 1585 1208 promerentes
1622 1176 1712 1210 quae
1748 1166 1946 1210 petiverunt
1982 1166 2107 1202 deinde
2143 1166 2189 1201 ad
2226 1166 2281 1201 sui
2317 1165 2425 1201 animi

1344 1210 1573 1253 respicientes
1598 1221 1800 1246 mensuram
1832 1213 1928 1247 circa
1952 1211 2193 1257 aspersionem
2223 1212 2424 1256 largitatem

1344 1255 1439 1289 ultra
1462 1255 1651 1291 terminum
1671 1257 1907 1301 celebrarunt,
1932 1257 1995 1292 uni
2015 1257 2155 1302 quidam
2170 1267 2252 1292 vero
2270 1257 2424 1293 medium

1344 1300 1435 1335 bene
1473 1300 1642 1345 eligentes
1681 1302 1920 1338 mediocribus
1960 1313 2025 1347 pro
2063 1303 2225 1347 plurimis
2267 1303 2424 1338 contenti

198 1339 237 1374 δὲ
267 1355 335 1384 την
357 1354 541 1385 μεσοτητα
564 1341 679 1376 καλῶς
703 1342 866 1386 ἑλόμενοι
892 1349 1048 1390 μετρίοις
1079 1342 1162 1399 ἀντὶ
1192 1343 1275 1380 πολ·
1289 1348 1331 1381 25
1343 1345 1501 1380 fuerunt.
1560 1346 1643 1391 <Et>
1679 1347 1844 1391 quoniam
1880 1348 1986 1383 etiam
2021 1359 2087 1383 nos
2126 1348 2423 1392 praecedentibus

198 1386 273 1421 λῶν
298 1385 538 1432 ἠρκέσθησαν.
586 1391 645 1421 καὶ
669 1387 793 1432 ἐπειδὴ
826 1393 885 1422 καὶ
916 1394 988 1423 τοῖς
1012 1391 1083 1434 πρὸ
1107 1392 1212 1434 ημῶν
1237 1392 1276 1424 ἐν

196 1431 368 1476 μεσότητι
391 1433 432 1467 τὸ
456 1432 645 1477 βέλτιστον
669 1431 790 1474 ἔδοξεν
814 1434 917 1477 εἶναι,
943 1434 991 1469 ῶς
1014 1437 1089 1470 τῶν
1113 1433 1172 1482 ἐφ’
1195 1436 1275 1469 ἑκα-

196 1481 313 1523 τέρων
342 1476 467 1523 ἄκρων
497 1476 784 1513 κινδυνευόντων
816 1477 927 1514 εὐθὺς
956 1481 1003 1514 εἰς
1025 1478 1047 1514 ἀ
1075 1485 1198 1527 ετρίαν
1222 1483 1275 1515 ἐκ-

196 1523 323 1578 βῇναι,
359 1520 535 1577 ᾠήθημεν
567 1527 627 1556 καὶ
650 1522 747 1578 ἡμεῖς
776 1529 859 1570 περὶ
888 1526 1017 1560 τούτου
1063 1527 1276 1573 ιορίσασθαι

1345 1391 1439 1435 quod
1463 1391 1616 1426 medium
1647 1396 1703 1427 est
1727 1394 1896 1437 optimum
1921 1393 2032 1428 visum
2056 1397 2110 1428 est
2134 1403 2211 1429 esse
2242 1398 2424 1439 tamquam

1344 1447 1388 1471 ex
1412 1440 1563 1481 utroque
1588 1438 1733 1473 summis
1758 1439 2042 1483 periclitantibus
2073 1449 2156 1474 mox
2188 1439 2233 1474 ad
2256 1439 2422 1474 inmensi-

1343 1483 1454 1517 tatem
1475 1483 1686 1527 procedere,
1718 1487 1908 1528 propterea
1932 1484 2194 1520 aestimavimus
2227 1486 2262 1519 et
2289 1495 2354 1520 nos
2380 1484 2424 1519 de

1343 1527 1412 1563 hoc
1450 1527 1596 1562 definire
1631 1529 1726 1573 quod
1761 1529 1882 1573 decet,
1927 1534 1967 1564 ut
2002 1529 2092 1564 nihil
2127 1539 2193 1565 nec
2228 1530 2424 1565 inmensum

196 1581 239 1601 το
272 1571 429 1623 noce-wag(
463 1580 550 1602 ωςτε
580 1569 671 1622 μήτε
702 1583 859 1627 αμετρον
888 1570 977 1614 μήτε
1001 1570 1159 1607 ἄτακτον
1182 1572 1275 1606 εἶναι
1288 1575 1329 1608 30
1342 1583 1410 1608 nec
1433 1573 1674 1609 inordinatum
1707 1574 1754 1609 sit
1777 1585 1892 1620 neque
1915 1579 2119 1611 nostrorum
2149 1579 2347 1620 temporum
2370 1576 2424 1611 in-

196 1614 286 1656 ,ιιήτε
309 1627 386 1648 των
410 1617 596 1660 ημετέρων
619 1628 746 1659 νόμων
770 1616 932 1656 αναξιον.

1344 1618 1499 1663 dignum.

1214 1706 1370 1744 CAPUT
1391 1709 1418 1743 Ι.

255 1755 346 1794 ‘'Oo'a
377 1762 444 1803 μὲν
475 1755 539 1795 οὖν
560 1759 738 1806 προςῆκόν
770 1764 847 1796 ἐστι
880 1760 1055 1798 δίδοσθαι
1086 1763 1186 1810 παρὰ
1213 1763 1277 1798 τοῦ

196 1802 284 1850 παρ’
312 1803 415 1849 ἡμῶν
439 1806 731 1852 προβαλλομένου
758 1805 841 1841 κατ)
870 1810 947 1842 ἔτος
971 1805 1112 1844 ὑπάτου
1135 1808 1276 1855 προφά-

196 1862 250 1884 σει
274 1849 508 1897 σπορτούλων
531 1865 571 1886 τε
590 1855 650 1885 καὶ
667 1854 745 1887 τῶν
764 1851 888 1887 ἄλλων
908 1852 1066 1888 ἁπασῶν
1091 1853 1277 1899 διανομῶν

1401 1765 1697 1812 Quantacumque
1722 1776 1804 1812 ergo
1827 1768 2031 1812 competens
2054 1771 2108 1803 est
2130 1767 2207 1803 dari
2229 1767 2275 1803 ab
2295 1777 2338 1803 eo
2363 1768 2424 1813 qui

1346 1820 1368 1844 a
1391 1811 1495 1846 nobis
1520 1811 1662 1856 eligitur
1694 1823 1758 1857 per
1781 1823 1914 1848 annum
1939 1813 2086 1848 consule
2112 1814 2300 1849 occasione
2323 1824 2423 1858 spor-

1345 1856 1502 1891 tularum
1535 1858 1690 1892 omnium
1726 1862 1762 1894 et
1792 1858 2082 1893 distributionum
2113 1862 2149 1894 et
2178 1863 2423 1903 expensarum,

196 1898 255 1928 καὶ
271 1893 558 1951 δαπανημάτων,
582 1898 700 1932 ταῦτα
717 1898 840 1932 πάντα
859 1899 1056 1934 συνθέντες
1081 1899 1276 1947 ἀπογραφῇ
1290 1903 1332 1935 35
1346 1901 1435 1936 haec
1471 1903 1590 1937 omnia
1633 1906 1885 1948 componentes
1928 1904 2121 1949 scriptione
2161 1904 2244 1939 huic
2281 1907 2425 1940 nostrae

196 1938 290 1983 τῶδε
315 1940 418 1985 ἡμων
442 1943 671 1985 υποτεθῆναι
695 1945 747 1986 τῶ
769 1943 863 1987 θείῳ
887 1944 990 1989 νόμῳ
1016 1946 1275 1992 παρεκελευσά-

195 1987 313 2029 μεθα’
351 1989 390 2020 ἐν
413 1987 524 2030 νόμου
547 1988 616 2034 γὰρ
641 1985 729 2022 αὐτὸ
755 1990 909 2033 τίθεμεν
933 1991 1105 2034 σχήματι,
1140 1992 1199 2025 ἵνα
1222 1993 1278 2034 τῷ

1346 1946 1525 1992 interponi
1557 1958 1681 1984 sacrae
1716 1949 1884 1984 iussimus
1916 1949 2000 1994 legi:
2037 1949 2074 1984 in
2105 1950 2191 1994 legis
2228 1950 2319 1984 enim
2356 1950 2425 1985 hoc

1346 1993 1511 2037 ponimus
1547 1994 1746 2038 schemate,
1787 1998 1827 2029 ut
1862 1995 2129 2030 transcendenti
2167 1995 2273 2030 etiam
2309 2005 2425 2040 poena

199 2082 315 2110 tamen
340 2080 551 2121 reputarent
574 2087 612 2111 se
636 2077 737 2112 aliud
759 2079 963 2125 exemplum
988 2080 1176 2115 babituros
1200 2092 1274 2116 non
1291 2092 1376 2116 esse.
1425 2081 1551 2127 Neque
1567 2082 1660 2117 enim
1680 2083 1717 2117 in
1735 2083 1855 2118 multis
1875 2084 1982 2118 simul
2001 2085 2218 2120 conveniunt
2242 2091 2277 2120 et
2297 2086 2425 2131 inqens

197 2119 251 2154 rei
265 2120 464 2165 familiaris
481 2122 587 2167 copia
603 2126 638 2157 et
655 2122 854 2158 liberalitas
870 2124 981 2158 animi
997 2136 1090 2169 quae
1107 2136 1180 2159 non
1199 2126 1343 2160 modum
1359 2127 1423 2167 rei,
1443 2127 1507 2161 sed
1515 2128 1709 2172 propriam
1727 2128 2010 2173 maqnitudinem
2026 2136 2208 2175 sequatur.

2245 2129 2424 2173 Quoniam

198 2164 310 2210 iqitur
333 2166 534 2211 periculum
563 2177 638 2201 esse
662 2167 818 2202 videmus
842 2180 886 2203 ne
910 2169 1097 2204 consulum
1122 2181 1247 2204 nomen
1271 2171 1476 2212 intercidat,
1506 2172 1606 2216 quod
1627 2183 1676 2207 ex
1702 2177 1772 2207 tam
1797 2173 1915 2219 lonqis
1940 2174 2158 2220 temporibus
2182 2180 2217 2210 et
2240 2186 2352 2227 usque
2377 2176 2426 2211 ad

199 2210 420 2244 mittesmmm
442 2212 524 2256 fere
548 2223 680 2245 annum
703 2218 947 2259 propaqatum
972 2226 1044 2248 una
1077 2225 1156 2248 cum
1181 2215 1428 2249 Romanorum
1452 2216 1636 2261 republica
1665 2217 1807 2261 floruit,
1836 2223 2035 2264 propterea
2064 2230 2139 2254 rem
2171 2221 2423 2256 continendam

199 2259 234 2289 et
255 2255 445 2290 immodica
477 2257 553 2290 eius
584 2256 778 2302 larqitione
806 2259 924 2293 recisa
955 2259 1004 2293 ad
1027 2264 1270 2304 opportunum
1295 2260 1438 2294 modum
1470 2261 1695 2295 consularem
1721 2269 1901 2308 sumptum
1931 2264 2164 2309 rediqendum
2194 2276 2270 2300 esse
2298 2267 2422 2301 existi-

199 2301 382 2342 mavimus,
414 2305 454 2335 ut
474 2306 673 2346 perpetuus
696 2301 871 2337 Romanis
895 2307 1040 2338 maneat
1070 2308 1179 2349 atque
1203 2304 1366 2338 omnibus
1397 2305 1499 2339 bonis
1529 2306 1617 2340 viris
1648 2307 1684 2340 iu
1711 2311 1882 2353 promptu
1906 2308 1953 2342 sit
1985 2319 2077 2353 quos
2103 2309 2167 2344 tali
2196 2310 2334 2346 bonore
2356 2322 2423 2346 nos

199 2345 331 2390 diqnos
354 2356 429 2380 esse
452 2345 738 2381 iudicaverimus.
789 2347 920 2393 ltaque
945 2349 1107 2383 omnibus
1127 2349 1334 2395 exploratis
1359 2349 1613 2392 intelleximus,
1639 2356 1812 2396 quantum
1837 2355 2024 2388 conveniat
2045 2365 2120 2389 esse
2144 2355 2242 2400 quod
2265 2355 2423 2390 dandum

199 2390 253 2424 sit.
302 2392 420 2436 Atque
443 2402 465 2424 a
488 2390 679 2426 Marciano
704 2393 962 2437 imperatorum
994 2394 1127 2438 optimo
1159 2394 1297 2439 scripta
1321 2402 1374 2429 est
1398 2394 1476 2436 lex,
1510 2406 1603 2440 qaae
1626 2396 1744 2431 noluit
1773 2397 1938 2433 consules
1961 2409 2136 2444 sparqere
2156 2401 2353 2446 pecunias,·
2388 2407 2424 2436 et

200 2435 287 2470 ltaec
311 2435 452 2480 quidem
477 2437 511 2470 ei
532 2436 827 2472 constitutionum
850 2438 975 2483 prima
997 2438 1080 2483 fuit.
1133 2437 1212 2473 Iam
1244 2450 1328 2474 vero
1360 2439 1468 2474 etiam
1491 2445 1581 2485 post
1612 2440 1711 2476 illam
1744 2443 2032 2478 constitutionem
2062 2447 2299 2490 comperimus
2330 2446 2423 2481 alios

199 2491 277 2515 eam
301 2484 443 2515 secutos
467 2480 558 2515 nisu!
573 2481 687 2527 plane
709 2493 884 2528 sparqere
907 2483 945 2517 in
970 2484 1098 2528 vulqus
1121 2484 1333 2524 instituisse,
1366 2484 1460 2519 alios
1483 2496 1561 2519 cum
1583 2486 1758 2531 petissent
1788 2491 1828 2522 ut
1851 2488 1956 2522 etiam
1984 2494 2133 2534 praeter
2164 2490 2276 2536 Zeqem
2301 2491 2339 2525 id
2360 2492 2420 2536 fa-

199 2530 319 2560 cerent
339 2530 373 2560 et
391 2526 643 2572 impetrassent
663 2538 756 2572 quae
773 2528 960 2573 petissent,
984 2529 1067 2563 iride
1084 2528 1133 2562 ad
1148 2529 1258 2563 animi
1277 2530 1337 2564 sui
1354 2529 1497 2564 modum
1516 2531 1748 2576 respicientes
1770 2532 1960 2567 immodica
1985 2535 2021 2568 in
2040 2535 2245 2580 sparqendo
2263 2536 2420 2571 liberali-

200 2574 272 2606 tate
296 2581 380 2605 usos
398 2581 484 2612 esse,
510 2571 701 2607 nonnullos
724 2572 877 2618 denique
900 2573 1146 2609 mediocritate
1169 2579 1264 2609 recte
1282 2574 1443 2620 probata
1468 2575 1617 2610 modicis
1638 2587 1709 2622 pro
1731 2576 1851 2612 nimiis
1875 2583 2063 2613 contentos
2084 2580 2212 2624 fuisse.
2263 2580 2313 2616 Et
2332 2592 2420 2627 quo·

199 2615 295 2650 niam
320 2617 427 2650 etiam
444 2616 640 2651 maioribus
664 2618 798 2652 nostris
821 2618 858 2651 in
875 2618 1122 2653 mediocritate
1145 2620 1319 2664 optimum
1343 2619 1510 2665 quodque
1531 2621 1689 2666 positum
1713 2633 1789 2657 esse
1807 2623 1919 2657 visum
1936 2628 2000 2665 est,
2026 2635 2105 2658 cum
2126 2636 2218 2670 quae
2242 2627 2421 2672 utrimque

198 2665 362 2696 extrema
378 2668 462 2695 sunt
477 2662 679 2707 periculum
698 2663 747 2697 sit
770 2674 814 2698 ne
827 2664 999 2709 protinus
1020 2664 1070 2698 ad
1089 2665 1235 2698 nimium
1253 2664 1510 2716 prolabantur,
1536 2677 1602 2700 nos
1618 2677 1761 2712 quoque
1785 2668 1884 2713 quod
1907 2668 2006 2704 decet
2029 2669 2073 2705 cle
2089 2669 2157 2705 lioc
2178 2671 2420 2715 definiendum

197 2716 274 2741 esse
297 2706 590 2749 existimavimus,
615 2711 656 2742 ut
677 2718 792 2753 neque
815 2708 1084 2744 immoderatum
1109 2720 1223 2754 neque
1246 2710 1521 2755 incompositum
1545 2712 1593 2746 sit
1615 2722 1729 2757 neque
1749 2712 1887 2758 leqibus
1912 2715 2047 2749 nostris
2070 2714 2269 2761 indiqnum.

333 2751 360 2786 I.
408 2752 525 2797 Atque
548 2757 721 2797 quantum
746 2753 887 2798 quidem
912 2754 956 2789 ab
981 2765 1021 2789 eo
1047 2754 1109 2799 qui
1133 2765 1277 2800 quoque
1301 2766 1396 2789 anno
1420 2766 1443 2789 a
1467 2755 1571 2790 nobis
1588 2761 1821 2802 proponetur
1844 2759 1991 2793 consule
2018 2759 2102 2794 dari
2123 2765 2292 2812 oporteat
2315 2773 2419 2808 spor-

199 2796 356 2832 tularum
387 2799 655 2843 ceterarumque
686 2799 840 2833 omnium
865 2798 1154 2834 distributionum
1185 2806 1220 2834 et
1250 2810 1493 2845 expensarum
1516 2802 1673 2843 nomine,
1707 2801 1794 2837 llaec
1823 2805 1943 2839 omnia
1975 2804 2215 2852 descriptione
2239 2818 2316 2842 com
2345 2808 2423 2844 lexi

197 2840 281 2876 huic
304 2844 451 2876 nostrae
474 2852 601 2877 sacrae
625 2843 696 2889 leqi
719 2843 832 2879 subici
855 2844 1040 2879 iussimus:
1075 2844 1113 2878 in
1138 2845 1228 2890 leqis
1250 2846 1341 2880 enim
1363 2845 1523 2889 formam
1548 2845 1587 2880 id
1608 2847 1816 2892 rediqimus,
1848 2853 1888 2884 ut
1919 2850 1982 2894 qui
2011 2862 2090 2885 eam
2125 2820 2356 2888 transoendiit
2388 2855 2423 2889 ei

1346 2925 1365 2956 5
1389 2923 1571 2965 periclitati
1594 2926 1643 2958 31
1673 2926 1684 2968 ΙΙ
1712 2928 1732 2960 6
1752 2926 1957 2960 mileximum
1980 2929 2014 2961 R
2040 2928 2053 2974 ΙΙ
2084 2932 2101 2963 7
2128 2934 2213 2972 cum]
2240 2942 2313 2964 eum
2337 2933 2385 2965 31

1345 2968 1561 3011 puppullauit
1583 2970 1632 3003 31
1668 2971 1840 3013 pululauit
1863 2972 1954 3006 R2T
1978 2973 1989 3017 ΙΙ
2019 2976 2038 3008 8
2063 2976 2226 3010 credimus
2261 2977 2383 3022 Vvulq.

256 2923 271 2954 1
292 2920 430 2954 ἐννοεῖν
449 2921 634 2955 Zachariae
652 2935 689 2955 ex
706 2924 736 2963 ς]
762 2918 906 2967 ἀγνοεῖν
924 2924 995 2956 ML
1013 2923 1024 2966 ΙΙ
1044 2926 1062 2958 3
1080 2922 1277 2968 φιλοτιμία]

197 2965 478 3007 magnificentiam
498 2968 531 3007 (i.
547 2979 571 2999 e.
590 2965 811 3011 φιλοτιμίαν)
833 2979 851 3003 ς
869 2968 880 3011 ΙΙ
900 2970 918 3001 5
940 2965 1125 3002 διαπεσεῖν
1150 2983 1207 3001 om.
1225 2981 1244 3004 ς
1268 2975 1278 3010 Μ

200 3013 241 3043 10
254 3012 386 3054 μέτρον
401 3024 438 3043 ex
451 3013 527 3052 504,
538 3019 572 3045 32
587 3014 846 3054 addendumfuz't
861 3012 872 3056 ΙΙ
891 3012 1073 3046 συστεῖλαι
1087 3016 1117 3047 L
1131 3016 1184 3057 (cf.
1202 3017 1277 3054 504,

198 3062 246 3088 30.
266 3058 341 3095 507,
358 3057 397 3097 6)]
423 3054 643 3100 περιστεῖλαι
662 3058 706 3090 M
725 3060 870 3090 statuere
891 3069 910 3094 ς
926 3058 938 3101 ΙΙ
968 3061 1005 3092 11
1026 3061 1166 3102 *μείνοι
1180 3061 1251 3093 ML
1267 3059 1278 3104 ΙΙ

201 3102 242 3133 12
267 3097 337 3140 οὓς]
370 3111 592 3142 quoscumque
618 3115 653 3140 ς;
694 3104 752 3145 ley.
786 3099 845 3135 οὓς
877 3101 949 3136 dv?
978 3104 990 3147 ΙΙ
1025 3107 1066 3138 14
1091 3103 1276 3148 ἐρευνησά-

199 3157 300 3189 μενοι
318 3146 347 3177 L
366 3145 377 3188 ΙΙ
395 3145 499 3186 εἶναι]
525 3144 572 3179 ἄν
589 3148 638 3179 La
656 3147 667 3190 ΙΙ
688 3149 727 3182 15
748 3147 791 3180 τὸ
815 3161 872 3184 om.
885 3161 939 3191 pr.
958 3151 990 3181 in
1008 3163 1108 3193 marq.
1128 3152 1204 3182 add.
1220 3151 1250 3183 L
1267 3149 1277 3194 Η

203 3192 243 3224 16
268 3186 430 3234 ἀρίστων
455 3191 522 3234 ΜΗ
540 3190 659 3234 νόμος]
691 3194 766 3226 Cod.
783 3194 835 3233 12,
850 3201 876 3234 3,
891 3201 907 3226 2
925 3198 936 3236 ΙΙ
959 3196 994 3227 17
1023 3191 1225 3239 διαρίπτειν
1238 3196 1285 3228 Μ

200 3237 299 3275 (etsie
314 3237 414 3278 infra)
434 3235 446 3278 ΙΙ
463 3232 552 3278 αὐτή
574 3249 613 3281 γε
633 3237 671 3268 M
687 3237 699 3281 ΙΙ
717 3239 758 3270 20
775 3237 892 3270 ταῦτα
909 3239 955 3270 M
965 3238 976 3282 ΙΙ
996 3240 1036 3272 22
1056 3235 1209 3282 innam*
1230 3240 1277 3273 L¹

199 3276 381 3322 ᾗτήσαντο
396 3281 443 3313 L2
459 3281 470 3323 ΙΙ
491 3283 534 3314 24
551 3280 746 3324 ἐποιήσατο
758 3283 789 3315 L
808 3282 820 3325 ΙΙ
837 3284 877 3316 25
894 3287 1053 3327 μετρίαις
1069 3286 1099 3317 L
1119 3285 1130 3321 ΙΙ
1147 3283 1275 3319 πολλα-

199 3324 304 3359 πλῶν
328 3326 358 3358 L
387 3325 399 3369 ΙΙ
429 3327 471 3359 26
499 3329 559 3359 καὶ
588 3324 724 3369 ἐπειδὴ]
761 3330 820 3360 καὶ
850 3341 907 3360 om.
933 3341 951 3364 ς
977 3330 989 3372 ΙΙ
1021 3332 1063 3363 29
1088 3326 1275 3373 ᾠήθημεν]

199 3373 374 3414 propterea
398 3373 431 3412 (i.
459 3385 483 3404 e.
510 3369 570 3404 διά
595 3372 715 3414 τοῦτο)
740 3372 998 3406 existimavimus
1024 3386 1042 3410 ς
1071 3375 1082 3418 ΙΙ
1116 3377 1158 3409 30
1183 3372 1277 3410 ὥστε

199 3414 299 3459 μήτε]
326 3420 363 3448 ut
387 3416 472 3448 nihil
497 3427 603 3458 neque
629 3420 662 3459 (i.
681 3431 705 3450 e.
731 3413 827 3451 ὥστε
848 3415 961 3461 μηδὲν
1011 3418 1082 3461 ἦτε)
1109 3432 1127 3456 ς
1150 3421 1161 3464 ΙΙ
1186 3418 1275 3464 *μῆ-

199 3474 239 3493 τε
258 3480 295 3484 —
314 3459 403 3504 μήτε
419 3481 459 3485 —
476 3460 578 3504 μήτε]
603 3460 692 3505 μηδὲ
709 3482 746 3486 η
766 3460 856 3506 μηδὲ
870 3483 909 3487 —-
923 3432 1014 3507 pind}
1030 3466 1101 3498 ML
1119 3466 1130 3509 Ι]
1149 3468 1188 3500 31
1216 3465 1276 3500 νό-

200 3509 293 3548 μων]
324 3505 470 3553 χρόνων
494 3521 530 3540 ετ
555 3520 573 3543 ς
594 3512 713 3550 probat
736 3509 923 3542 Zachariae
950 3510 961 3553 ΙΙ
990 3512 1032 3544 34
1056 3523 1095 3543 τε
1117 3514 1176 3543 καὶ
1199 3513 1277 3546 τῶν

201 3548 323 3584 ἄλλων
349 3565 406 3585 om.
421 3565 439 3588 ς
457 3553 468 3596 ΙΙ
487 3550 683 3596 διανομῶν]
709 3555 741 3585 et
765 3554 1037 3587 distributionum
1062 3568 1081 3592 ς
1096 3556 1107 3600 ΙΙ
1127 3558 1168 3590 35
1194 3568 1276 3591 συν-

201 3595 365 3630 τιθέντες
389 3599 420 3630 L
451 3599 462 3641 ΙΙ
490 3599 532 3632 36
556 3595 787 3641 ὑποτεθῆναι
811 3600 1017 3642 Haloander]
1049 3597 1277 3645 ἀποτεθῆναι

204 3640 274 3674 ML
310 3643 479 3686 interponi
502 3656 521 3680 ς

248 3731 266 3762 2
287 3732 479 3773 magnitudo
501 3734 703 3766 substantiae
723 3733 777 3779 ΤΗ
795 3735 815 3767 3
833 3736 944 3768 anima
961 3737 1011 3769 Ra
1030 3735 1042 3781 ΙΙ
1059 3739 1136 3779 non]
1162 3739 1196 3770 in
1220 3739 1253 3771 V
1265 3737 1277 3783 Η

1346 3016 1365 3047 9
1391 3014 1431 3046 ad
1456 3027 1513 3047 om.
1536 3014 1590 3059 Vll
1611 3018 1649 3049 11
1671 3018 1730 3048 aut
1752 3018 1805 3061 Vll
1825 3019 1865 3051 12
1890 3019 2095 3053 decreuimus
2118 3021 2223 3066 VR211
2243 3024 2283 3056 13
2303 3025 2420 3055 concta

1345 3059 1394 3091 R2
1426 3061 1595 3093 contracta
1617 3061 1666 3094 31
1684 3060 1696 3105 ΙΙ
1720 3061 1749 3094 si
1773 3063 1854 3104 quid
1879 3064 1927 3095 31
1945 3063 1957 3107 ss
1974 3069 2240 3105 perscruntantes
2265 3068 2311 3100 T¹
2345 3079 2418 3111 per-

1344 3107 1511 3137 scurantes
1524 3105 1556 3137 R
1572 3105 1583 3150 ΙΙ
1610 3108 1652 3139 14
1668 3107 1767 3148 quod]
1790 3118 1874 3149 quae
1892 3108 1941 3140 31
1960 3108 1972 3152 ΙΙ
1989 3110 2100 3142 datum
2114 3111 2163 3143 31
2174 3111 2265 3144 V¹T
2272 3112 2280 3131 ¹
2306 3113 2420 3145 datum

1345 3153 1392 3182 est
1414 3150 1465 3182 V³
1483 3150 1495 3193 ΙΙ
1522 3152 1561 3183 15
1584 3151 1689 3183 eximo
1706 3153 1752 3184 T¹
1771 3152 1783 3196 Ι]
1809 3156 1858 3185 est
1879 3153 1931 3185 lex
1947 3154 2002 3197 ΤΙΙ
2023 3156 2064 3188 16
2084 3156 2230 3189 consulis
2251 3157 2420 3203 R¹T¹Vu

1349 3198 1386 3229 17
1408 3197 1478 3227 eius
1499 3196 1531 3227 3
1542 3195 1590 3228 V³
1607 3197 1619 3236 Η
1635 3197 1736 3228 fuerit
1752 3197 1801 3229 31
1819 3198 1830 3241 ΙΙ
1847 3198 1953 3240 igitur
1977 3212 2034 3232 om.
2050 3200 2096 3232 31
2115 3201 2126 3242 ΙΙ
2141 3202 2343 3243 praedictam
2355 3203 2425 3237 RT

1344 3242 1442 3283 vulq]
1469 3240 1588 3272 dictam
1610 3241 1666 3284 Vss
1685 3243 1724 3275 18
1746 3242 1921 3275 inueniens
1933 3244 1982 3276 31
1998 3244 2009 3287 Ι]
2029 3245 2174 3286 quidam]
2196 3247 2284 3288 quod
2297 3248 2426 3281 RV¹T

1344 3286 1475 3327 quidem
1499 3286 1548 3318 V³
1572 3286 1718 3327 (quidam
1744 3289 1875 3328 quidem
1897 3290 2138 3333 Osenbriiqoen)
2156 3291 2168 3334 ΙΙ
2189 3294 2229 3326 19
2253 3294 2420 3334 sequentis

1345 3331 1451 3364 R¹V¹
1477 3330 1488 3373 ΙΙ
1513 3331 1581 3363 sint
1606 3332 1638 3364 'l’
1657 3331 1670 3375 Η
1697 3333 1738 3365 20
1762 3336 1913 3375 potentes
1937 3334 2108 3368 R¹V¹T2
2133 3336 2145 3380 ΙΙ
2174 3339 2212 3370 21
2239 3340 2420 3379 petuerunt

1344 3376 1393 3409 R¹
1411 3376 1422 3419 Ι]
1440 3376 1492 3416 ad]
1518 3387 1537 3408 a
1562 3376 1611 3408 31
1632 3376 1643 3419 ss
1671 3378 1713 3410 22
1737 3389 1890 3410 mensura
1913 3379 1963 3411 R¹
1978 3380 1990 3422 Ι]
2017 3381 2059 3413 23
2084 3381 2288 3415 celebrarent
2312 3383 2373 3415 uni
2392 3384 2426 3417 V

1344 3422 1403 3453 uni
1428 3420 1678 3454 celebrauerunt
1703 3423 1744 3463 R,
1768 3424 1828 3456 uni
1853 3426 1914 3457 del.
1931 3426 2018 3469 vuly.
2042 3425 2053 3468 ΙΙ
2079 3427 2122 3460 24
2146 3427 2229 3460 bene
2252 3429 2420 3471 elogentes

1352 3467 1402 3500 V¹
1427 3466 1584 3508 eligentes
1600 3467 1682 3500 bene
1702 3468 1731 3500 T
1743 3468 1753 3488 1
1772 3469 1783 3511 ΙΙ
1800 3469 1980 3511 contempti
2006 3470 2038 3503 T
2050 3470 2062 3514 ΙΙ
2088 3473 2130 3506 25
2153 3473 2200 3504 Et
2223 3475 2300 3507 add.
2319 3476 2419 3508 Osen-

1345 3515 1485 3555 briiqyen
1503 3511 1515 3555 ΙΙ
1533 3512 1631 3544 etiam
1652 3515 1684 3545 et
1701 3524 1760 3545 nos
1778 3514 1811 3546 R
1827 3513 1838 3558 ΙΙ
1859 3515 1901 3547 32
1924 3518 2225 3559 quantumcumque
2238 3518 2289 3551 32
2306 3518 2318 3563 ΙΙ
2334 3520 2418 3560 dari]

1343 3557 1428 3589 dne
1446 3558 1478 3590 Τ
1485 3559 1494 3577 ¹
1510 3557 1522 3601 ΙΙ
1541 3557 1611 3598 qui]
1629 3559 1708 3599 quia
1722 3558 1762 3590 ab
1780 3570 1817 3591 eo
1831 3560 1882 3592 Ra
1899 3559 1911 3602 Ι]
1929 3561 1970 3593 33
1985 3560 2117 3602 eligerit
2132 3564 2179 3596 T¹
2196 3563 2207 3606 ΙΙ
2227 3565 2360 3598 consule
2374 3567 2418 3606 R]

1343 3602 1510 3635 consulem
1531 3603 1592 3635 VT
1613 3604 1727 3635 consul
1746 3605 1832 3647 vulq.
1851 3604 1862 3647 Η
1882 3606 2083 3639 occasionem
2100 3608 2148 3640 31
2168 3608 2179 3650 Ι]
2202 3610 2247 3643 34
2270 3612 2419 3643 omnium

1343 3661 1402 3681 om.
1424 3647 1484 3690 VH
1515 3650 1547 3680 et
1571 3648 1856 3690 distributionum]
1888 3653 1920 3682 et
1945 3664 2002 3684 om.
2027 3652 2076 3685 R¹
2104 3653 2117 3696 ΙΙ
2146 3656 2187 3687 35
2215 3658 2419 3697 competente

1345 3693 1445 3725 R¹T¹
1465 3692 1477 3736 ΙΙ
1507 3693 1680 3736 scriptioni
1696 3695 1742 3726 31
1766 3695 1976 3737 scriptionem
1990 3697 2039 3730 R²
2049 3698 2097 3731 V³
2120 3698 2132 3743 Ι]
2159 3701 2201 3733 36
2225 3711 2335 3734 sacrae
2360 3714 2417 3734 om.

1346 3739 1377 3770 3
1399 3739 1411 3781 ΙΙ
1438 3741 1575 3771 iusimus
1599 3740 1630 3772 T
1638 3740 1647 3758 ¹
1672 3739 1684 3782 ΙΙ
1706 3739 1802 3781 legis]
1827 3740 1893 3782 legi
1915 3742 1962 3774 V¹
