2580 4022
1283 131 1367 179 704
1406 101 1411 104 ”

233 250 290 279 καὶ
321 248 382 288 τῆς
410 247 662 290 μακροθυμίας
693 246 758 279 τοῦ
789 243 1056 290 φιλανθρώπου
1088 244 1198 285 θεοῦ,
1231 245 1291 277 ἵνα
1321 244 1370 288 μὴ
1402 244 1493 277 κατὰ
1526 244 1594 287 τὴν
1625 244 1783 289 σκληράν
1815 247 1873 278 καὶ
1905 242 2154 289 ἀμετανόητον
2178 243 2282 289 ἡμῶν
2306 245 2457 290 καρδίαν

231 292 510 334 θησαυρίσωμεν
541 290 679 324 ἑαυτοῖς
708 288 821 335 ὀργὴν
853 291 892 323 ἐν
923 288 1036 334 ἡμέρᾳ
1066 284 1189 335 ἀργῆς,
1222 285 1313 322 ἀλλὰ
1338 286 1477 323 πάντας
1501 291 1568 332 μὲν
1591 291 1668 323 τῶν
1691 290 1862 334 πονηρῶν
1886 289 2182 335 ἐπιτηδευμάτων
2205 294 2265 324 καὶ
2289 291 2457 336 πράξεων

231 331 477 377 ἀποσχέσθαι,
508 333 667 377 μάλιστα
698 332 737 367 δὲ
760 334 841 367 τοὺς
865 335 908 378 τῇ
931 333 1075 378 μυσαρᾷ
1095 336 1154 366 καὶ
1178 333 1257 375 θεῷ
1281 335 1502 380 μεμισημένῃ
1529 332 1675 367 δικαίως
1699 331 1830 376 ἀνοσία
1853 334 1981 380 πράξει
2005 339 2270 370 συνσαπέντας·
2309 335 2457 381 λέγομεν

231 378 274 422 δὴ
296 379 364 422 τὴν
387 380 465 412 τῶν
488 376 650 424 ἀρρένων
673 377 832 424 φθοράν,
856 375 902 421 ἢν
924 377 1046 412 ἀθέως
1076 376 1238 422 τολμῶσί
1261 390 1355 413 τινες
1379 377 1522 424 ἄρρενες
1552 380 1591 412 ἐν
1623 377 1747 424 ἀρρεσι
1770 378 1838 421 τὴν
1863 377 2115 423 ἀσχημοσύνην
2146 379 2456 426 κατεργαζόμενοι.

232 151 432 182 EDICTUM
460 148 704 181 IUSTINIANI
2130 137 2239 180 Nov.
2267 136 2401 180 CXLI
2434 139 2451 178 1

1233 501 1389 536 CAPUT
1413 501 1441 535 1.

358 579 476 622 Ἵσμεν
505 579 576 625 γὰρ
607 581 645 613 ἐκ
669 581 746 613 τῶν
771 579 887 613 θείων
911 580 1063 625 γραφῶν
1084 576 1346 622 διδασκόμενοι,
1379 582 1489 613 ποίαν
1513 575 1533 611 ὁ
1555 578 1642 612 θεὸς
1662 578 1812 614 κόλασιν
1836 577 1981 613 δικαίαν
2004 579 2160 626 ἐπήγαγε
2183 583 2254 614 τοῖς
2278 580 2318 612 έν
2343 576 2455 611 Σοδό-

226 635 305 668 μοις
329 624 458 669 πρώην
481 624 645 667 οἰκήσασι
669 623 730 658 διὰ
754 625 820 667 τὴν
844 628 925 668 περὶ
948 625 1017 667 τὴν
1032 624 1130 667 μῖξιν
1146 623 1283 666 ταύτην
1297 627 1444 668 μανίαν,
1469 619 1558 657 ὥςτε
1572 626 1673 668 μέχρι
1688 626 1753 658 τοῦ
1771 625 1839 658 νῦν
1857 626 1996 667 ἐκείνην
2012 624 2080 667 τὴν
2094 627 2163 671 γῆν
2183 623 2352 668 ἀσβέστῳ
2372 625 2456 667 πυρὶ

229 670 514 714 κατακαίεσθαι,
546 670 610 703 τοῦ
636 670 726 703 θεοῦ
753 667 812 703 διὰ
837 669 965 703 τούτου
989 667 1309 714 παιδαγωγοῦντος
1332 667 1425 712 ἡμᾶς
1449 664 1537 702 diste
1560 668 1628 711 τὴν
1652 665 1806 702 ἀνοσίαν
1829 668 1967 711 ταύτην
1990 667 2286 714 ἀποστρέφεσθαι
2311 667 2455 712 πρᾶξιν.

226 714 331 756 ἰ’σμεν
356 712 395 747 δὲ
418 712 541 755 πάλιν,
575 713 632 747 οἶα
656 718 738 759 περὶ
762 716 839 748 τῶν
862 714 1040 748 τοιούτων
1063 712 1083 747 ὁ
1110 713 1209 746 θεῖος
1232 710 1433 747 ἀπόστολος
1456 712 1558 758 λέγει,
1582 712 1639 746 οἷοί
1663 726 1703 747 τε
1725 712 1762 747 οἱ
1783 714 1845 756 τῆς
1868 713 2049 748 πολιτείας
2073 712 2318 769 ὃιαγορεύουσι
2340 711 2455 756 νόμοι.

227 756 315 792 diste
338 758 478 794 πάντας
502 756 660 804 ὀφείλειν
678 760 731 802 τῷ
756 760 821 793 τοῦ
845 759 936 792 θεοῦ
961 761 1195 803 προςέχοντας
1218 755 1326 803 φόβῳ
1350 755 1578 800 ἀποσχέσθαι
1603 758 1663 800 τῆς
1685 756 1853 801 τοιαύτης
1876 756 2027 802 ἀσεβοῦς
2045 761 2104 792 καὶ
2122 762 2268 792 ανοσίας
2285 770 2313 792 π
2336 757 2457 798 άξεως,

227 801 272 844 ἢν
302 800 387 837 οὐδὲ·
418 805 457 838 ἐν
482 800 623 849 ἀλόγοις
646 801 947 848 ἁμαρτανομένην
971 805 1071 837 ἐστὶν
1095 800 1230 847 εὑρεῖν·
1269 806 1330 836 καὶ
1353 803 1435 836 τοὺς
1457 804 1525 846 μὲν
1547 801 1660 846 μηδὲν
1684 803 1820 837 ἑαυτοῖς
1844 802 2051 838 συνειδότας
2074 805 2241 837 τοιοῦτον
2264 815 2311 846 <pv
2334 802 2459 835 ἀττειν

226 848 371 882 ἑαυτοὺς
401 852 461 882 καὶ
493 850 582 894 πρὸς
613 848 681 882 τὸν
717 850 843 883 ἔπειτα
873 847 1014 892 χρόνον,
1046 847 1128 882 τοὺς
1161 846 1199 881 δὲ
1222 845 1290 890 ἤδη
1315 849 1564 882 συνσαπέντας
1581 848 1700 890 τούτῳ
1725 849 1778 890 τῷ
1804 848 1918 882 πάθει
1942 848 1990 892 μὴ
2014 849 2129 892 μόνον
2154 847 2371 883 παύσασθαι
2393 846 2457 879 τοῦ

226 892 364 934 λοιποῦ,
391 890 482 927 ἀλλὰ
506 896 565 927 καὶ
587 894 809 936 μετανοῆσαι
834 891 980 927 δικαίως
1002 895 1061 925 καὶ
1084 893 1137 934 τῷ
1162 893 1242 935 θεῷ
1268 895 1491 937 προςπεσεῖν,
1523 895 1582 925 καὶ
1615 892 1863 938 προςαγγεῖλαι
1886 894 1938 935 τῷ
1962 892 2230 938 μακαριωτάτῳ
2255 888 2458 935 πατριάρχῃ

226 938 295 980 τὴν
314 937 424 972 νόσον
448 941 508 971 καὶ
531 938 670 983 τρόπον
694 938 891 982 θεραπείας
914 936 1051 982 λαβεῖν,
1083 940 1143 970 καὶ
1167 937 1258 971 κατὰ
1281 937 1324 971 τὸ
1348 940 1594 983 γεγραμμένον
1617 936 1759 981 καρπὸν
1783 938 1939 983 ἐνεγκεῖν
1961 941 2168 982 μετανοίας,
2201 934 2305 970 tvai
2331 934 2458 980 φιλάν-

225 982 378 1027 θρωπος
400 983 488 1017 θεὸς
511 981 603 1016 κατὰ
627 983 696 1017 τὸν
719 982 878 1017 πλοῦτον
900 983 978 1017 τῶν
1001 980 1106 1016 ἰδίων
1129 982 1323 1027 οἰκτιρμῶν
1347 979 1484 1029 ἀξιώσῃ
1505 981 1787 1027 φιλανθρωπίας
1810 985 1869 1016 καὶ
1888 980 1991 1026 ἡμᾶς,
2016 985 2076 1016 καὶ
2100 983 2234 1017 πάντες
2250 977 2456 1025 εὐχαριστή-

225 1039 349 1071 σωμεν
378 1029 438 1062 ἐπὶ
469 1028 513 1074 τῇ
543 1029 620 1062 τῶν
649 1027 930 1072 μετανοούντων
959 1030 1136 1071 σωτηρίᾳ·
1171 1025 1221 1061 οἷς
1251 1030 1312 1060 καὶ
1342 1028 1411 1061 νῦν
1439 1026 1523 1060 τοὺς
1554 1024 1729 1071 ἄρχοντας
1759 1026 1969 1068 ἐπεξελθεῖν
2001 1025 2235 1071 ἐκελεύσαμεν
2263 1025 2330 1059 τὸν
2363 1024 2457 1058 θεὸν

225 1072 491 1107 θεοαπεύοντες
519 1072 586 1106 τὸν
617 1070 764 1107 δικαίως
795 1071 880 1116 ἡμῖν
910 1068 1153 1125 ὀργιζόμενον.
1201 1075 1261 1105 καὶ
1292 1073 1360 1106 νῦν
1388 1073 1454 1115 μὲν
1474 1071 1564 1116 πρὸς
1582 1073 1624 1105 τὸ
1649 1072 1727 1105 τῶν
1747 1071 1862 1118 ἁγίων
1886 1069 2028 1118 ἡμερῶν
2052 1075 2158 1116 σέβας
2181 1070 2319 1105 ἰδόντες
2342 1082 2457 1113 παρα-

225 1130 269 1150 κα
293 1118 403 1161 οῦμεν
433 1117 502 1151 τὸν
532 1116 802 1164 φιλάνθρωπον
833 1116 928 1151 θεὸν
954 1115 1052 1151 οὕτω
1083 1118 1306 1161 μετανοῆσαι
1338 1117 1419 1150 τοὺς
1447 1117 1499 1158 τῷ
1531 1114 1687 1160 τοιούτῳ
1711 1118 1774 1159 τῆς
1802 1115 1953 1161 ἀσεβοῦς
1982 1117 2113 1160 ταύτης
2136 1116 2299 1161 πράξεως
2322 1113 2455 1160 ἐγκυλι-

225 1162 383 1196 σθέντας
415 1161 595 1207 βορβόρῳ,
625 1160 673 1196 ὥς
702 1160 792 1206 μηδὲ
822 1164 945 1207 ἕτερον
967 1160 1054 1205 ἡμῖν
1078 1160 1334 1201 ἐπεξελεύσεως
1355 1159 1515 1203 δοθῆναι
1539 1160 1677 1206 καιρόν.
1724 1161 2012 1208 προαγορεύομεν
2034 1160 2073 1195 δὲ
2095 1163 2212 1196 πᾶσιν
2235 1159 2360 1206 ἐφεξῆς
2383 1161 2455 1192 τοῖς

224 1205 370 1240 τοιοῦτό
391 1220 427 1240 τι
451 1205 657 1241 συνειδόσιν
681 1207 815 1241 ἑαυτοῖς
839 1205 1087 1251 ἡμαρτῆσθαι,
1111 1205 1159 1240 οἷς
1182 1207 1213 1239 εἰ
1235 1205 1284 1250 μὴ
1309 1209 1368 1239 καὶ
1392 1204 1596 1240 παύσονται
1620 1209 1678 1239 καὶ
1703 1206 2017 1253 προςαγγείλαντες
2037 1206 2183 1240 ἑαυτοὺς
2205 1206 2258 1247 τῷ
2275 1215 2456 1248 μακαριω-

224 1249 325 1294 τάτῳ
358 1251 560 1297 πατριάρχη
591 1254 653 1295 τῆς
682 1253 811 1286 οἰκείας
842 1250 1120 1295 ἐπιμελήσονται
1149 1254 1327 1296 σωτηρίας
1357 1248 1448 1295 ὑπὲρ
1477 1252 1556 1285 τῶν
1579 1250 1758 1285 τοιούτων
1778 1248 1844 1285 ἀσε
1871 1253 1925 1286 ῶν
1948 1252 2118 1298 πράξεων
2141 1251 2208 1285 τὸν
2233 1250 2326 1283 θεὸν
2350 1247 2455 1288 ἐξιλε-

224 1296 369 1340 ούμενοι
396 1297 482 1330 εἴσω
510 1288 573 1340 τῆς
605 1294 707 1342 ἁγίας
738 1297 877 1342 ἑορτῆς,
907 1299 1117 1352 πικροτέρας
1148 1296 1283 1330 ἑαυτοῖς
1314 1294 1484 1335 ἐπάξουσι
1514 1299 1688 1340 τιμωρίας
1716 1293 1763 1329 ὠς
1794 1294 1835 1330 οὗ
1861 1297 1961 1341 εμιᾶς
1992 1299 2057 1330 τοῦ
2090 1295 2217 1330 λοιποῦ
2250 1292 2458 1349 συγγνώμης

224 1340 327 1381 ἄξιοι.
375 1339 457 1375 οὐδὲ
486 1342 557 1388 γὰρ
589 1339 830 1385 ἐνδοθήσεται
860 1338 943 1375 οὐδὲ
971 1340 1241 1385 αμεληθήσεται
1265 1339 1286 1384 ἡ
1309 1341 1374 1374 τοῦ
1399 1341 1605 1386 πράγματος
1630 1340 1773 1384 ζήτησις
1795 1344 1854 1375 καὶ
1879 1340 2079 1385 διόρθωσις
2109 1342 2155 1374 εἰς
2178 1339 2259 1374 τοὺς
2282 1352 2331 1380 μη
2355 1349 2456 1382 προς-

226 1384 458 1439 αγγέλλοντας
490 1386 636 1421 ἑαυτοὺς
666 1387 752 1421 εἴσω
784 1387 846 1430 τῆς
877 1385 980 1432 ἁγίας
1004 1386 1143 1432 ἑορτῆς,
1175 1385 1199 1428 ἢ
1216 1389 1276 1419 καὶ
1301 1387 1519 1429 ἐμμένοντας
1542 1387 1586 1432 τῇ
1612 1382 1702 1431 αὐτῇ
1728 1382 1852 1431 ἀσεβεῖ
1874 1385 2018 1431 πράξει,
2051 1387 2111 1420 ἵνα
2134 1385 2181 1429 μὴ
2207 1383 2268 1418 διὰ
2291 1385 2353 1426 τῆς
2377 1386 2457 1427 περὶ

224 1444 332 1465 τουτο
363 1431 546 1487 ῥᾳκθυμίρις
577 1429 671 1465 καθ’
698 1428 804 1475 ἡμῶν
834 1431 902 1465 τὸν
933 1430 1026 1465 θεὸν
1054 1434 1341 1476 παροργίσωμεν,
1372 1430 1510 1485 πρᾶξιν,
1540 1432 1771 1476 παρορῶντες
1802 1428 1918 1466 οὕτως
1945 1429 2058 1475 ἀσεβῆ
2083 1433 2142 1464 καὶ
2167 1426 2457 1475 ἀπηγορευμένην

2483 802 2521 834 10

2484 1025 2523 1058 15

2482 1249 2524 1281 20

224 1478 283 1509 καὶ
314 1476 443 1519 ἱκανην
475 1487 588 1510 ουσαν
618 1476 686 1511 τὸν
711 1475 859 1522 ἀγαθὸν
889 1479 1107 1522 παροργίσαι
1138 1475 1232 1509 θεὸν
1262 1476 1309 1509 εἰς
1341 1489 1409 1518 την
1434 1489 1614 1510 απαντων
1639 1472 1834 1511 ἀπώλειαν.
1882 1477 2110 1556 Ρΐοὲουὸίῖω·
2133 1472 2455 1517 ConstantInopoli-
2479 1472 2522 1504 25

224 1521 316 1556 tanis
347 1521 481 1556 civibus
513 1522 655 1557 nostn's.

224 1576 278 1600 vc.
304 1575 397 1601 anno
421 1566 554 1602 XVIII.

1985 1520 2068 1557 XII.
2094 1523 2179 1566 post
2213 1529 2310 1555 cons.
2335 1517 2459 1553 Basilii

703 1521 784 1557 Dat.
818 1521 866 1556 id.
900 1521 1008 1556 Mart.
1043 1521 1112 1556 GP.
1137 1520 1262 1566 (imp.)
1287 1520 1343 1555 dn.
1370 1520 1560 1556 Iustiniani
1589 1531 1650 1565 pp·
1676 1522 1766 1565 Aug·
1798 1531 1891 1557 ³¹1¹10
1915 1521 1950 1556 X
2300 1566 2345 1605 [sp
2367 1564 2458 1603 559]

224 1720 269 1745 ne
293 1721 365 1755 per
394 1710 524 1745 durum
555 1715 590 1746 et
613 1722 636 1746 a
652 1712 881 1757 paenitentia
905 1711 1060 1745 alienum
1086 1721 1151 1745 cor
1172 1714 1335 1746 nostrum
1358 1710 1431 1760 ipsi
1453 1710 1556 1746 nobis
1578 1710 1841 1746 accumulemus
1864 1711 1957 1745 iram
1981 1712 2018 1745 in
2041 1710 2099 1745 die
2121 1709 2216 1751 irae,
2249 1708 2313 1744 sed
2336 1717 2458 1743 omnes

225 1755 367 1799 quidem
397 1755 572 1800 improbis
601 1755 731 1790 studiis
762 1759 798 1791 et
824 1756 1023 1791 actionibus
1047 1754 1243 1796 abstinere,
1273 1764 1431 1790 maxime
1450 1765 1534 1790 vero
1557 1764 1619 1789 eos
1641 1756 1707 1799 qui
1728 1756 1766 1790 in
1788 1755 2021 1790 abominabili
2043 1759 2079 1789 et
2101 1754 2227 1789 merito
2251 1763 2365 1789 exosa
2388 1752 2455 1788 deo

225 1800 368 1834 actione
387 1800 500 1845 impia
523 1803 841 1853 computruerunt:
866 1800 1045 1845 loquimur
1068 1802 1186 1834 autem
1206 1798 1251 1834 de
1273 1802 1402 1845 stupro
1425 1798 1677 1841 masculorum,
1699 1799 1799 1844 quod
1814 1799 1917 1834 multi
1940 1799 2084 1844 nefarie
2102 1798 2325 1834 committunt
2339 1807 2457 1832 mares

224 1854 304 1878 cum
327 1844 486 1879 maribus
511 1844 767 1891 turpitudinem
787 1847 1051 1890 perpetrantes.

357 1888 387 1924 Ι.
434 1888 576 1924 Scimus
606 1889 699 1924 enim
728 1900 778 1924 ex
809 1889 925 1924 sacris
954 1888 1147 1935 scripturis
1177 1887 1314 1930 edocti,
1346 1887 1453 1933 quale
1483 1886 1572 1923 deus
1601 1887 1732 1922 iustum
1760 1887 1978 1933 supplicium
2010 1888 2054 1923 iis
2085 1888 2148 1934 qui
2173 1887 2338 1923 Sodomis
2372 1887 2456 1922 olim

224 1932 455 1976 habitarunt,
480 1938 640 1980 propter
668 1932 763 1968 hunc
793 1934 832 1968 in
856 1933 1109 1969 commixtione
1131 1933 1296 1978 furorem
1320 1932 1500 1974 intulerit,
1531 1931 1622 1967 adeo
1645 1936 1686 1967 ut
1708 1933 1746 1967 in
1770 1931 1864 1967 hunc
1887 1943 2000 1978 usque
2023 1933 2115 1968 diem
2138 1933 2241 1979 reqio
2264 1932 2329 1967 illa
2353 1933 2455 1967 inex-

224 1979 334 2013 tincto
358 1978 436 2023 iqni
459 1978 598 2019 ardeat,
633 1988 712 2013 cum
737 1978 825 2013 deus
845 1989 914 2024 per
938 1977 1006 2013 hoc
1029 1988 1097 2012 nos
1121 1976 1276 2018 erudiat,
1308 1980 1350 2012 ut
1371 1977 1518 2022 impiam
1537 1977 1645 2011 istam
1669 1977 1845 2012 actionem
1869 1988 2084 2013 aversemur.
2131 1977 2290 2012 Rursum
2313 1977 2455 2018 scimus,

223 2022 350 2067 qualia
373 2022 418 2058 de
439 2022 496 2057 his
520 2023 651 2057 talibus
672 2026 820 2057 sanctus
843 2022 1032 2068 apostolus
1056 2021 1165 2063 dicat,
1189 2024 1224 2055 et
1247 2021 1371 2066 qualia
1393 2022 1448 2056 rei
1465 2020 1635 2067 publicae
1659 2021 1755 2066 leqes
1769 2022 2009 2067 praecipiant.
2048 2021 2180 2067 Itaque
2197 2032 2318 2057 omnes
2335 2021 2455 2057 timori

223 2067 283 2102 dei
310 2067 439 2103 intenti
468 2066 647 2102 abstinere
679 2066 807 2102 debent
834 2067 946 2112 impia
979 2072 1015 2101 et
1037 2066 1185 2110 nefaria
1209 2065 1363 2105 actione,
1387 2076 1481 2111 quae
1503 2075 1547 2100 ne
1570 2075 1594 2100 a
1617 2064 1733 2100 brutis
1755 2065 1897 2110 quidem
1921 2066 2136 2102 animalibus
2158 2067 2339 2103 invenitur
2361 2077 2454 2101 com-

223 2112 332 2146 missa
340 2124 354 2153 ;
385 2115 421 2147 et
451 2111 514 2157 qui
545 2111 686 2157 quidem
710 2111 845 2146 nultius
867 2110 1043 2146 eiusmodi
1062 2111 1117 2145 rei
1139 2110 1208 2145 sibi
1232 2110 1366 2144 conscii
1388 2113 1492 2152 sunt,
1523 2109 1561 2143 in
1583 2109 1750 2154 futurum
1774 2120 1916 2156 quoque
1941 2115 2079 2157 tempus
2101 2111 2168 2147 sibi
2191 2115 2360 2153 caveant,
2391 2111 2457 2156 qui

222 2160 340 2191 autem
364 2156 431 2191 hoc
454 2156 588 2202 affectu
611 2157 682 2191 iam
705 2159 1022 2201 computruerunt,
1051 2165 1126 2190 non
1148 2155 1263 2190 solum
1286 2155 1324 2189 in
1340 2158 1532 2201 posterum
1555 2155 1600 2189 ab
1628 2164 1669 2190 eo
1693 2154 1886 2196 desistant,
1918 2155 1982 2191 sed
2012 2156 2120 2191 etiam
2144 2156 2305 2192 meritam
2327 2157 2453 2202 pacni-

223 2202 369 2236 tentiam
398 2206 514 2247 aqant
543 2204 579 2236 et
607 2200 672 2236 deo
703 2212 742 2236 se
771 2200 1000 2242 submittant,
1031 2204 1066 2236 et
1096 2199 1299 2235 beatissimo
1322 2198 1559 2246 patriarchae
1582 2199 1743 2235 morbum
1765 2199 1975 2235 denuntient
1997 2205 2032 2236 et
2054 2201 2258 2236 sanationis
2279 2201 2454 2236 rationem

222 2246 300 2280 acci
327 2246 415 2289 iant,
439 2250 474 2281 et
496 2245 689 2281 secundum
714 2246 752 2280 id
774 2245 874 2291 quod
894 2246 1070 2292 scriptum
1093 2248 1147 2280 est
1164 2245 1328 2289 fructum
1349 2244 1476 2289 serant
1496 2244 1753 2290 paenitentiae,
1777 2248 1817 2279 ut
1839 2244 1993 2280 clemens
2008 2245 2095 2280 deus
2103 2256 2178 2292 pro
2197 2246 2303 2291 copia
2318 2245 2453 2280 miseri-

222 2257 369 2326 cordiae
391 2301 478 2326 suae
501 2301 569 2326 nos
591 2301 735 2336 quoque
758 2291 945 2326 clementia
968 2301 1036 2325 sua
1060 2289 1239 2335 diqnetur,
1274 2292 1311 2324 et
1334 2299 1455 2324 omnes
1477 2290 1511 2324 ei
1533 2289 1677 2334 qratias
1700 2299 1852 2335 aqamus
1873 2300 1942 2341 pro
1965 2300 2088 2326 eorum
2112 2291 2175 2336 qui
2191 2290 2453 2336 paenitentiam

222 2339 337 2381 aqunt
364 2335 500 2371 salute.-
539 2346 631 2381 quos
658 2345 753 2370 nunc
784 2346 929 2381 quoque
959 2335 1196 2380 maqistratus
1220 2334 1394 2380 persequi
1427 2334 1593 2369 iussimus
1619 2333 1723 2369 deum
1755 2333 1996 2378 conciliantes,
2021 2336 2086 2380 qui
2108 2337 2234 2371 merito
2258 2335 2360 2370 nobis
2379 2335 2454 2369 ira-

221 2381 342 2415 scitur.
395 2379 443 2415 Et
471 2391 568 2415 nunc
598 2379 741 2426 quidem
770 2380 819 2415 ad
844 2390 1032 2416 sacrorum
1055 2379 1193 2414 dierum
1216 2378 1425 2423 reliqionem
1448 2378 1680 2424 respicientes
1703 2378 1894 2425 beniqnum
1918 2379 2022 2415 deum
2045 2390 2237 2425 roqamus,
2267 2383 2309 2415 ut
2332 2379 2397 2425 qui
2417 2379 2455 2413 in

223 2425 288 2459 tali
310 2425 443 2471 impiae
467 2425 573 2460 huius
596 2425 750 2460 actionis
774 2435 884 2461 coeno
909 2424 1130 2466 volutantur,
1155 2424 1208 2458 ita
1231 2423 1280 2458 ad
1296 2422 1558 2469 paenitendum
1581 2426 1749 2469 aqantur,
1781 2427 1821 2458 ut
1844 2423 1918 2459 alia
1940 2424 1994 2459 rei
2015 2424 2287 2470 persequendae
2311 2425 2454 2459 occasio

222 2469 325 2504 nobis
347 2480 420 2505 non
444 2471 516 2505 iam
538 2469 766 2516 praebeatur.
815 2470 1076 2505 Denuntiamus
1095 2473 1213 2504 autem
1238 2468 1402 2503 omnibus
1423 2467 1592 2513 deinceps
1641 2468 1678 2503 ui
1700 2468 1876 2504 eiusmodi
1898 2468 2053 2504 alicuius
2074 2470 2216 2516 peccati
2236 2469 2306 2504 sibi
2319 2469 2458 2504 conscii

221 2518 316 2555 sunt,
340 2515 411 2550 nisi
434 2519 469 2550 et
485 2525 643 2560 peccare
666 2514 837 2550 desierint
860 2519 895 2550 et
916 2525 955 2550 se
978 2515 1051 2560 ipsi
1072 2512 1275 2548 beatissimo
1294 2511 1531 2558 patriarchae
1554 2479 1759 2558 desqerentes
1772 2514 1947 2560 propriae
1962 2513 2074 2548 saluti
2084 2513 2359 2560 prospexerint,
2381 2524 2453 2559 pro

221 2559 341 2605 impiis
371 2559 547 2595 eiusmodi
576 2559 778 2595 actionibus
809 2559 912 2595 deum
942 2559 1040 2594 intra
1070 2561 1216 2593 sanctos
1245 2557 1322 2593 dies
1349 2557 1468 2602 festos
1493 2557 1702 2604 placantes,
1736 2557 1940 2594 acerbiores
1968 2558 2037 2594 sibi
2051 2569 2195 2604 poenas
2218 2558 2455 2594 arcessituros

221 2614 307 2647 esse,
331 2605 467 2650 quippe
490 2605 556 2650 qui
575 2604 677 2639 nulla
699 2604 738 2639 in
755 2608 943 2650 posterum
967 2604 1070 2640 venia
1094 2602 1196 2649 diqni
1217 2602 1304 2638 sint.
1351 2602 1478 2648 Neque
1500 2602 1594 2637 enim
1616 2603 1817 2638 remittetur
1840 2613 1955 2648 neque
1973 2605 2184 2649 neqteqetur
2200 2603 2254 2638 rei
2269 2602 2454 2648 inquisitio

220 2653 256 2683 et
278 2651 477 2684 emendatio
501 2649 674 2685 adversus
696 2659 758 2684 eos
781 2650 847 2694 qui
868 2650 964 2684 intra
987 2651 1134 2683 sanctos
1155 2646 1231 2682 dies
1252 2647 1369 2691 festos
1392 2657 1431 2682 se
1454 2657 1526 2682 non
1549 2646 1754 2689 detulerint,
1777 2646 1833 2683 vel
1854 2649 1961 2683 etiam
1984 2648 2023 2682 in
2046 2647 2169 2684 eadem
2183 2647 2295 2694 impia
2310 2647 2452 2683 actione

218 2694 547 2738 perseveraverint:
576 2704 622 2729 ne
642 2704 711 2740 per
733 2694 995 2740 neqleqentiam
1019 2693 1089 2728 hac
1110 2693 1150 2727 in
1171 2702 1213 2727 re
1235 2692 1459 2727 commissam
1482 2691 1587 2727 deum
1619 2695 1750 2727 contra
1779 2702 1846 2727 nos
1876 2692 2080 2735 irritemus,
2110 2693 2146 2727 si
2177 2693 2355 2727 actionem
2383 2697 2455 2726 tam

220 2738 366 2784 impiam
390 2742 425 2775 et
445 2738 667 2785 prohibitam
683 2739 1018 2785 praetermittamus
1038 2747 1201 2784 quaeque
1223 2735 1355 2772 idonea
1377 2737 1426 2772 sit
1448 2735 1499 2772 ad
1516 2736 1647 2772 bonum
1669 2736 1773 2772 deum
1787 2737 1826 2771 in
1842 2737 1999 2772 omnium
2010 2737 2209 2782 perniciem
2224 2735 2453 2772 irritandum.

266 2895 286 2926 2
309 2890 423 2939 όργῆς]
445 2897 592 2941 κρίσεως
615 2896 707 2928 malit
730 2895 916 2928 Zachariae
933 2894 946 2938 ΙΙ
963 2896 982 2928 3
1003 2895 1251 2928 συσσαπέντας
1270 2893 1302 2926 L

221 2940 278 2979 (id.
292 2941 344 2980 11)
360 2941 372 2982 ΙΙ
393 2941 412 2972 4
437 2942 481 2981 τῆ
498 2940 576 2974 τῶν
592 2937 753 2984 ἀρρένων
770 2939 897 2986 φθορᾶ
914 2941 945 2973 L
962 2940 974 2983 ΙΙ
992 2940 1031 2972 ἐν
1049 2953 1106 2972 om.
1125 2940 1155 2972 L
1171 2938 1184 2983 ΙΙ
1203 2939 1303 2983 ἐργα-

221 2979 363 3038 ζόμενοι
388 2985 446 3018 Ma
464 2985 514 3028 116
537 2985 599 3017 τοῦ
623 2986 667 3025 L]
693 2998 751 3018 om.
776 2985 824 3018 M
834 2986 845 3026 ΙΙ
863 2987 880 3017 7
906 2985 1034 3018 τούτου
1058 2984 1117 3025 Μ]
1141 2984 1249 3016 τοῦτο
1271 2983 1302 3016 L

219 3027 231 3072 Η
247 3031 398 3061 ανοσίαν
423 3030 480 3070 Μ]
505 3026 643 3072 ἄνομον
667 3030 698 3062 L
723 3029 737 3072 ΙΙ
767 3031 786 3063 8
809 3027 927 3073 νόμοι]
961 3031 1002 3072 cf.
1026 3041 1095 3062 nov.
1120 3027 1309 3061 LXXVII

221 3086 246 3106 c.
274 3076 288 3106 1
313 3086 366 3116 pr.
396 3073 408 3117 ΙΙ
438 3076 479 3108 10
505 3072 783 3118 ἀμαρτανομένη
807 3075 851 3107 Μ
874 3073 887 3118 {1
912 3074 1079 3107 τοιοῦτον
1102 3074 1161 3113 Μ]
1188 3068 1303 3105 τοιού·

220 3128 300 3150 τους
320 3119 364 3159 L,
390 3119 555 3152 τοιοῦτον
577 3117 761 3152 τοιούτους
784 3120 865 3152 coni.
891 3119 1078 3152 Zachariae
1096 3117 1109 3162 [Ι
1131 3115 1303 3162 φυλάττε-

221 3162 314 3194 σθαι
339 3158 510 3197 αὖτοὺς-Ζ
528 3164 540 3204 ΙΙ
561 3165 599 3198 13
623 3165 879 3210 γεγραμμένον]
904 3165 947 3207 cs.
965 3164 1093 3206 Evanq.
1108 3163 1227 3196 Mattk.
1242 3163 1272 3201 3,
1286 3168 1303 3195 8

220 3206 232 3250 Η
248 3207 403 3251 καρποὺς
425 3211 663 3254 συνεισεγκεῖν
683 3211 755 3252 (sic)
780 3209 812 3242 L
829 3208 842 3252 Ι]
862 3210 903 3242 16
925 3205 1082 3253 ἡμερῶν]
1105 3206 1227 3252 μερῶν
1242 3206 1303 3246 L¹;

1370 2894 1440 2927 scil.
1475 2895 1595 2946 dierum
1619 2893 1824 2936 paschalium
1855 2894 1911 2948 (esi
1940 2894 1992 2947 213
2026 2894 2083 2948 23]
2110 2892 2122 2932 ΙΙ
2152 2889 2291 2949 εἰδότες
2309 2892 2379 2947 13]]
2412 2895 2452 2927 18

1370 2948 1681 3025 {ammittit
1696 2937 1848 3015 ἕλιξ
1855 2949 1915 3025 12⁶⁶„
1934 2938 2146 3027 5373?AE
2162 2949 2298 3027 γῗῦξῖαέ
2314 2937 2454 3026 ᾖῗῖτρῖἷῖἷι

1373 3026 1588 3072 αγγέλοντας
1611 3027 1683 3060 ML
1715 3032 1727 3070 ss
1755 3028 1798 3060 24
1828 3027 1936 3060 τοῦτο
1961 3028 2135 3070 Scrimqer]
2160 3027 2291 3059 τοῦτον
2314 3028 2361 3060 Μ
2372 3026 2453 3060 τού-

1370 3084 1433 3105 του
1458 3074 1489 3105 L
1515 3069 1670 3114 (τούτων
1694 3073 1774 3104 coni.
1801 3072 1999 3113 Zachariae)
2018 3071 2031 3115 ΙΙ
2047 3073 2090 3106 25
2117 3072 2293 3104 clausulam
2319 3073 2452 3105 latinam

1371 3129 1438 3150 una
1455 3129 1523 3150 cum
1537 3119 1657 3150 subscr.
1675 3128 1733 3148 om.
1747 3116 1779 3148 L
1796 3116 1809 3159 ΙΙ
1827 3117 1869 3150 26
1882 3116 2021 3148 ‘uiuidus
2034 3116 2080 3149 Μ
2090 3116 2102 3160 ΙΙ
2118 3117 2349 3158 subscriptione
2365 3124 2454 3150 caret

1374 3162 1495 3196 Theod.
1516 3172 1566 3204 op.
1591 3161 1647 3196 dn.
1671 3160 1751 3193 iust.
1777 3161 1821 3193 M
1831 3160 1844 3205 ss
1861 3163 1935 3203 post
1953 3160 2071 3194 basilio
2094 3171 2147 3194 uo.
2171 3170 2276 3194 conss,
2300 3161 2348 3195 M
