2618 4010
146 152 205 183 Du
234 151 411 184 NUP'rns
1222 136 1300 185 175
1496 132 1499 134 ’
1936 142 2041 185 Nov.
2065 140 2188 183 XXII
2218 142 2284 185 39.
2315 144 2368 183 40

147 252 391 285 συνοικοῦντες
414 251 476 285 τας
508 255 656 295 προῖκας
688 254 743 285 ἔτι
774 255 997 287 συνεστῶτος
1021 255 1083 287 τοῦ
1108 265 1223 287 συνοι-
1293 252 1411 289 adhuc
1438 254 1622 288 constante
1640 252 1875 296 matrimonio,
1901 253 2007 288 etiam
2028 255 2111 297 post
2134 254 2282 287 mortem
2307 262 2367 287 eas

146 300 281 338 κεσίου,
313 299 372 330 καὶ
395 295 485 341 μετὰ
509 295 679 338 τελευτὴν
704 295 811 331 αὐτὰς
841 300 919 332 τῶν
941 300 1111 345 γαμετῶν
1134 296 1225 332 κατὰ
1294 309 1445 334 uxorum
1470 298 1665 333 secundum
1689 298 1800 342 legem
1826 299 1871 333 ab
1893 298 2030 332 illarum
2051 298 2248 343 percipient
2267 299 2367 333 here-

146 340 212 376 τὸν
235 340 349 386 νόμον
372 340 470 388 παρὰ
494 343 572 375 τῶν
596 343 745 375 ἐκείνων
776 341 952 385 λήψονται
980 341 1223 390 κληρονόμων,
1294 343 1408 386 dibus,
1435 344 1528 379 Sicut
1552 343 1731 388 Scriptura
1755 343 1831 377 vult
1855 344 1958 379 dotis.

146 386 317 433 καθάπερ
342 384 364 430 ἡ
386 386 506 433 γραφὴ
530 385 699 431 βούλεται
723 389 785 421 τοῦ
810 387 1001 434 προικῴου.

1128 479 1283 515 CAPUT
1311 479 1388 514 XL.

191 545 236 578 Εἰ
261 542 300 579 δὲ
323 544 554 591 ἐπιτροπεύοι
577 544 667 590 γυνὴ
698 547 775 580 τῶν
801 545 945 581 παίδων
974 545 1155 589 πρόδηλον
1180 543 1227 580 οἷς
1262 550 1281 582 5
1349 546 1386 581 Si
1417 550 1535 581 autem
1571 547 1717 581 tutelam
1752 549 1853 591 gerat
1888 545 2014 580 mulier
2049 545 2199 580 filiorum
2239 546 2366 590 (palam

147 586 295 634 ἀνήβων
319 587 572 624 καθεστώτων
602 588 840 635 διομοσαμένη
869 591 918 636 μὴ
949 592 1037 636 πρὸς
1061 589 1227 638 δεύτερον
1295 596 1350 626 est
1374 592 1456 636 quia
1485 592 1707 636 impuberum
1731 591 1970 633 existentium)
1996 591 2118 625 iurans
2149 602 2219 625 non
2244 592 2288 625 ad
2313 603 2367 626 sc-

148 635 321 678 ἔρχεσθαι
350 635 482 681 γάμον,
515 634 592 668 εἶτα
624 635 927 682 καταφρονήσασα
960 639 1018 669 καὶ
1051 638 1112 679 τῆς
1141 650 1225 683 προ·
1296 638 1429 672 cundas
1450 638 1568 672 venire
1589 647 1626 672 se
1644 637 1800 682 nuptias,
1820 636 1945 671 deinde
1963 640 2192 670 contemnens
2214 640 2248 669 et
2269 637 2368 680 prius

148 683 252 726 τέρας
282 677 383 723 εὐνῆς
412 683 471 713 καὶ
502 681 580 713 τῶν
604 677 722 726 ὅρκων
753 682 799 715 εἰς
829 679 957 727 ἀνδρὸς
980 680 1086 715 ἔλθοι
1111 680 1225 715 ‹ieme-
1295 683 1484 717 conubium
1509 684 1545 717 et
1568 682 1812 717 iusiurandum
1842 682 1887 716 ad
1912 681 2076 715 maritum
2101 681 2219 716 veniat
2243 692 2367 715 secun-

170 738 227 766 ov,
262 724 311 770 μὴ
344 725 522 771 πρότερον
554 725 753 772 ἐπίτροπόν
784 740 823 760 τε
854 724 1031 768 αἰτήσασα
1063 730 1122 759 καὶ
1147 725 1227 760 τοὺς
1295 727 1393 768 dum,
1420 738 1491 762 non
1515 728 1613 772 prius
1637 732 1791 763 tutorem
1815 731 1939 771 petens
1965 730 1999 761 ct
2023 727 2194 760 rationem
2219 726 2368 761 reddens

147 738 335 817 λογισμοῦς
366 774 620 816 παρασχομένη
653 774 712 805 καὶ
743 770 998 814 καταβαλοῦσα
1033 772 1107 804 πᾶν
1139 768 1226 805 ὅσον
1242 775 1280 806 10
1295 776 1330 806 et
1354 773 1538 807 exsolvens
1564 783 1666 808 omne
1698 772 1868 817 quidquid
1898 772 1980 806 hinc
2005 771 2126 814 debet,
2160 782 2231 806 non
2256 772 2368 805 solum

148 816 323 849 ἐντεῦθεν
348 814 496 861 ὀφείλει,
520 815 560 849 οὗ
584 815 698 860 μόνον
721 816 765 850 τὰ
788 813 893 858 αὐτῆς
916 813 1109 858 ὑποθήκην
1132 818 1226 858 ἔχειν
1295 827 1386 860 quae
1411 818 1487 852 eius
1513 822 1599 852 sunt
1620 818 1657 852 in
1682 818 1920 863 hypothecam
1953 817 2084 851 habere
2117 818 2173 850 lex
2197 816 2371 860 permittit

146 858 165 894 ὁ
190 859 296 904 νόμος
321 864 495 907 συγχωρεῖ
517 864 589 895 τοῖς
613 865 752 903 παισίν,
784 858 872 894 ἀλλὰ
898 864 958 894 καὶ
989 860 1056 903 τὴν
1080 862 1142 895 τοῦ
1167 860 1224 908 γή-
1294 862 1386 904 filiis,
1413 863 1475 897 sed
1496 862 1603 897 etiam
1626 863 1747 898 mariti
1769 863 2004 898 substantiam
2026 862 2137 896 trahit
2158 872 2238 896 cum
2258 861 2368 906 hypo-

145 917 279 949 μαντος
314 907 442 939 οὐσίαν
479 904 672 953 συνυπάγει
708 909 784 940 ταῖς
816 904 1030 948 ὑποθήκαις,
1064 904 1154 953 αὐτῇ
1185 920 1225 940 τε
1294 907 1427 951 thecis;
1457 907 1528 952 ipsi
1553 919 1693 952 quoque
1716 908 1898 943 interdicit
1928 907 1989 941 filii
2022 907 2281 942 successionem
2306 906 2369 940 im-

148 949 363 998 ἇπαγορεύει
395 951 463 994 τὴν
494 952 559 984 τοῦ
592 949 719 985 παιδὸς
750 949 920 993 διαδοχὴν
950 949 1085 994 ἆνήβου
1112 950 1223 985 τελευ-
1293 952 1437 995 puberis
1461 953 1662 995 morientis,
1694 953 1778 988 licet
1808 963 1852 987 ex
1884 953 2138 987 substitutione
2167 956 2270 996 pater
2293 961 2370 985 eam

145 998 299 1037 τῶντος,
334 997 364 1029 εἰ
396 999 455 1030 καὶ
485 997 523 1036 ἐξ
552 993 878 1030 ὑποκαταστάσεως
908 993 927 1029 ὁ
960 995 1079 1041 πατὴρ
1114 994 1278 1038 αὐτὴνὶὃ
1294 997 1412 1032 venire
1435 998 1480 1032 ad
1511 998 1574 1032 filii
1598 998 1728 1033 dixerit
1757 998 2028 1033 successionem.
2086 997 2155 1032 Sed
2178 998 2267 1031 haec
2292 997 2369 1041 qui-

150 1041 274 1075 ἐλθεῖν
307 1041 396 1087 πρὸς
423 1042 490 1084 τὴν
519 1043 582 1075 τοῦ
607 1040 734 1076 παιδὸς
762 1041 855 1075 εἴποι
885 1039 1069 1083 διαδοχήν.
1122 1039 1225 1075 Ἀλλὰ
1293 1042 1373 1076 dem
1392 1042 1528 1087 priores
1546 1044 1669 1077 nostri.
1709 1043 1784 1078 Nos
1802 1046 1921 1078 autem
1937 1043 2117 1083 miramur,
2137 1042 2168 1078 si
2188 1042 2369 1076 mulierem

146 1087 263 1120 ταῦτα
292 1089 359 1131 μὲν
392 1086 428 1120 οἱ
456 1085 526 1132 πρὸ
558 1083 677 1130 ἡμῶν·
715 1083 810 1129 ἡμεῖς
843 1084 882 1119 δὲ
913 1084 1165 1130 θαυμάζομεν,
1195 1087 1226 1120 εἰ
1295 1087 1345 1121 sic
1369 1087 1511 1131 impiam
1535 1089 1777 1130 constitutam,
1802 1091 1843 1123 ut
1867 1089 1972 1123 etiam
1996 1088 2064 1123 hoc
2089 1088 2167 1132 ipso
2191 1087 2369 1122 iusiuran-

144 1135 299 1177 γυναῖκα
331 1129 444 1166 οὕτως
467 1130 579 1174 ἀσεβῆ
610 1131 867 1172 καθεστῶσαν,
902 1128 949 1165 ως
978 1135 1038 1164 καὶ
1063 1129 1225 1165 αὐτόθεν
1293 1132 1377 1167 dum
1407 1133 1609 1176 neglegeret
1648 1137 1683 1168 et
1716 1135 1767 1168 sic
1806 1133 1851 1168 ad
1890 1134 2095 1168 immaturas
2132 1132 2277 1177 nuptias
2309 1132 2369 1166 de·

148 1174 268 1221 ὅρκων
293 1173 465 1220 ἀμελῆσαι
496 1179 555 1209 καὶ
578 1172 675 1209 οὕτω
705 1174 793 1221 πρὸς
817 1175 937 1222 ἄωρον
962 1176 1077 1223 γάμον
1102 1176 1226 1210 ἐλθεῖν
1293 1178 1446 1220 veniret,
1483 1179 1599 1213 tribus
1636 1179 1799 1213 maximis
1832 1179 2001 1222 neglectis
2045 1178 2109 1213 deo
2143 1182 2177 1212 et
2209 1177 2370 1212 defuncti

147 1224 261 1267 τριῶν
291 1223 368 1256 τῶν
397 1225 579 1267 μεγίστων
610 1218 861 1265 ἠμελημένων,
901 1222 991 1255 θεοῦ
1015 1235 1055 1255 τε
1085 1225 1144 1255 καὶ
1166 1223 1227 1265 τῆς
1239 1224 1282 1256 20
1294 1223 1466 1258 memoria
1490 1227 1524 1257 et
1551 1223 1699 1257 caritate
1723 1223 1894 1266 filiorum,
1920 1226 1970 1257 ita
1995 1223 2112 1268 parvis
2137 1222 2372 1258 subdiderunt

148 1269 210 1301 τοῦ
234 1265 509 1308 τελευτήσαντος
531 1262 669 1309 μνήμης
692 1269 751 1299 καὶ
775 1268 836 1309 τῆς
860 1267 938 1300 τῶν
959 1265 1104 1302 παίδων
1125 1280 1225 1311 στορ-
1294 1268 1431 1312 poenis,
1457 1273 1492 1303 et
1516 1268 1612 1303 illam
1637 1268 1796 1312 quidem,
1823 1279 1912 1312 quae
1937 1273 2019 1302 ante
2042 1268 2245 1303 luctuosum
2268 1268 2372 1302 nubit

146 1314 222 1359 γῆς,
254 1308 369 1344 οὕτως
400 1309 532 1356 ὀλίγαις
562 1308 747 1354 ὑπέβαλον
780 1315 937 1353 ποιναῖς,
971 1316 1031 1346 καὶ
1063 1311 1130 1355 τὴν
1160 1314 1227 1357 μὲν
1295 1319 1434 1358 tempus
1459 1317 1495 1348 et
1518 1323 1583 1348 nec
1608 1313 1751 1348 omnino
1777 1318 1890 1348 mater
1920 1313 2074 1348 filiorum
2100 1313 2272 1355 consistit,
2304 1324 2369 1358 pu-

147 1355 217 1401 πρὸ
247 1357 310 1390 τοῦ
341 1356 526 1399 πενθίμου
549 1360 759 1401 γημαμένην
789 1356 917 1401 χρόνου
944 1360 1003 1390 καὶ
1028 1355 1111 1391 οὐδὲ
1135 1357 1224 1392 πάν·
1293 1358 1396 1394 niunt
1420 1368 1551 1401 amare,
1587 1362 1622 1394 et
1645 1358 1731 1393 licet
1753 1358 1846 1393 filios
1871 1369 1942 1393 non
1968 1359 2109 1399 habeat,
2143 1362 2289 1402 propter
2313 1369 2369 1393 so-

144 1412 217 1435 τως
235 1404 371 1447 μητέρα
389 1399 534 1435 παίδων
547 1402 795 1435 καθεστῶσαν
813 1404 1058 1447 τιμωροῦνται
1077 1404 1224 1451 πικρῶς,
1293 1404 1363 1438 lam
1385 1404 1608 1439 honestatem
1633 1404 1722 1438 haec
1746 1406 1866 1447 agunt,
1892 1403 2074 1438 mulierem
2099 1414 2180 1438 vero
2207 1404 2258 1438 sic
2282 1403 2370 1438 effu-

145 1444 233 1480 ἀλλὰ
253 1444 321 1480 κᾶν
339 1447 370 1480 εἰ
391 1444 522 1481 παῖδας
542 1444 604 1480 οὐκ
627 1449 701 1489 ἔχοι
726 1445 785 1480 διὰ
803 1446 919 1491 μόνην
938 1446 1005 1490 τὴν
1021 1446 1226 1492 σεμνότητα
1239 1451 1280 1483 25
1294 1460 1369 1484 sam
1383 1449 1692 1494 concupiscentiis,
1713 1459 1785 1484 non
1803 1449 1858 1484 vel
1874 1449 1961 1493 ipsis
1986 1448 2220 1483 subdiderunt
2246 1448 2370 1492 poenis

146 1493 262 1525 ταῦτα
298 1490 532 1537 πράττοντες,
576 1495 727 1538 γυναῖκα
763 1490 803 1528 δὲ
838 1489 952 1526 οὕτως
992 1495 1226 1537 ἐκκεχυμένην
1297 1505 1386 1539 quas
1409 1496 1588 1530 sustinent
1606 1504 1697 1539 quae
1717 1498 1799 1528 ante
1816 1494 1965 1538 lugubre
1986 1497 2127 1538 tempus
2148 1494 2193 1528 ad
2215 1493 2373 1528 secunda

147 1537 357 1581 ἐπιθυμίαις
396 1535 435 1570 οὐ
472 1540 549 1570 ταῖς
584 1536 708 1571 αὐταῖς
743 1538 831 1584 γοῦν
866 1535 1049 1580 ὑπέβαλον
1085 1542 1226 1572 ποιναῖς
1293 1542 1376 1574 vota
1401 1540 1681 1575 declinaverunt.
1727 1539 1882 1584 Ideoque
1907 1539 2086 1574 sancimus
2111 1549 2181 1581 eas,
2208 1548 2299 1582 quae
2320 1539 2370 1572 sic

145 1580 271 1616 ὁποίας
299 1580 539 1626 ὑπομένουσιν
575 1581 614 1615 αἱ
645 1581 715 1626 πρὸ
746 1584 823 1616 τῶν
853 1584 1052 1626 πενθίμων
1082 1583 1226 1628 χρόνων
1293 1585 1455 1630 peierare
1479 1586 1522 1620 de
1548 1588 1666 1620 cetero
1700 1588 1932 1630 praesumunt
1956 1585 2138 1624 mulieres,
2175 1594 2282 1628 super
2307 1583 2371 1618 du-

146 1629 193 1661 εἰς
224 1628 344 1675 ἑτέρου
373 1630 594 1661 συνοικέσιον
629 1624 881 1662 ἀποκλίνασαι.
934 1627 1036 1662 Ὥςτε
1068 1629 1223 1672 νομοθε-
1294 1631 1376 1666 dum
1394 1630 1660 1675 praecedentes
1693 1640 1829 1674 poenas
1867 1632 1903 1664 et
1936 1630 2002 1664 has
2038 1630 2214 1664 sustinere
2251 1639 2372 1664 omnes

145 1674 276 1717 τοῦμεν
316 1671 379 1706 τὰς
412 1669 526 1706 οὕτως
562 1674 742 1719 ἐπιορκεῖν
776 1674 839 1707 τοῦ
872 1673 998 1708 λοιποῦ
1035 1671 1225 1718 τολμώσαε
1237 1678 1278 1710 30
1294 1686 1382 1719 quas
1414 1676 1578 1720 primitus
1619 1675 1769 1711 diximus
1803 1685 1911 1719 super
1946 1676 2000 1710 his
2040 1675 2246 1709 mulieribus
2282 1684 2372 1718 quae

144 1721 312 1765 γυναῖκας
347 1716 434 1764 πρὸς
469 1721 546 1751 ταῖς
581 1716 647 1761 ἤδη
684 1717 952 1764 προειληφυιάις
987 1723 1127 1753 ποιναῖς
1164 1722 1223 1753 καὶ
1293 1725 1376 1755 ante
1407 1722 1557 1765 lugubre
1588 1723 1729 1765 tempus
1763 1721 1920 1763 nubunt,
1960 1724 1994 1755 et
2023 1719 2206 1755 infamiam
2238 1723 2273 1754 et
2302 1719 2373 1754 alia

144 1762 278 1796 ταύτας
300 1759 530 1808 ὑφίστασθαι
555 1765 671 1797 πάσας
694 1761 732 1796 ἃς
754 1764 967 1810 ἔμπροσθεν
991 1765 1139 1809 εἴπομεν
1163 1767 1223 1799 ἐπὶ
1293 1767 1410 1802 omnia
1450 1767 1504 1801 his
1540 1766 1732 1801 inferentes
1771 1770 1806 1801 et
1838 1765 2051 1800 solutionem
2086 1765 2136 1800 eis
2176 1775 2372 1809 poenarum

145 1809 222 1842 τῶν
255 1806 324 1862 πρὸ
359 1809 422 1842 τοῦ
460 1808 642 1852 πενθίμου
673 1806 802 1856 χρόνου
833 1812 1072 1855 γαμουμένων
1102 1823 1222 1856 γυναι·
1293 1813 1418 1847 dantes
1450 1812 1597 1847 eandem
1631 1821 1735 1855 quam
1761 1811 1866 1846 etiam
1892 1811 1981 1855 illis,
2014 1815 2055 1845 ut
2081 1811 2283 1855 supplicent
2306 1810 2371 1844 im-

144 1855 231 1895 κῶν,
255 1867 322 1897 την
342 1867 380 1887 τε
401 1849 549 1897 ἀτιμίαν
567 1857 626 1887 καὶ
650 1853 695 1888 τοὶ
721 1853 814 1888 ἄλλα
841 1854 964 1888 πάντα
991 1854 1140 1889 ταύταις
1160 1858 1223 1890 ἐπ·
1292 1858 1450 1902 peratori
1482 1862 1518 1892 et
1551 1857 1730 1892 dimidia-m
1762 1857 1963 1902 portionem
1996 1856 2081 1891 dent
2112 1856 2194 1891 filiis
2226 1865 2371 1891 suarum

144 1896 306 1945 ἄγοντες,
337 1901 397 1933 καὶ
422 1898 525 1932 λύσιν
549 1897 673 1933 αὐταῖς
697 1902 774 1933 τῶν
798 1901 941 1934 ποινῶν
966 1898 1127 1934 διδόντες
1156 1901 1223 1943 τὴν
1238 1903 1278 1936 35

145 1942 258 1987 αὐτὴν
281 1943 394 1990 ἥνπερ
419 1941 610 1986 κάκείναις,
635 1943 677 1979 τὸ
702 1943 849 1979 δεῖσθαι
873 1944 1048 1988 βασιλέως
1071 1948 1130 1979 καὶ
1154 1945 1222 1989 τὴν

147 1986 313 2033 ἡμίσειαν
346 1992 478 2035 μοῖραν
513 1987 655 2024 διδόναι
696 1993 770 2024 τοῖς
811 1992 915 2025 παισὶ
956 1992 1035 2024 τῶν
1069 1992 1223 2034 οἰκείων,

191 2094 263 2125 cap.
285 2081 357 2114 XL
383 2083 580 2114 decurtatum
603 2089 689 2115 extat
713 2082 762 2114 Β8
784 2095 817 2126 p.
836 2083 895 2115 197
910 2095 958 2125 sq.
978 2083 1081 2116 Zach.

147 2175 266 2206 stante
291 2169 410 2206 adbuc
435 2171 617 2216 coniuqio,
642 2171 748 2205 etiam
772 2174 857 2216 post
881 2175 1032 2206 mortem
1055 2181 1215 2206 uxorum
1238 2170 1433 2205 secundum
1457 2170 1570 2216 leqem
1594 2169 1639 2204 ab
1664 2169 1854 2205 heredibus
1876 2170 2023 2205 illarum
2045 2170 2235 2216 accipient,
2257 2177 2375 2217 prout

147 2217 226 2253 vult
250 2216 383 2251 dotalis
407 2215 633 2250 instrumenti
656 2216 728 2250 seri
757 2220 850 2250 tura.

283 2260 360 2295 XL.
409 2260 548 2302 Quodsi
561 2264 676 2294 mater
693 2260 718 2293 li
743 2271 887 2294 erorum
910 2259 1049 2294 seilicet
1070 2259 1294 2305 impuberum
1321 2259 1467 2294 tutelam
1517 2263 1598 2294 erat
1620 2270 1714 2305 quae
1735 2259 1984 2294 iusiurandum
2003 2259 2099 2294 dedit
2119 2271 2158 2294 se
2178 2260 2228 2295 ad
2248 2272 2372 2297 secun-

150 2307 218 2342 das
240 2306 388 2352 nuptias
407 2315 480 2339 non
499 2304 746 2345 transituram,
771 2303 898 2338 deinde
922 2307 958 2338 et
973 2303 1098 2349 priori
1124 2311 1204 2338 toro
1226 2308 1260 2338 et
1280 2304 1468 2338 iureiuran
1496 2315 1518 2338 o
1538 2308 1740 2349 contempto
1764 2304 1814 2338 ad
1833 2304 2027 2339 secundum
2046 2305 2215 2339 maritum
2236 2307 2374 2342 venerit

150 2363 195 2386 ne
221 2362 266 2385 ue
298 2354 414 2384 tutore
445 2354 552 2383 antea
609 2349 693 2383 etito
723 2359 837 2393 neque
868 2347 1072 2382 rationibus
1101 2348 1252 2383 redditis
1275 2358 1390 2393 neque
1414 2350 1513 2383 omni
1541 2359 1583 2383 eo
1616 2352 1789 2394 quantum
1813 2348 1897 2384 inde
1927 2348 2030 2384 debet
2054 2350 2262 2394 persoluto,
2299 2362 2372 2386 non

151 2406 190 2430 so
207 2406 266 2430 um
290 2395 384 2430 bona
408 2394 485 2429 eius
508 2394 546 2427 in
583 2405 618 2438 cy
648 2393 808 2428 otkecam
834 2397 952 2428 tenere
976 2393 1097 2427 liberis
1121 2393 1183 2427 lea·
1204 2394 1400 2438 permittit,
1435 2404 1555 2428 verum
1580 2395 1687 2428 etiam
1713 2394 1834 2428 mariti
1858 2393 1952 2428 bona
1975 2394 2083 2428 simul
2104 2394 2234 2430 subicit
2257 2395 2279 2430 h
2300 2407 2372 2442 po-

154 2440 275 2482 thecis,
299 2439 471 2484 illamque
487 2404 651 2474 excludi}
669 2449 691 2473 a
711 2438 934 2472 successione
951 2437 1032 2483 filii,
1056 2437 1088 2472 si
1111 2437 1273 2483 impubes
1295 2439 1485 2480 moriatur,
1510 2438 1651 2473 etiamsi
1700 2442 1779 2473 ater
1800 2449 1849 2473 ex
1868 2438 2122 2474 substitutione
2140 2450 2218 2474 eam
2237 2407 2372 2485 adqfim,

149 2486 410 2520 successionem
430 2484 549 2519 venire
569 2483 722 2518 iusserit.
771 2484 888 2528 Atque
904 2482 993 2517 haec
1011 2482 1153 2528 quidem
1168 2482 1470 2528 praedecessores
1490 2483 1615 2518 nostri.
1696 2494 1737 2518 os
1758 2494 1840 2518 vero
1860 2483 2045 2526 miramur,
2070 2484 2171 2529 quod
2189 2485 2371 2520 mutierem

150 2531 241 2565 adeo
266 2530 426 2575 impiam,
450 2533 490 2564 ut
514 2529 620 2564 etiam
651 2527 904 2563 iusiurandum
931 2528 1102 2573 protinus
1125 2527 1294 2573 neqleqat
1319 2532 1427 2573 atque
1450 2528 1502 2563 ita
1526 2528 1576 2562 ad
1597 2528 1863 2574 intempestivas
1886 2529 2035 2574 nuptias
2060 2533 2232 2571 transeat,
2258 2531 2372 2565 tribus

150 2576 223 2610 illis
253 2586 346 2620 quae
378 2585 514 2609 summa
544 2578 630 2609 sunt
657 2572 846 2619 neqlectis,
877 2572 944 2608 deo
975 2577 1011 2607 et
1033 2574 1205 2607 memoria
1229 2572 1394 2618 defuncti
1417 2577 1454 2608 et
1476 2584 1600 2608 amore
1624 2572 1837 2614 liberorum,
1870 2577 1940 2607 tam
1965 2574 2111 2620 exiquis
2137 2575 2271 2620 poenis
2290 2575 2372 2611 sub-

147 2621 326 2661 iecerunt,
357 2624 468 2664 atque
493 2630 571 2654 eam
595 2619 737 2664 quidem
761 2629 854 2663 quae
884 2622 968 2653 ante
1000 2622 1138 2663 tempus
1168 2618 1281 2652 luctui
1303 2622 1477 2653 statutum
1509 2619 1673 2664 nupserit
1704 2629 1820 2664 neque
1850 2619 1995 2653 omnino
2026 2623 2142 2654 mater
2176 2619 2371 2655 liberorum

148 2665 278 2712 fuerit,
302 2675 422 2700 severe
443 2664 612 2710 puniunt,
636 2664 799 2709 quamvis
822 2662 954 2697 liberos
978 2673 1051 2697 non
1075 2662 1215 2704 habeat,
1241 2668 1399 2708 propter
1420 2663 1535 2698 solam
1561 2662 1782 2698 honestatem
1807 2662 1875 2698 lzoc
1898 2668 2057 2708 astrites,
2081 2664 2263 2699 mulierem
2287 2677 2371 2701 vero

150 2710 242 2746 adeo
266 2710 304 2744 in
329 2709 507 2744 libidinem
532 2708 685 2788 effusam
718 2719 762 2744 ne
792 2707 916 2743 iisdem
941 2707 1082 2753 quidem
1108 2707 1333 2742 subiecerunt
1349 2708 1498 2753 poenis,
1530 2708 1656 2754 quales
1685 2707 1838 2743 subeunt
1861 2719 1954 2754 quae
1984 2713 2068 2744 ante
2099 2714 2237 2756 tempus
2261 2710 2373 2745 luctui

148 2759 323 2791 statutum
357 2755 395 2789 in
429 2765 536 2789 secun
564 2755 576 2788 i
611 2754 680 2789 viri
715 2753 922 2798 coniuqium
955 2753 1194 2787 declinarunt.
1256 2751 1386 2797 Itaque
1415 2753 1613 2795 sancimus,
1651 2758 1691 2788 ut
1719 2764 1812 2798 quae
1842 2753 1880 2787 in
1904 2758 2095 2799 posterum
2126 2755 2178 2789 ita
2204 2755 2373 2801 peierare

149 2800 309 2836 audeant
330 2799 515 2841 mulieres,
541 2805 693 2846 praeter
715 2809 856 2844 poenas
880 2798 951 2832 iam
977 2798 1193 2832 constitutas
1217 2808 1279 2832 eas
1303 2808 1446 2842 quoque
1481 2808 1602 2833 omnes
1632 2798 1799 2838 subeant,
1832 2809 1926 2844 quas
1959 2802 2067 2834 antea
2094 2799 2139 2834 de
2161 2800 2373 2836 nubentibus

149 2850 234 2882 ante
259 2850 397 2892 tempus
421 2845 533 2880 luctui
556 2848 730 2879 statutum
753 2843 962 2878 mulieribus
994 2843 1172 2884 discimus,
1204 2846 1245 2877 ut
1273 2848 1308 2877 ec
1337 2843 1528 2887 infamiam
1559 2847 1749 2894 ceteraque
1773 2843 1894 2877 omnia
1925 2844 1971 2878 iis
1993 2844 2196 2890 irroqemus
2218 2850 2255 2880 et
2275 2845 2372 2880 solu-

152 2892 282 2927 tionem
306 2901 514 2937 poenarum
546 2889 695 2924 eandem
725 2889 771 2923 iis
802 2888 1040 2923 concedamus
1069 2899 1178 2933 quam
1210 2887 1302 2930 illis,
1338 2887 1377 2921 id
1408 2892 1462 2922 est
1493 2891 1533 2922 ut
1564 2888 1770 2934 supplicent
1800 2888 2013 2934 imperatori
2045 2895 2153 2942 atque
2188 2890 2371 2925 dimidiam

145 2941 289 2983 partem
310 2946 456 2970 suorum
479 2935 654 2970 bonorum
679 2933 801 2969 liberis
823 2933 920 2975 dent,
948 2944 993 2968 ne
1017 2933 1212 2978 usufructu
1238 2932 1382 2978 quidem
1407 2932 1508 2978 apud
1529 2932 1630 2978 ipsas
1653 2937 1805 2967 servato.
1853 2934 1972 2979 Atque
1995 2945 2138 2968 ommno
2162 2945 2279 2980 aequo
2295 2935 2372 2970 loco

196 3019 215 3049 2
242 3012 349 3048 αὐτὰς
367 3014 456 3055 τῶν]
482 3013 559 3047 τῶν
581 3027 638 3047 om.
654 3014 699 3046 L'
732 3014 743 3054 1Ι
773 3015 791 3047 3
816 3010 914 3057 παρὰ
937 3013 1014 3046 τῶν
1042 3013 1108 3052 Βς]
1134 3024 1227 3044 κατα
1345 3014 1359 3045 1
1387 3013 1461 3054 post
1485 3013 1532 3044 bis
1553 3025 1615 3045 scr.
1638 3012 1688 3045 V¹
1704 3011 1716 3054 ΙΙ
1735 3014 1855 3044 mortes
1870 3013 1918 3045 R·
1943 3013 1985 3045 al.
2000 3015 2146 3046 mortuas
2174 3014 2220 3046 R²
2233 3017 2265 3048 in
2279 3029 2338 3058 my.
2362 3014 2374 3060 Η

150 3061 228 3095 τῶν
254 3061 301 3093 M
328 3061 366 3092 ἐκ
392 3059 470 3093 τῶν
494 3060 542 3092 L2
576 3073 633 3092 om.
659 3059 705 3091 L¹
734 3057 746 3101 ΙΙ
778 3056 956 3101 λήψονται
989 3065 1060 3090 ante
1087 3060 1126 3089 ἐκ
1149 3057 1228 3089 τῶν
1299 3067 1351 3088 eas
1376 3058 1457 3097 ΚΤ]
1490 3057 1581 3089 dotes
1602 3070 1627 3090 s.
1642 3070 1669 3091 v.
1691 3057 1742 3089 R2
1753 3057 1812 3097 T²‚
1837 3070 1895 3090 om.
1918 3058 2043 3100 Vvuly.
2076 3059 2087 3099 ΙΙ
2121 3061 2139 3092 2
2165 3070 2298 3092 uxorem
2325 3060 2371 3092 R·

154 3107 353 3172 tranfposuit
377 3105 424 3182 L3²
439 3103 451 3147 ΙΙ
483 3107 501 3137 5
527 3100 743 3181 ἐπιτροΒσξεύη
768 3104 799 3154 L
822 3102 834 3146 ΙΙ
864 3106 883 3136 6
908 3100 1229 3180 Ξιζεποὲγγειλαμὶἐνη
1298 3112 1415 3178 {ixei-{s
1425 3101 1478 3178 tRl²
1493 3101 1504 3145 ΙΙ
1523 3101 1656 3178 ilflizltrum
1672 3103 1771 3145 vuly]
1798 3101 1932 3179 illorugi
1951 3102 2082 3180 ΒῩΞἾΙ
2099 3106 2118 3137 5
2133 3106 2228 3180 rigor.t
2245 3105 2373 3181 Sidmu·

101 3210 105 3215 -
153 3152 222 3229 ἒξ
245 3150 554 3237 ‹⁸!·01⁷{32⁰{.1⁶‹3²)‘.⁶‘27'}s
572 3148 897 3236 t?„.X'¹0{13{?‘{'²i;
926 3149 978 3225 εἷς]
993 3159 1228 3231 -πέζῖἴεὲῧ
1298 3157 2373 3238 &Siai{330122‘1'0‘51Ynffsst‘ssinwamssffnfis{afflierfimawoei

153 3236 447 3285 δευτεοογαμήσει
465 3240 512 3272 13⁸
528 3238 540 3282 ΙΙ
558 3240 577 3272 9
603 3239 800 3283 ἐπίτροπον
815 3237 930 3271 οηι.Βῑ
945 3238 957 3280 ΙΙ
979 3240 1013 3270 11
1042 3225 1227 3276 ἐντεῦθεν]
1298 3237 1412 3269 iurans
1436 3247 1502 3268 non
1528 3237 1680 3268 existenti
1700 3236 1742 3268 ad
1765 3237 1817 3269 Ra
1844 3237 1856 3280 ss
1887 3239 1904 3270 7
1930 3248 1963 3269 se
1987 3250 2046 3270 om.
2075 3238 2113 3280 V,
2139 3247 2211 3272 ante
2234 3249 2301 3271 non
2325 3241 2374 3281 (6)

153 3271 364 3330 ἔμπροσθεν
390 3285 439 3317 Β3
456 3283 468 3326 ll
491 3285 529 3317 12
553 3279 572 3316 ὁ
597 3281 714 3325 νόμος]
745 3284 820 3317 Cod.
838 3286 929 3324 5,35‚
943 3290 970 3316 2.
993 3285 1024 3323 6,
1037 3290 1084 3321 56,
1099 3290 1114 3314 6
1135 3298 1178 3309 =
1199 3284 1230 3323 8,
1299 3283 1370 3315 coll.
1399 3283 1430 3315 T
1449 3281 1461 3325 ΙΙ
1495 3284 1533 3315 10
1558 3282 1649 3322 hinc]
1674 3281 1716 3313 al.
1739 3282 1818 3313 huic
1842 3295 1866 3313 s.
1881 3294 1908 3314 v.
1931 3282 1981 3315 V²
1997 3281 2009 3326 ΙΙ
2045 3285 2080 3316 11
2109 3284 2324 3326 hypothecam
2346 3285 2378 3318 V

154 3340 197 3373 14,
211 3316 256 3374 ὅκΙΙ
280 3333 318 3364 13
344 3326 540 3374 συνυπάγει
564 3329 636 3369 ‚El-⁹]
661 3325 903 3373 avvandyecL
927 3323 1054 3372 ὑπάγει
1068 3327 1196 3369 Μ(ΒῙ)
1220 3325 1231 3370 Η
1299 3328 1395 3370 ναῖς]
1421 3328 1581 3370 ypotheca
1605 3327 1635 3358 R
1652 3327 1663 3369 ΙΙ
1691 3328 1729 3360 12
1752 3327 1880 3358 maritis
1904 3327 1952 3359 R²
1971 3327 1983 3368 ΙΙ
2010 3329 2048 3361 13
2072 3338 2264 3360 success-u
2290 3329 2339 3362 R¹
2361 3329 2374 3374 ΙΙ

156 3379 199 3411 20
223 3375 315 3409 θεοῦ
338 3376 410 3415 Μς]
436 3370 608 3415 ἀληθείας
632 3374 700 3406 BL
725 3373 737 3416 ΙΙ
762 3375 803 3406 22
827 3369 1032 3415 ὑπέβαλλον
1055 3374 1132 3405 ταῖς
1154 3383 1230 3405 ποι·
1302 3374 1340 3406 15
1366 3372 1568 3404 successione
1590 3371 1638 3403 Β*
1669 3370 1680 3414 ΙΙ
1712 3373 1751 3405 16
1775 3371 1920 3414 prioris?
1948 3372 1995 3405 1⁷¹
2026 3371 2038 3415 ΙΙ
2065 3372 2094 3404 si
2117 3386 2174 3406 om.
2196 3374 2301 3407 RVT
2316 3375 2373 3416 aL,

153 3423 231 3455 ναῖς
255 3422 286 3454 L
318 3419 329 3464 ΙΙ
356 3422 398 3454 23
422 3420 672 3465 γεγαμημένην
696 3416 822 3464 χρόνον
848 3418 894 3450 Bl
927 3415 1053 3460 χρόνου
1078 3418 1231 3462 γημαμέ-
1300 3417 1389 3458 quod
1413 3418 1496 3460 vzcly.
1517 3415 1528 3460 ΙΙ
1545 3417 1586 3449 22
1610 3417 1748 3458 puniuit
1767 3417 1799 3449 R
1820 3415 1832 3460 ΙΙ
1860 3418 1901 3449 23
1927 3419 1960 3449 et
1984 3418 2045 3449 del.
2059 3417 2109 3449 R2
2124 3417 2136 3461 ΙΙ
2163 3419 2294 3461 habeat]
2315 3420 2373 3451 ha-

154 3480 221 3509 νην
247 3466 297 3498 Bs
310 3466 321 3507 ξ·
340 3462 423 3498 οὐδὲ
446 3462 578 3497 πάντες
600 3465 746 3509 μητέρες
769 3464 799 3495 L
823 3462 835 3506 ΙΙ
863 3465 903 3495 25
930 3462 979 3494 ei*
1007 3463 1037 3495 L
1054 3462 1065 3505 ΙΙ
1085 3465 1124 3496 27
1150 3458 1232 3495 ὑπέ-
1300 3462 1399 3494 beant
1427 3462 1460 3495 V
1483 3460 1495 3505 ΙΙ
1523 3463 1564 3495 25
1597 3461 1880 3504 concupiscentias
1903 3462 1955 3494 Ra
1987 3461 1998 3503 ΙΙ
2025 3473 2093 3494 non
2117 3463 2171 3495 uel
2195 3465 2235 3505 (s.
2258 3476 2287 3498 v.
2313 3476 2373 3507 pro

154 3509 289 3554 βαλλον
316 3512 385 3544 ML
412 3510 424 3554 η
447 3512 489 3542 29
515 3511 637 3554 ἕτερον
664 3509 697 3541 Β
717 3507 728 3551 ΙΙ
753 3511 794 3542 30
821 3508 999 3551 ἐπιορκεῖν
1022 3507 1085 3540 τοῦ
1107 3505 1232 3540 λοιποῦ
1265 3525 1267 3541 ι
1301 3507 1409 3539 saltim
1431 3507 1492 3546 V2)
1510 3507 1554 3546 V]
1574 3505 1628 3538 uel
1645 3517 1711 3538 non
1725 3507 1773 3546 (in
1788 3506 2019 3550 R¹)R1⁷vul9.
2039 3506 2051 3550 ΙΙ
2066 3507 2130 3549 ipsi
2150 3508 2203 3552 Vn
2222 3511 2264 3544 28
2284 3510 2373 3552 peie-

156 3558 228 3597 Μς]
253 3553 520 3600 διαψεύδεσθαι
545 3554 607 3587 τοῦ
634 3551 758 3586 λοιποῦ
785 3554 816 3586 L
848 3552 910 3584 τοῦ
937 3549 1062 3586 λοιποῦ
1087 3549 1232 3595 διαψεύ-
1304 3563 1372 3584 rare
1386 3552 1484 3593 vulg]
1501 3552 1668 3593 perierant
1689 3552 1716 3584 V
1735 3551 1890 3593 postifera
1904 3551 1949 3583 R¹
1974 3552 2126 3593 pestifere
2139 3552 2199 3594 R2,
2219 3554 2268 3586 V³
2279 3568 2304 3587 s.
2315 3568 2343 3588 υ.
2363 3555 2374 3597 ΙΙ

156 3598 291 3634 δεσθαι
316 3602 351 3634 Β
369 3600 382 3645 ΙΙ
417 3603 455 3634 31
484 3597 586 3645 πρὸς]
611 3600 699 3641 πρὶν
719 3599 764 3631 L¹
794 3596 806 3642 ΙΙ
837 3595 1126 3641 προειληφυίσαις
1151 3598 1194 3630 M
1223 3595 1235 3641 ΙΙ
1304 3600 1339 3630 :31
1364 3596 1540 3629 adnubunt
1552 3597 1600 3629 R¹
1621 3597 1632 3638 ΙΙ
1649 3595 1941 3647 32 offe1entesR¹
1961 3595 1973 3639 ΙΙ
1990 3598 2031 3630 33
2050 3597 2188 3630 eundem
2202 3599 2250 3631 R¹
2270 3600 2373 3632 etian-

158 3648 199 3679 32
222 3643 371 3679 ταύταις
394 3645 442 3679 ΒῙ
461 3644 473 3689 ΙΙ
497 3643 629 3680 πάσαις
648 3644 679 3677 L
697 3643 709 3687 ΙΙ
726 3641 949 3689 ἔμπροσθεν]
975 3640 1150 3687 πρότερον
1176 3642 1233 3674 Rs.
1304 3642 1375 3674 «lem
1395 3642 1447 3675 V¹¹
1463 3640 1475 3686 ΙΙ
1496 3643 1537 3675 34
1562 3641 1773 3681 *dimidiam
1798 3640 1939 3672 mediam
1966 3642 2043 3676 libri

164 3691 213 3734 Cf.
237 3704 338 3734 supra
357 3703 429 3734 cap.
442 3691 564 3724 XXII
577 3689 589 3734 Η
606 3692 646 3723 33
671 3689 908 3735 γαμουμένων
928 3688 1058 3728 MLB³J
1085 3698 1234 3733 γεγαμη-

159 3738 281 3780 μένων
306 3735 351 3768 B1
370 3735 383 3780 ΙΙ
400 3738 441 3769 34
463 3733 578 3768 τᾶλλα
602 3736 632 3767 L
649 3736 660 3777 ΙΙ
679 3732 837 3774 ταύταις]
863 3730 951 3777 πρὸς
974 3729 1119 3765 ταύταις
1143 3733 1189 3764 B³
