2618 4010
1246 138 1258 152 ί

174 151 325 184 EORUM
357 151 446 183 NON
473 152 766 184 INIURIENTUR.

2058 138 2164 180 Nov.
2196 137 2273 179 LX
2307 140 2342 178 1.
2372 139 2397 178 2

174 254 295 295 μένων
318 250 465 291 τάξεων.
514 248 568 284 δεῖ
590 249 657 297 γὰρ
681 253 814 286 κοινῶν
844 249 964 286 ὄντων
988 250 1078 286 κατὰ
1102 252 1163 306 τῆς
1188 250 1251 296 φύ-

176 308 264 330 σεως
286 297 363 330 τῶν
385 294 619 340 ὑβρισμάτων
642 296 765 338 κοινὴν
789 298 881 331 εἶναι
906 296 1005 342 παρὰ
1027 298 1105 331 τῶν
1124 294 1249 342 αρχόν-

174 355 252 375 των
283 344 342 375 καὶ
365 339 431 383 τὴν
463 342 522 374 ἐπὶ
554 340 692 375 τούτοις
715 340 871 376 κώλυσίν
900 356 940 376 τε
968 345 1027 375 καὶ
1057 340 1248 384 ἐκδίκησιν.

175 383 317 420 τούτων
339 382 402 420 οὐκ
426 387 486 419 ἐπὶ
537 385 618 428 όνης
642 384 773 439 ταύτης
798 389 858 430 τῆς
882 386 1090 430 εὐδαίμονος
1113 385 1250 426 πόλεως

1325 250 1463 286 offieiis.
1510 250 1660 294 Oportet
1680 248 1771 283 enim
1794 248 2040 284 communibus
2060 246 2293 284 existentibus
2313 258 2397 283 con-

1321 299 1378 330 tra
1402 298 1566 330 naturam
1585 293 1725 330 iniuriis
1751 303 1970 329 communem
1995 303 2073 329 esse
2092 293 2270 328 iudicibus
2290 303 2398 337 super

1320 340 1374 375 his
1400 339 1672 384 prohibitionem
1696 343 1802 382 atque
1826 339 2027 374 vindictam.
2076 338 2140 374 His
2165 349 2236 373 non
2260 338 2296 372 in
2321 339 2397 373 sola

1320 386 1388 420 hac
1424 385 1629 421 felicissima
1673 384 1814 419 civitate
1856 384 2076 425 valentibus,
2121 383 2183 418 sod
2219 383 2325 418 etiam
2359 383 2397 418 in

175 428 417 484 κρατούντων,
454 427 497 464 ἆλ
530 430 537 439 “
577 434 637 464 καὶ
674 433 713 465 ἐν
746 430 860 466 ἅπασι
895 435 967 466 τοῖς
998 432 1159 474 ἔθνεσιν,
1198 430 1250 466 ὡν
1288 430 1484 466 50mnibus
1509 430 1684 474 gentibus,
1718 439 1867 473 quarum
1895 429 1997 464 nobis
2023 429 2263 473 principatum
2288 428 2396 463 alium

175 476 257 519 ἡμῖν
279 489 346 518 την
370 479 563 522 ηγεμονίαν
593 476 660 518 τὴν
683 480 749 520 μέν
774 478 811 518 ἐξ
835 475 940 524 ἀρχῆς
963 475 1097 511 ἔδωκεν
1122 476 1140 511 ὁ
1164 477 1251 511 θεὸς

174 520 240 563 τὴν
264 518 303 554 δὲ
329 521 550 567 προςέθηκεν
574 517 644 564 (ἠδ’
669 523 723 556 ἔτι
750 526 809 556 καὶ
833 520 959 556 δώσει>
982 525 1084 566 (φήσί
1101 534 1154 556 τις
1173 523 1251 556 τῶν

174 565 244 610 πρὸ
268 564 396 610 ἡμῶν),
428 567 506 600 τῶν
531 567 737 612 ἐπιχωρίων
759 565 948 615 ἀρχόντων
979 568 1050 601 εἴτε
1076 579 1250 613 στρατιω-

173 611 288 644 τικῶν
323 611 394 644 εἴτε
425 610 625 645 πολιτικῶν
658 611 786 647 τούτου
822 611 998 666 πρόνοιαν
1032 613 1250 656 τιθεμένων.

1321 475 1462 520 quidem
1493 477 1539 511 ab
1570 474 1672 510 initio
1702 474 1799 509 dedit
1831 475 1917 509 deus
1950 474 2058 509 alium
2090 483 2171 508 vero
2203 473 2330 508 adiecit
2361 476 2396 508 et

1321 521 1438 556 adhuc
1463 520 1568 556 etiam
1590 519 1689 554 dabit
1713 519 1819 560 (sicut
1842 519 1894 554 ait
1918 519 2063 563 quidam
2087 521 2170 553 ante
2191 524 2285 561 nos):
2310 529 2395 563 pro-

1320 566 1516 602 vinciarum
1541 565 1670 610 quippe
1701 564 1877 600 iudicibus
1909 565 1982 598 sive
2005 564 2215 598 militaribus
2248 564 2320 599 sive
2346 564 2394 598 ci-

1321 611 1449 647 vilibus
1473 610 1578 646 huius
1603 609 1655 644 rei
1677 609 1934 654 providentiam
1959 609 2186 643 habentibus.
2229 608 2395 653 Sequitur

173 657 321 689 έπέσται
344 655 411 702 γὰρ
435 659 507 690 τοῖς
530 659 597 700 μὲν
621 658 786 692 ἐνταῦθα
815 668 961 702 αρχουσι
991 661 1150 710 καὶιταῖς
1173 655 1413 691 τού-1110111111
1448 656 1506 691 hic
1543 655 1683 699 quidem
1718 655 1853 690 iudices
1888 663 2081 698 eorumque
2119 653 2237 689 officia
2273 653 2395 704 viginti

173 714 250 734 των
269 698 413 741 τάξεσιν
433 699 501 735 ἀνὰ
523 702 649 746 Viginti
664 703 838 738 librarum
855 702 936 738 auri
960 715 1077 744 ποινη,
1103 703 1138 735 εἴ
1154 713 1251 736 τινος

173 743 426 790 ῥᾳθυμήσαιεν
450 745 601 789 τούτων,
634 751 711 782 ταῖς
736 747 775 782 δὲ
798 750 1001 792 ἐπιχωρίοις
1033 744 1101 780 ἀνὰ
1130 751 1249 790 πέντε,

172 791 270 836 εἴγε
294 789 384 834 μηδὲ
416 790 522 826 αὐταὶ
554 792 641 838 πρὸς
673 795 777 827 τοῦτο
809 790 961 838 ὁρμῷεν,
998 791 1250 838 προςαγγελίας

172 835 269 870 τινὸς
297 833 319 879 ἢ
342 837 507 871 ἐνταῦθα
531 834 552 880 ἢ
576 837 667 873 κατα
690 836 814 885 χώραν
837 839 1033 883 γινομένης.

1320 701 1491 736 librarum
1527 701 1605 736 auri
1640 710 1774 744 poena,
1814 699 1844 735 si
1880 699 1964 743 quid
2002 699 2129 734 horum
2167 698 2394 742 neglexerint,

1320 746 1555 791 provinciales
1588 748 1707 780 autem
1740 745 1913 790 quinque,
1947 744 1978 779 si
2007 754 2121 788 neque
2153 743 2221 787 ipsi
2252 743 2298 778 ad
2327 743 2395 778 hoc

1319 791 1529 834 institerint,
1568 790 1835 827 denuntiatione
1866 789 2023 835 qualibet
2055 792 2117 824 aut
2148 789 2207 823 hic
2238 791 2301 824 aut
2333 798 2396 832 per

1320 836 1522 881 provincias
1546 837 1654 872 facta.

1168 971 1324 1007 CAPUT
1348 972 1394 1006 II.

229 1050 380 1085 Κᾶκεῖνό
413 1065 453 1097 γε
488 1051 559 1095 μὴν
592 1049 715 1099 ὀρθῶς
751 1053 845 1093 ἔχειν
881 1049 1089 1104 συνείδρμεν
1123 1050 1165 1085 τὸ
1199 1049 1248 1094 μὴ
1264 1054 1303 1084 15

171 1099 368 1140 συγχωρεῖν
401 1097 582 1141 (καθάπερ
612 1099 671 1129 καὶ
701 1096 722 1139 ἡ
756 1093 924 1139 Ζήνωνος
959 1109 1022 1130 του
1057 1097 1118 1138 τῆς
1151 1093 1247 1129 εὗσε-

170 1142 255 1183 stol-s
291 1127 420 1184 λήξεως
454 1141 546 1188 λέγει
582 1139 741 1181 διάταξις
776 1145 836 1174 καὶ
871 1139 892 1184 ἡ
924 1140 1076 1185 ἡμετέρα
1111 1143 1247 1184 μέντοι)

170 1184 250 1218 τοὺς
271 1185 468 1232 παρέδρους
487 1188 565 1220 τῶν
582 1184 769 1231 ἀρχόντων
789 1186 916 1221 αὐτοὺς
936 1188 1013 1220 τῶν
1030 1183 1248 1220 ὑποθέσεων

171 1227 322 1272 ἀκούειν,
357 1232 394 1264 αἳ
417 1230 515 1277 παρὰ
545 1234 618 1265 τοῖς
647 1229 815 1276 ἄρχουσιν
844 1228 866 1274 ἢ
888 1235 960 1285 τοῖς
986 1229 1187 1275 δεδομένοις
1211 1231 1249 1271 ἐξ

1362 1049 1454 1084 Illud
1479 1050 1585 1084 etiam
1609 1050 1706 1084 recte
1730 1059 1769 1084 se
1792 1048 1924 1084 habere
1948 1049 2191 1094 perspeximus
2220 1059 2293 1084 non
2316 1059 2395 1093 per-

1317 1095 1456 1130 mittere
1487 1095 1594 1137 (sicut
1625 1094 1779 1129 Zenonis
1811 1094 1892 1139 piae
1922 1094 2112 1130 memoriae
2144 1094 2230 1129 dicit
2265 1094 2395 1129 consti-

1317 1140 1410 1175 tutio
1443 1143 1478 1174 et
1509 1141 1634 1175 nostra
1664 1142 1817 1184 quoque)
1857 1140 2080 1175 consiliarios
2112 1139 2268 1174 iudicum
2299 1139 2397 1183 ipsos

1317 1195 1382 1229 per
1405 1194 1444 1220 se
1464 1194 1591 1220 causas
1616 1184 1750 1227 audire,
1776 1194 1865 1229 quae
1890 1185 1985 1229 apud
2007 1185 2313 1220 administratores
2335 1189 2398 1218 aut

1319 1230 1420 1266 datos
1445 1240 1468 1265 a
1491 1229 1597 1265 nobis
1619 1229 1754 1264 iudices
1779 1230 1978 1272 agitantur:
2010 1231 2123 1265 multo
2148 1239 2301 1273 namque
2324 1239 2396 1264 me-

170 1274 274 1318 ἡμῶν
298 1275 480 1310 δικασταῖς
503 1278 671 1310 κινοῖντο.
719 1275 841 1320 πολλῷ
866 1290 934 1323 γαρ
965 1274 1012 1310 ἂν
1039 1274 1185 1310 κάλλιόν
1209 1289 1248 1310 τε
1263 1276 1385 1311 201ius
1410 1277 1518 1319 atque
1542 1274 1736 1319 perfectius
1769 1283 1888 1309 coram
1919 1275 2007 1319 ipsis
2037 1274 2397 1315 administratoribus,

170 1324 230 1353 καὶ
266 1319 484 1367 τελεώτερον
519 1318 586 1354 ὑπ)
616 1317 733 1356 αὐτοῖς
767 1325 839 1355 τοῖς
871 1322 1016 1367 ἄρχουσι
1052 1320 1250 1365 παρόντων

170 1367 319 1400 ἐκείνων
345 1366 383 1399 αἱ
405 1364 597 1400 ὑποθέσεις
628 1369 804 1409 κινοῖντο,
841 1365 938 1401 δέους
973 1380 1013 1401 τε
1049 1368 1250 1411 ἐφεστῶτος

170 1413 243 1444 τοῖς
274 1409 570 1456 ὑπηρετουμένοις
606 1414 664 1445 καὶ
697 1415 769 1446 τοῖς
804 1409 853 1446 ῶς
885 1411 974 1446 εἰκὸς
1009 1415 1249 1458 παραγινομέ-

170 1467 242 1489 νοις
269 1453 423 1502 μάρτυσι
460 1459 520 1490 καὶ
553 1452 644 1509 ὅλως
677 1458 740 1490 τοῦ
773 1456 980 1503 πράγματος
1016 1456 1082 1510 τὴν
1115 1458 1250 1491 οἰκείαν

1319 1320 1567 1365 praesentibus
1597 1319 1667 1354 illis
1697 1328 1847 1363 quorum
1878 1329 2009 1355 causae
2033 1323 2229 1363 moventur,
2261 1323 2398 1354 terrore

1318 1366 1521 1401 imminente
1551 1363 1717 1399 exhibitis
1749 1364 1902 1399 testibus
1939 1368 1973 1399 et
2005 1365 2148 1400 omnino
2181 1374 2290 1400 causa
2314 1375 2397 1409 pro-

1319 1411 1434 1455 priam
1459 1411 1613 1446 habente
1636 1409 1875 1451 honestatem,
1909 1419 2015 1454 quam
2040 1410 2071 1444 si
2093 1410 2189 1455 apud
2218 1410 2398 1454 pedaneos

1319 1457 1453 1492 iudices
1489 1456 1577 1491 talia
1613 1454 1868 1496 decernantur,
1908 1455 1945 1489 in
1980 1455 2079 1490 nullo
2116 1455 2398 1490 consiliariorum

169 1502 311 1542 ἔχοντος
332 1500 590 1555 σεμνότηταζη
615 1502 715 1547 εἴπερ
734 1501 1017 1546 χαμαιδικασταὶ
1036 1515 1081 1536 τα
1100 1504 1249 1536 τοιαῦτα
1265 1505 1305 1536 25
1321 1501 1439 1537 officio
1464 1501 1617 1536 distante
1634 1500 1680 1535 ab
1697 1500 1780 1534 illis·
1829 1499 1899 1535 Sed
1923 1501 2090 1544 quoniam
2113 1500 2301 1535 nobiscum
2325 1502 2397 1534 sta-

169 1549 335 1591 κρίνοιεν,
367 1545 472 1580 οὐὸὲν
505 1560 581 1580 των
614 1545 807 1594 παρέδρων
838 1549 898 1591 τῆς
930 1549 1078 1581 ἐκείνων
1103 1545 1249 1581 διεστώ-

168 1603 246 1625 των
266 1590 408 1631 ταξεως.
445 1589 526 1625 ἀλλ’
546 1590 670 1635 ἐπειδὴ
693 1592 732 1626 αἱ
755 1592 822 1627 σὺν
843 1593 928 1637 ἡμῖν
952 1586 1055 1626 οὖσαι
1080 1590 1250 1635 διηνεκῶς

169 1634 274 1682 ἀρχαὶ
298 1639 375 1670 ταῖς
399 1635 579 1679 ἀσχολίαις
602 1638 680 1671 τῶν
700 1637 925 1684 πραγμάτων
948 1641 1008 1671 καὶ
1033 1639 1111 1671 τῶν
1130 1635 1250 1681 ἡμετέ-

170 1694 246 1725 ρων
263 1680 460 1715 κελεύσεων
485 1681 761 1737 κατειλημμέναι
786 1681 874 1737 πρὸς
897 1682 1034 1725 ταύτην
1058 1682 1124 1725 τὴν
1143 1682 1249 1737 ἀνάγ-

168 1739 235 1768 κην
252 1730 530 1774 καταφέρονται,
557 1725 614 1780 δεῖ
633 1739 830 1780 συμφωνρν
853 1741 893 1762 τε
917 1731 976 1762 καὶ
997 1725 1168 1774 ἁρμόδιον
1185 1741 1250 1762 τον
1263 1730 1305 1762 30

167 1773 189 1806 1
244 1771 355 1815 νόμον
386 1775 458 1806 τοῖς
493 1784 680 1819 πραγμασι
713 1774 951 1816 ποιησασθαι.
1025 1775 1250 1818 Θεσπίζομεν

168 1820 301 1860 τοίνυν,
327 1815 388 1851 τὰς
411 1819 478 1861 μὲν
496 1817 753 1864 προκατάρξεις
777 1820 815 1851 ἐκ
835 1817 970 1864 τρόπου
995 1817 1131 1853 παντὸς
1156 1816 1246 1865 παρ’

170 1859 288 1896 αὐτοῖς
311 1863 482 1908 γίνεσθαι
507 1865 580 1897 τοῖς
601 1861 779 1910 ἄρχουσιν,
803 1864 874 1897 εἴτε
893 1866 1032 1907 μείζους
1057 1864 1127 1897 εἴτε
1149 1862 1246 1897 ἐλάτ-

169 1918 250 1940 τους
274 1907 360 1941 εἷεν·
395 1905 484 1941 ἀλλὰ
508 1911 567 1942 καὶ
592 1909 632 1942 ἐν
647 1912 778 1962 ’μέσαις
802 1912 879 1943 ταῖς
906 1907 1020 1943 δίκαις
1042 1907 1249 1955 εἰςάγεσθαι

1320 1547 1389 1582 tuti
1425 1556 1564 1591 semper
1600 1545 1907 1581 administratores
1948 1545 2241 1590 occupationibus
2281 1555 2399 1579 rerum

1318 1595 1593 1636 nostrarumque
1624 1590 1821 1626 iussionum
1855 1590 2102 1635 comprehensi
2137 1590 2183 1625 ad
2213 1590 2306 1625 hanc
2337 1599 2398 1624 ne-

1320 1637 1522 1672 cessitatem
1542 1637 1781 1680 deponuntur,
1807 1639 1950 1680 oportet
1970 1645 2164 1672 consonam
2189 1645 2399 1680 congruam-

1319 1692 1387 1728 que
1411 1683 1523 1726 legem
1546 1682 1654 1717 rebus
1678 1681 1872 1725 imponere.

1318 1774 1337 1808 1
1397 1773 1583 1808 Sancimus
1618 1771 1745 1815 igitur,
1790 1772 2071 1807 contestationes
2111 1770 2253 1816 quidem
2288 1771 2401 1805 litium

1319 1818 1482 1853 omnibus
1505 1817 1619 1853 modis
1639 1816 1737 1862 apud
1760 1817 1858 1861 ipsos
1883 1817 1959 1852 fieri
1983 1817 2300 1857 administratores,
2327 1817 2400 1851 sive

1316 1864 1468 1898 maiores
1490 1863 1562 1898 sive
1582 1862 1737 1897 minores
1758 1863 1840 1904 sint,
1863 1862 1926 1898 sed
1946 1862 2052 1897 etiam
2072 1862 2109 1896 in
2131 1861 2257 1896 mediis
2279 1862 2400 1896 litibus

1318 1908 1498 1944 introduci
1522 1918 1646 1943 rursus
1672 1907 1768 1953 apud
1792 1917 1853 1943 eos
1878 1908 1986 1943 semel
2007 1906 2198 1951 negotium,
2225 1910 2401 1951 quatenus

170 1950 279 1986 πάλιν
296 1950 386 1998 παρ’
407 1949 524 1987 αὐτοῖς
548 1954 734 1998 προςαπαξ
755 1955 843 2000 γοῦν
861 1953 927 1997 τὴν
943 1952 1136 1997 ὑπόθεσιν,
1161 1951 1247 1988 dien
1261 1956 1303 1989 35
1318 1963 1360 1989 ea
1392 1964 1484 1999 quae
1517 1953 1766 1989 examinantur
1798 1955 2005 1997 agnoscant.
2044 1953 2133 1987 Cum
2163 1962 2247 1987 vero
2283 1952 2400 1987 novis-

171 1995 298 2031 αὐτοὺς
314 1996 360 2031 τὰ
384 2002 686 2045 προηγωνισμένα
713 1999 860 2043 μαθεῖν.
909 1998 1057 2034 ἐπειδὰν
1082 1997 1121 2032 δὲ
1146 1998 1247 2033 αὐτο-
1319 1999 1409 2035 sima
1425 1998 1603 2035 sententia
1619 1998 1836 2043 proferenda
1853 2002 1918 2041 est,
1936 1999 2034 2035 nullo
2051 1997 2156 2034 modo
2172 2007 2401 2042 praesumere

169 2040 268 2085 τελὴς
291 2040 473 2088 ἀπόφασις
497 2044 715 2090 ἐκφέρεσθαι
738 2042 872 2088 μέλλοι,
900 2043 991 2080 κατὰ
1012 2042 1149 2088 μηδένα
1170 2043 1249 2089 τρό-

171 2191 203 2223 Ζ
216 2147 343 2232 0111φῶἷῖ
357 2145 501 2191 Ὀρθῶς
521 2147 614 2187 ἔχειν
631 2143 842 2188 συνείδομεν
855 2170 979 2181 ......
1005 2153 1093 2180 extat
1117 2147 1152 2179 Β
1171 2148 1203 2187 7,
1216 2153 1241 2187 1,
1254 2153 1270 2180 3
1292 2147 1474 2187 (31—328,
1487 2153 1520 2179 10
1541 2147 1767 2188 Θεσπίζομεν
1783 2143 1846 2178 τὰς
1861 2147 1928 2188 μὲν
1945 2165 1982 2169 —--
1995 2142 2202 2187 τολμῶντος
2222 2144 2268 2176 B⁸
2286 2156 2320 2186 p.
2336 2145 2397 2177 251

205 2203 242 2223 ac
266 2215 272 2222 .
292 2215 298 2222 .

171 2306 224 2336 est
247 2301 341 2335 enim
366 2311 444 2335 cum
469 2310 671 2335 communes
702 2300 857 2335 iniuriae
880 2301 953 2335 sint
976 2300 1295 2346 naturaeillatae,
1329 2311 1548 2346 communem
1572 2300 1679 2335 etiam
1704 2311 1727 2335 a
1750 2299 2024 2346 maqistratibus
2045 2299 2129 2343 fieri
2153 2311 2276 2335 earum
2302 2311 2400 2336 coer—

172 2347 335 2381 citionem
359 2349 394 2380 et
416 2344 617 2380 vindictam.
673 2346 790 2390 Atque
814 2345 903 2391 liaeo
927 2355 1001 2379 non
1032 2345 1070 2378 in
1093 2345 1174 2379 sola
1198 2344 1267 2379 liae
1290 2345 1394 2388 felici
1417 2345 1505 2380 urbe
1530 2345 1692 2386 valeant,
1724 2344 1789 2379 sed
1819 2344 1926 2379 etiam
1958 2344 1995 2378 in
2029 2345 2194 2379 omnibus
2222 2345 2400 2390 qenn'bus,

172 2402 325 2437 quarum
349 2389 451 2424 nobis
475 2390 661 2435 imperium
685 2389 773 2425 deus
804 2390 859 2425 vel
880 2389 923 2424 ab
949 2389 1051 2424 initio
1075 2389 1173 2424 dedic
1204 2389 1258 2424 vel
1287 2389 1427 2424 addidit
1450 2392 1505 2423 ‘ac
1529 2389 1630 2424 (labit
1654 2389 1768 2424 ultra'
1794 2391 1847 2430 (ut
1871 2389 1924 2423 ait
1946 2392 2102 2424 veterum
2127 2390 2291 2434 aliquis),
2322 2401 2400 2425 eum

171 2437 407 2481 maqistratus
426 2435 699 2481 provinciarmn
725 2435 798 2470 sive
822 2434 995 2469 militares
1018 2435 1091 2469 sive
1112 2434 1231 2469 civiles
1256 2434 1339 2469 lucio
1361 2435 1417 2469 rei
1436 2434 1664 2479 provideant.
1713 2433 1916 2468 Imminebit
1936 2434 2029 2468 enim
2048 2445 2167 2479 poena
2191 2435 2237 2469 iis
2257 2435 2401 2480 quidem

196 2482 233 2516 ui
258 2480 315 2515 hic
338 2486 423 2515 sunt
445 2480 715 2525 ‘maqistratibus
746 2490 941 2524 eorumque
973 2479 1109 2524 officiis
1133 2479 1260 2524 viqinti
1284 2478 1457 2514 librarum
1482 2479 1581 2521 (turi,
1605 2479 1635 2513 si
1660 2478 1748 2529 quid
1771 2477 1900 2513 horum
1924 2478 2163 2523 neqleoeerint,
2188 2479 2400 2525 provincia-

186 2527 264 2562 ibus
300 2536 383 2561 vero
422 2525 558 2569 officiis
589 2525 759 2570 quinque,
794 2525 827 2559 si
858 2535 901 2559 ne
932 2524 1013 2569 ipsa
1046 2523 1190 2569 quidem
1227 2523 1265 2558 id
1295 2528 1487 2566 sectentur,
1523 2523 1795 2559 (lettuntiatione
1827 2523 1951 2568 aliqua
1982 2524 2038 2559 vel
2068 2523 2127 2558 hio
2160 2525 2216 2560 vel
2245 2525 2283 2558 in
2312 2536 2399 2570 pro-

172 2571 288 2607 vincia
333 2574 425 2605 acta.

323 2615 350 2649 I.
399 2613 479 2649 Iam
510 2613 602 2648 illud
631 2625 774 2659 quoque
803 2625 876 2660 par
907 2624 983 2649 esse
1013 2613 1256 2649 intelleximus
1289 2624 1363 2648 non
1389 2614 1555 2659 permitti
1587 2613 1895 2659 (quemadmodum
1920 2617 1953 2648 et
1980 2613 2134 2649 Zenonis
2156 2614 2246 2659 piae
2270 2626 2399 2650 memo-

170 2662 247 2696 riae
272 2659 482 2705 constitutio
508 2658 596 2693 dicit
625 2663 659 2694 et
683 2670 765 2694 vero
790 2661 948 2702 nostra),
983 2663 1023 2693 ut
1047 2669 1246 2693 assessores
1277 2659 1555 2704 maqistratuum
1579 2659 1650 2704 ipsi
1668 2670 1739 2705 per
1761 2669 1799 2693 se
1829 2669 1958 2693 causas
1983 2659 2151 2702 audiant,
2183 2670 2277 2705 quae
2301 2660 2402 2706 apud

169 2706 405 2752 maqistratus
429 2704 484 2739 vel
507 2703 613 2738 datos
638 2715 660 2738 a
684 2703 789 2738 nobis
813 2703 948 2738 iudices
971 2707 1192 2739 moveantur.
1241 2702 1358 2738 Multo
1381 2704 1473 2739 enim
1496 2704 1621 2738 melius
1644 2709 1680 2739 et
1695 2704 1902 2750 perfectius
1926 2704 2027 2749 apud
2046 2705 2146 2750 ipsos
2164 2705 2400 2750 maqistratus

167 2750 418 2797 praesentibus
448 2749 521 2784 illis
552 2759 684 2784 causae
714 2753 881 2794 aqentur,
918 2760 997 2783 eum
1028 2753 1142 2783 metus
1174 2748 1356 2782 immineat
1388 2748 1676 2783 ministrantibus
1706 2753 1743 2783 et
1774 2749 1920 2783 testibus
1953 2749 2054 2792 forte
2083 2750 2335 2794 praesentibus
2365 2754 2401 2785 et

170 2796 315 2831 omnino
339 2806 398 2830 res
420 2805 523 2829 suam
548 2793 680 2829 ltabeat
702 2794 989 2835 sollemnitatem,
1016 2804 1123 2839 quam
1147 2793 1179 2827 si
1196 2793 1357 2839 pedanei
1381 2792 1517 2828 iudices
1543 2793 1630 2828 talia
1650 2793 1866 2828 diiudicent:
1891 2804 2006 2838 neque
2026 2795 2118 2828 enim
2135 2804 2334 2830 assessores
2354 2795 2399 2830 ab

168 2841 315 2876 illorum
339 2839 465 2875 ordine
488 2838 681 2884 quicquam
706 2838 850 2874 distant.
900 2838 973 2874 Sea
996 2838 1165 2884 quoniam
1191 2838 1254 2883 qui
1284 2838 1457 2872 continuo
1484 2838 1667 2873 nobiseum
1696 2842 1780 2872 sunt
1803 2839 2040 2883 maqistratus
2060 2849 2179 2874 rerum
2204 2843 2239 2874 et
2258 2845 2399 2875 nostra-

169 2897 249 2921 rum
269 2886 466 2920 iussionum
491 2884 646 2929 neqottis
671 2884 840 2929 occupati
872 2883 920 2918 ad
950 2883 1043 2918 lianc
1075 2883 1320 2918 necessitatem
1355 2882 1580 2927 deseruntur,
1614 2887 1756 2928 oportet
1780 2893 1974 2918 consonam
2005 2886 2038 2918 et
2070 2894 2268 2929 conqruam
2294 2885 2400 2919 rebus

168 2934 189 2967 1
236 2931 348 2977 leqem
366 2930 522 2974 efficere.
582 2927 773 2963 Saneimus
788 2929 913 2974 iqitur,
938 2933 977 2962 ut
998 2929 1072 2963 litis
1088 2928 1365 2963 contestationes
1387 2928 1551 2962 omnibus
1571 2927 1686 2962 modis
1707 2927 1807 2972 apud
1824 2928 1925 2974 ipsos
1944 2929 2180 2974 mayistratus
2196 2930 2302 2974 fiant,
2325 2930 2400 2964 sive

169 2977 323 3011 maiores
345 2975 419 3010 sive
442 2974 597 3009 minores
615 2973 706 3014 sint,·
729 2973 793 3008 secl
812 2973 919 3008 etiam
944 2974 981 3007 in
1005 2973 1130 3008 mediis
1155 2973 1276 3008 litibus
1299 2972 1399 3018 apud
1421 2972 1522 3017 ipsos
1546 2972 1654 3007 semel
1678 2972 1819 3017 quidem
1841 2983 1952 3008 causa
1976 2984 2106 3008 rursus
2129 2974 2398 3016 introducatur,

170 3024 210 3055 ut
225 3021 298 3066 ipsi
316 3030 409 3065 quae
425 3020 530 3065 prius
548 3018 750 3064 disceptata
773 3019 847 3053 sint
863 3021 1096 3063 coqnoseant.
1150 3016 1214 3052 Ubi
1235 3028 1320 3053 vero
1339 3017 1411 3052 iam
1433 3016 1619 3061 definitiva
1639 3018 1818 3053 sententia
1836 3017 2067 3063 proferenda
2084 3022 2147 3060 est,
2171 3019 2272 3054 nullo
2292 3019 2399 3054 modo

228 3134 247 3164 2
277 3128 376 3174 παρὰ
406 3130 459 3171 τῷ
490 3127 635 3175 ἄρχοντι
667 3131 701 3163 Β
731 3130 743 3172 ΙΙ
771 3131 791 3163 3
815 3132 874 3162 καὶ
899 3127 977 3172 τὴν]
1014 3131 1074 3163 καὶ
1098 3143 1155 3164 om.
1183 3142 1201 3166 ς
1237 3130 1248 3173 ΙΙ
1316 3141 1389 3162 rum
1416 3128 1461 3173 ςΙΙ
1490 3130 1530 3163 23
1556 3125 1853 3174 ὖπηρετουμένοις
1878 3150 1920 3153 -
1946 3129 2035 3164 εἰκὸς
2061 3143 2151 3167 οιη.ς
2176 3132 2187 3175 Η
2219 3133 2260 3166 25
2286 3132 2397 3176 εἴπερ]

172 3180 190 3210 7
216 3172 277 3218 ἧδ’
295 3177 350 3208 ἔτι
363 3174 405 3207 Μ
427 3173 447 3216 ἢ
471 3172 511 3207 δέ
533 3188 569 3208 τι
593 3176 639 3208 L¹
658 3175 670 3218 ΙΙ
688 3172 749 3216 ἧδ’
773 3174 827 3208 ἔτι
849 3172 959 3208 δώσει
977 3175 1181 3208 Homericum
1203 3183 1248 3208 est

171 3221 333 3255 IliadisA
348 3221 390 3253 96
407 3219 418 3256 ΙΙ
437 3222 526 3264 φησί
539 3220 678 3261 MLaB]
704 3217 751 3253 ῶς
772 3223 861 3263 φησί
879 3219 927 3253 LI:
940 3220 983 3261 (ς)
1000 3219 1011 3263 ΙΙ
1032 3221 1051 3253 8
1072 3219 1150 3252 τῶν
1171 3220 1247 3255 ἐπι-

171 3268 317 3311 χωρίων
341 3261 540 3306 ἀρχόντων]
576 3265 823 3306 provinciarum
847 3265 969 3307 quippe
992 3264 1159 3297 iudicibus
1184 3277 1202 3301 ς
1236 3267 1248 3308 η

174 3314 215 3345 10
240 3312 388 3344 ἐπέσται
408 3311 465 3350 M]
498 3309 655 3343 ἕπεσθαι
679 3310 748 3342 LB
762 3310 805 3350 (ς)
842 3309 991 3343 ἑπέσθω
1016 3310 1213 3343 Haloander
1237 3309 1247 3353 ΙΙ

174 3359 212 3390 11
232 3355 355 3398 viginti
375 3354 535 3387 librarum
553 3355 637 3395 auri,
662 3368 686 3387 s.
701 3367 729 3387 v.
755 3357 775 3387 Ξ
793 3352 927 3400 λιτρῶν
944 3356 1086 3399 χρυσίου
1100 3355 1144 3388 Μ
1164 3366 1247 3388 πεν-

171 3398 327 3442 τήκοντα
349 3402 489 3446 χρυσίου
514 3397 648 3445 λιτρῶν
672 3400 701 3432 L
731 3402 944 3433 πενταετίας
963 3402 1106 3441 χρυσίου
1127 3402 1248 3442 νομίσ-

171 3455 282 3486 ματος
303 3446 339 3478 Β
363 3444 375 3488 Η
399 3442 529 3486 ποινὴν
550 3445 580 3477 L
607 3443 619 3487 ΙΙ
642 3454 736 3477 τινες
760 3445 796 3477 Β
820 3443 832 3487 ΙΙ
857 3446 898 3477 12
922 3446 1010 3484 ταῖς]
1037 3445 1094 3487 leq.
1121 3445 1216 3477 τοῖςῗ)
1238 3444 1248 3488 ΙΙ

173 3491 378 3534 ἐπιχωρίαις
402 3490 430 3522 L
461 3489 473 3533 ΙΙ
504 3491 542 3524 13
570 3487 675 3531 αὐταὶ
698 3490 818 3531 scripsi
839 3502 876 3522 ez·
900 3500 919 3524 ς
944 3490 1104 3531 (praestat
1121 3486 1247 3531 αὖτοὶ)]

175 3526 280 3567 αὗται
303 3535 414 3568 MLB
432 3534 443 3578 ΙΙ
475 3536 515 3568 16
539 3536 599 3566 καὶ
623 3547 680 3567 om.
707 3533 755 3577 ςῆ
782 3531 960 3575 Ζήνωνος]
990 3534 1066 3567 Cod.
1084 3537 1112 3575 1,
1127 3542 1214 3574 51,13
1238 3534 1249 3577 ΙΙ

175 3581 214 3611 17
241 3575 406 3624 ἡμετέρα]
419 3581 490 3622 fuit
506 3580 584 3612 Cod.
602 3581 631 3619 1,
646 3587 687 3620 51,
704 3587 735 3612 15
754 3579 766 3622 ΙΙ
794 3580 833 3612 19
856 3576 1057 3621 δεδομένοις
1070 3580 1129 3618 Μ]
1156 3576 1249 3612 διδο-

174 3625 290 3664 μένοις
314 3625 383 3657 LB
399 3625 411 3666 ΙΙ
437 3625 478 3657 20
504 3621 626 3666 πολλῷ
652 3643 694 3648 ——
720 3625 762 3658 22
780 3625 937 3657 κινοῖντο
963 3636 1019 3657 om.
1035 3625 1066 3656 L
1085 3623 1097 3667 ΙΙ
1119 3625 1158 3657 21
1182 3620 1246 3657 ὑπ’

177 3664 294 3700 αὐτοῖς
309 3670 366 3708 Μ]
392 3668 423 3701 εἰ
446 3665 510 3702 ὑπ’
539 3664 657 3702 αὐτοῖς
677 3669 727 3701 ΒΘ
763 3665 826 3702 ἐπ’
851 3665 968 3701 αὐτοῖς
992 3669 1156 3711 Serimqer
1171 3668 1250 3710 (Bt)

176 3712 232 3755 (cs.
248 3713 323 3755 329,
335 3715 383 3755 25)
400 3714 413 3757 ΙΙ
438 3710 635 3759 παρόντων
657 3714 816 3753 ἐκείνων]
840 3713 1067 3755 praesentibus
1085 3713 1154 3746 illis
1169 3724 1251 3754 quo—

1316 3174 1352 3208 οἱ
1374 3176 1451 3208 add.
1473 3175 1520 3207 Bt
1542 3174 1554 3217 ΙΙ
1581 3176 1623 3207 26
1648 3175 1719 3216 τῆς]
1745 3177 1817 3207 τοῖς
1845 3176 1872 3207 L

1364 3268 1378 3298 1
1407 3265 1574 3296 communi
1597 3264 1626 3296 V
1646 3263 1657 3305 ΙΙ
1690 3265 1708 3296 2
1734 3267 1954 3305 communem]
1987 3275 2116 3297 omnem
2143 3267 2174 3299 R
2201 3266 2213 3310 ΙΙ
2243 3269 2264 3300 4
2287 3268 2398 3310 etiam]

1317 3311 1348 3341 et
1370 3310 1399 3342 V
1415 3308 1426 3352 ΙΙ
1444 3312 1462 3342 5
1482 3308 1573 3341 aliud
1586 3308 1663 3340 RV
1679 3307 1691 3352 ΙΙ
1711 3309 1730 3341 6
1747 3308 1841 3341 aliud
1864 3310 1897 3342 V
1906 3308 1918 3352 ΙΙ
1938 3309 2041 3342 alium
2060 3321 2136 3343 vero
2158 3315 2225 3352 ete]
2252 3312 2342 3354 {lium
2355 3333 2399 3338 —

1317 3356 1336 3387 9
1352 3354 1502 3395 sequitur
1520 3366 1581 3386 scr.
1597 3352 1646 3384 12²
1665 3355 1696 3385 in
1711 3366 1777 3386 ras.
1793 3355 1812 3387 2
1827 3366 1972 3387 versuum
1989 3354 2000 3397 ΙΙ
2021 3357 2039 3388 8
2055 3356 2189 3398 quippe]
2210 3357 2251 3389 al.
2266 3359 2399 3399 quidem

1321 3400 1509 3441 Tinmary.
1529 3398 1541 3439 ΙΙ
1571 3400 1611 3430 10
1634 3398 1774 3439 triginta
1795 3399 1826 3431 R
1853 3398 1865 3442 ss
1896 3401 1937 3432 12
1962 3399 1989 3430 si
2016 3410 2121 3441 neque
2145 3402 2186 3433 ad
2211 3403 2274 3435 hoe
2297 3404 2399 3436 inste-

1318 3445 1420 3476 terint
1432 3443 1495 3485 ipsi
1508 3443 1541 3474 R
1557 3442 1570 3485 ss
1591 3444 1630 3476 18
1645 3453 1775 3475 causam
1794 3444 1828 3476 V
1840 3443 1852 3484 ΙΙ
1869 3444 2111 3477 ministratores
2123 3446 2156 3478 R
2167 3447 2214 3479 V²
2232 3447 2243 3491 ΙΙ
2262 3450 2300 3481 21
2318 3459 2399 3490 quo-

1317 3500 1390 3521 rum
1416 3489 1499 3521 delet
1527 3488 1759 3531 Osenbriiyyen
1779 3487 1791 3531 Η
1817 3490 1858 3521 22
1881 3489 2028 3529 omnino]
2055 3500 2166 3523 omnes
2188 3492 2222 3525 V
2233 3493 2245 3534 ΙΙ
2269 3504 2399 3526 causam

1318 3534 1364 3566 R*
1383 3533 1394 3574 Η
1414 3534 1456 3566 23
1474 3532 1632 3565 habentes
1645 3533 1696 3565 R⁰
1713 3532 1725 3576 Η
1744 3534 1785 3566 25
1804 3533 1989 3575 nobiscum]
2010 3535 2105 3567 nobis
2118 3535 2168 3568 R¹
2183 3536 2196 3580 Η
2216 3539 2258 3571 26
2276 3540 2399 3578 rerum]

1319 3588 1451 3610 suarum
1478 3579 1553 3612 add.
1572 3577 1621 3610 R²
1638 3577 1649 3620 ΙΙ
1676 3580 1717 3611 32
1744 3578 1896 3610 omnibus
1918 3579 2022 3611 modis
2041 3580 2194 3613 omnibus
2215 3583 2265 3615 V¹
2295 3585 2401 3617 modis

1320 3623 1472 3655 omnibus
1494 3622 1543 3655 V³
1568 3622 1580 3665 ΙΙ
1606 3623 1693 3664 apud
1718 3623 1806 3665 ipsos
1830 3635 1888 3655 om.
1911 3624 1989 3657 Vin
2012 3625 2131 3658 lacuna
2152 3628 2171 3659 3
2194 3628 2251 3661 litt.
2278 3628 2290 3671 ΙΙ
2314 3629 2401 3669 fieri]

1319 3668 1407 3709 apud
1434 3667 1511 3700 add.
1534 3667 1581 3699 V³
1604 3666 1615 3711 ΙΙ
1643 3668 1686 3701 34
1710 3668 1881 3709 negotium
1906 3668 1967 3709 R¹]
1994 3670 2164 3711 negotium
2191 3673 2238 3705 rei
2263 3674 2312 3706 R²
2343 3684 2400 3706 ne—

1320 3713 1449 3754 gotium
1470 3714 1502 3744 et
1527 3722 1579 3745 res
1601 3712 1634 3746 V
1653 3711 1666 3756 ΙΙ
1691 3714 1733 3746 35
1761 3713 1994 3746 exanimantur
2016 3715 2049 3748 V
