2618 4010
152 162 210 192 DE
238 160 447 194 'ms'rmus
1218 150 1244 197 4

151 257 213 294 οὐκ
237 258 477 306 ἐκδιδομένων
500 257 583 294 οὐδὲ
606 262 646 295 ἐν
669 264 745 296 ταῖς
768 259 914 308 χώραις,
951 260 1040 297 ἀλλὰ
1065 265 1142 298 τῶν
1165 278 1226 300 πε-

151 309 368 353 πραγμένων
405 303 606 359 διδομένων
643 304 761 341 αὐτοῖς
791 311 864 342 τοῖς
895 311 1168 356 παραγαγοῦσιν
1204 308 1226 354 ἢ

151 354 210 384 καὶ
232 354 304 386 τοῖς
328 349 450 385 αὐτῶν
475 350 669 386 αντιδίκοις
694 354 753 387 ἐπὶ
770 351 934 399 πράξεως
953 351 1226 399 ὑπομνημάτων

150 399 277 440 σημεῖα
301 393 514 441 δεχομένων,
537 401 597 430 καὶ
620 395 734 432 οὕτως
758 400 922 433 ἐνταῦθα
943 397 965 443 ἢ
986 402 1025 434 ἐν
1042 402 1225 446 ἐπαρχίαις

150 444 392 485 πεμπομένων
421 440 520 488 παρὰ
545 444 622 476 τῶν
647 441 840 486 δικαστῶν,
870 443 919 488 μή
944 458 1032 479 ποτε
1063 443 1111 479 ιὸς
1134 446 1225 480 εἰκὸς

150 484 296 529 δεηθείη
321 489 379 520 καὶ
403 487 537 532 ἑτέρων
559 487 755 534 μαρτύρων
785 487 806 532 ἡ
838 491 900 523 τοῦ
927 490 1136 536 πράγματος
1160 490 1223 537 φύ-

149 542 202 565 σις
224 534 283 564 καὶ
307 528 565 576 ἀποκλεισθείη
591 532 651 567 διὰ
675 534 743 578 τὴν
768 532 909 569 ἔκδοσιν
932 531 953 578 ἡ
984 537 1063 570 τῶν
1088 533 1223 582 μαρτύ-

149 578 169 612 1
216 588 291 621 ρων
315 575 509 621 προςθὴκη.
580 578 722 613 τούτων
746 577 926 614 ἁπάντων
955 581 1014 614 ἐπὶ
1044 582 1121 615 τῶν
1143 595 1223 628 χρη-

147 622 311 664 ματικῶν
335 620 521 665 ζητήσεων
545 627 767 679 νοουμένων·
804 627 863 659 ἐπὶ
886 624 955 671 γὰρ
978 625 1222 680 ἐγκλημάτων,

1247 149 1298 197 51

2026 156 2130 221 Nov.
2150 158 2227 203 XC
2258 160 2366 206 5--7

1295 265 1332 300 in
1355 263 1563 309 provinciis,
1596 264 1659 300 sed
1689 265 1798 309 gestis
1823 266 1914 302 datis
1947 266 1996 303 eis
2027 277 2050 303 a
2078 268 2205 312 quibus
2229 269 2363 315 produ-

1296 312 1426 345 cuntur
1457 314 1519 345 aut
1542 320 1665 346 eorum
1689 309 1901 347 adversariis
1932 313 1997 348 sub
2025 314 2133 358 gestis
2157 326 2363 352 monumen-

1294 359 1411 390 torum
1442 355 1543 400 signa
1570 355 1860 400 percipientibus,
1893 359 1928 392 et
1951 358 2002 392 ita
2029 360 2098 394 huc
2136 362 2201 395 aut
2223 360 2259 395 in
2282 369 2364 404 pro-

1294 401 1418 435 vinciis
1455 401 1672 436 destinandis
1708 410 1731 435 a
1761 401 1953 445 iudicibus,
1990 413 2035 439 ne
2071 405 2213 448 quando
2243 405 2366 440 forsan

1261 450 1329 481 5et
1352 446 1431 481 aliis
1457 448 1558 489 egeat
1589 446 1740 481 testibus
1770 455 1900 481 causae
1931 451 2060 484 natura
2093 454 2129 485 et
2158 451 2367 486 excludatur

1292 495 1440 537 propter
1464 491 1652 527 editionem
1675 491 1820 527 testium
1843 491 2006 529 adiectio.

1293 583 1314 617 1
1360 581 1460 617 Haec
1485 581 1603 617 omnia
1633 581 1671 616 in
1694 581 1909 626 pecuniariis
1935 583 2204 628 quaestionibus
2227 585 2365 621 intelle·

1290 628 1431 670 gentes3
1468 626 1505 661 in
1530 626 1770 663 criminalibus
1793 627 1903 671 enim,
1935 629 1973 664 in
1997 629 2126 674 quibus
2158 629 2202 664 de
2231 632 2366 674 magnis

148 665 243 719 ἔνθα
267 670 350 721 nep}
379 672 561 721 μεγίστων
588 671 687 703 ἐστὶν
711 683 730 703 ο
755 668 933 712 κίνδυνος,
966 684 1105 724 αναγκη
1131 673 1222 706 πᾶσι
1239 675 1277 706 10
1292 675 1345 707 est
1367 671 1574 716 periculum,
1600 672 1763 707 omnibus
1787 672 1900 708 modis
1925 676 2020 718 apud
2043 674 2179 709 iudices
2198 685 2364 720 praeson-

146 723 294 756 τροποις
327 726 399 747 υπο
431 717 502 747 τοῖς
532 712 715 749 δικασταῖς
738 718 908 761 παριέναι
937 717 1018 749 τοὺς
1040 729 1222 762 μάρτυρας

146 759 205 790 καὶ
229 756 275 790 τὰ
301 755 417 791 αὐτοῖς
441 761 649 804 ἐγνωσμένα
673 758 872 794 διδάσκειν·
902 760 999 794 ἔνθα
1023 764 1082 794 καὶ
1106 759 1220 804 βασά-

146 814 232 855 νων,
246 802 332 836 ἴσως
362 805 464 837 ἔσται
488 805 608 851 καιρὸς
639 809 699 839 καὶ
725 806 786 849 τῆς
810 803 915 848 ἄλλης
938 803 1081 849 ἁπάσης
1105 818 1220 852 παρα-

146 859 334 892 τηρησεως.

1290 716 1357 751 tari
1381 721 1489 752 testes
1521 720 1557 752 et
1580 727 1672 761 quae
1696 721 1779 753 sunt
1813 718 1862 752 eis
1887 719 2027 762 cognita
2051 719 2211 762 edocere,
2244 721 2307 756 ubi
2330 724 2367 757 et

1289 765 1545 815 tormentorum
1568 762 1690 798 forsan
1722 763 1788 798 erit
1811 765 1950 809 tempus
1984 766 2020 799 et
2048 764 2138 799 alius
2164 765 2277 801 omnis
2302 766 2365 802 ob-

1289 812 1510 843 servationis.

1131 918 1287 954 CAPUT
1311 918 1372 955 VI.

200 973 245 1005 Et
276 970 315 1005 δὲ
339 971 475 1026 λέγοιτο
507 971 667 1016 δουλικῆς
701 973 793 1008 εἶναι
821 972 926 1017 τύχης
957 972 975 1008 ὁ
1008 973 1276 1019 βουλόμενοςῙῖ)

144 1021 347 1062 μαρτυρεῖν,
385 1032 404 1051 ο
438 1016 478 1052 δὲ
512 1018 696 1064 ἐλεύθερος
731 1020 946 1064 ἰσχυρίζεται
981 1020 1220 1062 καθεστάναι,

145 1064 176 1095 εἰ
197 1065 264 1106 μὲν
289 1064 326 1096 ἐκ
348 1065 491 1108 γενετῆς
515 1063 635 1106 [τυχὸν
659 1062 874 1111 ἐλεύθερος],
907 1064 1131 1110 πληρούσθω
1154 1068 1221 1110 μὲν

145 1105 166 1150 ἡ
190 1112 382 1152 μαρτυρία,
415 1112 492 1143 ταῖς
523 1107 562 1143 δὲ
590 1113 839 1155 παραγραφαῖς
870 1108 889 1143 ὁ
921 1114 1002 1156 περὶ
1032 1112 1094 1154 τῆς
1117 1112 1221 1154 τύχης

145 1152 388 1207 φυλαττέσθω
420 1153 537 1200 λόγος,
573 1151 659 1188 ὥςτε
693 1156 723 1187 εἰ
755 1158 882 1210 φανείη
915 1154 1020 1199 τύχης
1050 1157 1221 1200 οἰκετικῆς

1347 975 1383 1010 Si
1408 986 1489 1011 vero
1516 977 1656 1011 dicatur
1686 976 1821 1012 servilis
1853 986 1931 1012 esse
1961 977 2128 1013 fortunae
2159 978 2218 1023 qui
2241 979 2367 1014 testari

1289 1021 1449 1064 voluerit,
1475 1022 1504 1057 is
1527 1033 1611 1061 ‚vero
1636 1022 1725 1057 liber
1749 1022 1946 1057 affirmetur
1971 1024 2200 1067 constitutus,
2233 1024 2264 1059 si
2288 1025 2365 1069 qui-

1291 1066 1369 1100 dem
1402 1076 1446 1100 ex
1477 1067 1679 1110 nativitate,
1715 1068 1904 1112 impleatur
1940 1068 2080 1113 quidem
2115 1069 2366 1112 testimonium,

1290 1111 1573 1155 disputationum
1605 1123 1687 1148 vero
1719 1113 1762 1147 de
1793 1116 1889 1148 statu
1921 1118 2061 1148 servata
2085 1114 2239 1157 ratione,
2272 1118 2312 1149 ut
2336 1116 2367 1150 si

1288 1156 1496 1201 apparuerit
1526 1157 1693 1193 fortunae
1725 1158 1860 1193 servilis
1892 1169 1986 1202 esse,
2017 1159 2093 1194 eius
2124 1159 2365 1195 testimonium

146 1198 209 1240 (ὂν,
233 1211 301 1241 την
321 1196 429 1232 αὐτου
452 1203 652 1244 μαρτυρίαν
676 1196 759 1254 &vet
782 1199 876 1254 μηὸέ
892 1204 1084 1246 γενομένης
1108 1202 1274 1237 sivan-20
1289 1211 1332 1236 ac
1357 1202 1386 1237 si
1411 1212 1526 1245 neque
1556 1202 1677 1237 datum
1708 1203 1816 1238 fuerit
1847 1204 1895 1238 ita
1929 1204 1984 1239 sit.
2033 1205 2071 1239 Si
2094 1214 2177 1240 vero
2202 1205 2365 1240 libertum

144 1244 175 1276 εἰ
199 1241 238 1276 δὲ
262 1243 556 1289 ἑλευθερωθῆναι
580 1244 712 1290 φήσειε,
737 1247 1013 1292 αναγκαζεσθαι
1036 1245 1219 1281 δεικνύναι

145 1288 322 1334 πρότερον
351 1287 465 1323 αὐτὸν
495 1290 537 1323 τὸ
567 1287 789 1334 συμβόλαιον
821 1293 860 1325 ἐν
884 1292 913 1334 ῴ
939 1293 999 1335 τῆς
1016 1291 1220 1338 ἐλευθερίας

144 1331 344 1376 τετύχηκεν,
377 1331 474 1368 οὕτω
503 1348 542 1369 τε
567 1338 768 1380 μαρτυρεῖν.
817 1337 846 1370 εἰ
869 1340 1033 1383 μέντοιγε
1057 1339 1096 1371 ἐν
1117 1339 1220 1384 ἑτέρα

143 1377 241 1423 χώρᾳ
265 1381 327 1422 τῆς
350 1378 553 1435 ἐλευθερίας
576 1380 699 1427 φήσειε
726 1385 854 1425 τυχεῖν,
887 1380 910 1425 ἢ
930 1379 993 1416 οὐκ
1018 1382 1110 1416 εἶναι
1135 1396 1220 1427 προ-

1289 1258 1327 1282 se
1359 1246 1471 1289 dicat,
1509 1249 1744 1292 compellatur
1773 1248 2017 1283 demonstrare
2048 1249 2200 1294 primum
2230 1250 2363 1285 instru-

1288 1294 1444 1327 mentum
1474 1293 1511 1327 in
1536 1303 1605 1337 quo
1630 1293 1830 1328 libertatem
1855 1294 2031 1338 percepit,
2063 1299 2099 1330 et
2128 1295 2178 1330 sie
2203 1298 2363 1330 testetur.

1290 1338 1352 1372 Sin
1369 1348 1450 1372 vero
1475 1338 1512 1372 in
1529 1338 1600 1372 alia
1620 1339 1801 1383 provincia
1824 1338 2024 1374 libertatem
2045 1339 2140 1374 dicat
2159 1343 2364 1385 perceptam

1289 1386 1352 1418 aut
1383 1394 1454 1418 non
1485 1393 1564 1418 esse
1595 1383 1632 1418 in
1662 1387 1829 1428 promptu
1863 1384 1931 1418 sibi
1962 1385 2206 1428 probationes,
2239 1394 2273 1421 et
2297 1386 2362 1421 hoc

142 1428 274 1479 χείρους
307 1424 406 1477 αὐτῷ
438 1425 502 1459 τὰς
532 1424 744 1468 αποδείξεις,
783 1431 842 1461 καὶ
872 1441 980 1462 τουτο
1013 1428 1128 1471 ῥητῶς
1159 1430 1219 1463 ἐπ-
1235 1431 1275 1463 25
1290 1428 1468 1463 evidenter
1500 1428 1686 1472 iuraverit,
1722 1429 1865 1463 testatio
1897 1429 2037 1474 quidem
2069 1430 2258 1469 scribatur.
2294 1442 2366 1465 non

143 1481 330 1513 ομοσεται,
363 1484 384 1513 η
408 1472 474 1514 μὲν
496 1475 674 1517 μαρτυρία
697 1473 911 1518 γραφέσθω,
940 1473 989 1516 μὴ
1014 1472 1220 1516 δειχθέντος

143 1512 276 1568 δέβτοῦ
307 1516 376 1568 τῆς
397 1514 600 1562 ἐλευθερίας
630 1516 849 1561 συμβολαίου
875 1516 894 1552 ὁ
924 1519 1146 1565 παραγαγών
1177 1516 1219 1553 οὐ

141 1571 311 1603 χρησεται
333 1574 377 1607 τῃ
403 1562 538 1595 ἐκείνου
561 1566 747 1607 μαρτυρίᾳ.

1289 1476 1486 1508 monstrato
1510 1484 1592 1509 vero
1611 1474 1895 1509 manumissionis
1916 1475 2151 1511 instrumento
2171 1475 2203 1511 is
2227 1475 2288 1521 qui
2304 1476 2364 1512 de-

1289 1519 1389 1554 duxit
1413 1529 1493 1554 eum
1516 1530 1590 1555 non
1612 1523 1733 1555 utetur
1758 1519 1832 1555 eius
1856 1519 2069 1556 testimonio.

1118 1653 1274 1690 CAPUT
1296 1654 1376 1690 VII.

196 1706 241 1740 Εἰ
262 1709 386 1750 μέντοι
403 1719 463 1761 ,τις
487 1706 632 1753 φήσειεν
655 1706 802 1751 ἀπεχθῆ
833 1709 900 1743 τὸν
925 1708 1106 1755 παριόντα
1131 1711 1220 1756 πρὸς

1345 1710 1381 1745 Si
1406 1719 1488 1745 vero
1521 1709 1600 1754 quis
1631 1709 1728 1744 dicat
1752 1709 1913 1744 odiosum
1942 1713 2164 1755 praesentem
2196 1713 2240 1748 ad
2264 1714 2363 1750 testi-

139 1755 340 1797 μαρτυρίαν
371 1765 468 1795 αυτῳ
495 1753 725 1788 καθεστάναι
756 1758 815 1787 καὶ
841 1755 949 1797 τυχὸν
980 1760 1039 1789 καὶ
1070 1754 1140 1790 ὑπὸ
1167 1757 1216 1789 αι’-
1232 1758 1274 1790 30
1289 1756 1445 1790 monium
1462 1755 1530 1790 sibi
1547 1756 1790 1796 constitutum,
1813 1757 1848 1790 et
1864 1755 2114 1800 adprobaverit
2130 1759 2249 1793 statim
2271 1761 2365 1804 quod

140 1801 260 1831 τίασιν
285 1795 374 1842 παρ)
395 1795 506 1831 αὐτοῦ
530 1800 720 1845 γενέσθαι,
745 1800 777 1832 εἰ
792 1802 858 1842 μὲν
875 1798 1022 1841 δείξειεν
1038 1798 1148 1835 εὐθὺς
1171 1799 1219 1835 αἷς

141 1842 376 1889 ἐγκληματικὴ
400 1843 535 1887 μεταξὺ
562 1841 685 1878 αὐτῶν
709 1848 860 1879 κινεῖται
885 1843 976 1888 δίκη,
999 1846 1048 1890 μὴ
1074 1850 1217 1891 παρίτω

140 1888 228 1933 πρὸς
257 1892 458 1933 μαρτυρίαν
491 1886 510 1922 ὁ
542 1893 643 1934 μέχρι
674 1889 845 1924 τοσούτου
877 1889 1043 1935 δυςμενὴς
1079 1890 1126 1926 αἱς
1157 1895 1217 1925 καὶ

141 1937 221 1978 περὶ
253 1932 484 1987 ἐγκλημάῖων
516 1932 741 1976 δικάζεσθαι.
790 1937 819 1969 εἰ
844 1934 883 1969 δὲ
911 1935 1025 1970 ἄλλως
1056 1934 1218 1980 ἀπεχθὴς

1288 1801 1481 1836 criminalis
1511 1801 1605 1835 inter
1628 1811 1688 1835 eos
1713 1800 1756 1834 lis
1780 1804 1953 1842 movetur,
1986 1812 2057 1836 non
2081 1803 2175 1838 adsit
2198 1804 2243 1839 ad
2264 1806 2364 1840 tosti-

1287 1846 1442 1881 monium
1475 1845 1535 1890 qui
1559 1856 1671 1890 usque
1695 1845 1784 1880 adeo
1809 1845 1961 1881 infestus
1985 1851 2055 1890 est,
2090 1848 2204 1884 donec
2227 1848 2271 1884 de
2295 1851 2363 1885 cri-

1287 1891 1380 1927 mine
1403 1891 1590 1926 iudicetur.
1639 1891 1676 1926 Si
1699 1900 1782 1925 vero
1814 1891 1918 1925 aliter
1949 1891 2093 1927 odiosus
2126 1903 2203 1928 esse
2235 1894 2364 1930 dicitur

1287 1941 1350 1972 aut
1374 1940 1569 1972 conventus
1594 1936 1814 1981 pecuniane,
1847 1937 2018 1980 procedat
2043 1937 2182 1982 quidem
2207 1941 2362 1982 testatio,

139 1979 231 2012 εἶναι
247 1978 384 2034 λέγοιτο
409 1993 430 2021 η
455 1982 514 2012 καὶ
538 1979 779 2014 αἰτιάσασθαι
802 1983 1043 2034 χρημυατικιῦς,
1076 1983 1215 2028 προΐτω
1229 1986 1270 2017 35
1285 1982 1437 2027 tempori
1480 1992 1562 2017 vero
1606 1981 1887 2027 disputationum
1931 1987 2115 2018 serventur
2162 1984 2365 2022 huiusmodi

140 2026 205 2067 μὲν
229 2037 275 2057 τα
307 2035 367 2066 της
389 2029 602 2070 μαρτυρίας,
634 2027 686 2068 τῷ
721 2024 760 2059 δὲ
790 2040 902 2072 καιρῳ
933 2029 1009 2060 τῶν
1034 2040 1216 2074 παραγρα-

141 2071 222 2114 «prov
247 2069 489 2115 φυλαττέσθω
514 2070 560 2104 τὰ
585 2083 661 2104 των
685 2071 863 2105 τοιούτων
889 2071 1083 2115 ζητήσεων.

1287 2028 1523 2072 quaestiones.

210 2160 370 2192 Summam
395 2159 573 2193 Athanasii
595 2173 621 2193 c.
644 2161 678 2193 V
695 2160 746 2204 §1
774 2169 920 2203 repetunt
939 2163 1100 2205 paratitla
1125 2163 1282 2197 Athama}
1305 2168 1382 2204 §10‚
1419 2175 1445 2196 c.
1468 2162 1519 2195 VI
1540 2158 1599 2194 ΒΣ
1626 2174 1645 2194 n
1667 2174 1702 2204 p.
1718 2163 1785 2195 424
1810 2163 1937 2196 Heimb.

208 2217 234 2239 c.
258 2205 457 2237 VI-—VIII
476 2206 570 2237 habet
595 2205 772 2238 Νοιηοο(17η
796 2207 898 2239 XIV
914 2208 959 2239 tit.
976 2209 1036 2248 9st
1063 2220 1101 2240 ex
1126 2208 1171 2239 B.
1197 2226 1240 2231 —
1264 2220 1290 2240 c.
1315 2208 1366 2240 VI
1386 2209 1516 2250 respicit
1541 2207 1661 2239 Leonis
1686 2207 1812 2239 novella
1837 2209 1973 2241 XLIX.

209 2262 235 2282 c.
260 2250 373 2282 VII-
383 2250 442 2282 [Χ
464 2250 483 2291 (,
500 2275 506 2281 .
522 2275 528 2281 .
545 2275 551 2282 .

578 2246 843 2284 ἀντιτίθεσθαι
867 2250 915 2294 μὴ
942 2250 1139 2295 δυναμένου
1164 2253 1301 2294 453‚10)
1326 2253 1420 2285 habet
1445 2253 1493 2284 Β8
1518 2254 1561 2286 M
1581 2253 1612 2292 6,
1630 2258 1661 2284 31
1682 2264 1717 2294 p.
1736 2252 1799 2284 487
1827 2253 1930 2285 Zach.

143 2337 207 2371 ciis
231 2336 372 2382 quidem
399 2337 603 2372 testimonia
627 2337 800 2380 edantur,
833 2338 897 2373 sed
920 2342 1004 2373 acta
1031 2338 1123 2384 ipsis
1147 2338 1212 2384 qui
1235 2342 1340 2373 testes
1356 2338 1621 2384 produxerunt
1644 2337 1699 2372 vel
1722 2338 1829 2373 etiam
1853 2339 2070 2376 adversariis
2094 2352 2217 2377 eorum
2242 2343 2365 2378 danda

142 2381 205 2416 sub
229 2386 413 2428 qestorum
436 2382 663 2427 confectione
686 2382 800 2428 siqnis
823 2384 1053 2418 instruantur
1077 2388 1185 2428 atque
1209 2384 1261 2418 ita
1281 2383 1351 2418 lzuc
1371 2383 1425 2419 vet
1448 2384 1484 2417 in
1499 2382 1715 2428 provincias
1731 2384 1922 2418 mittantur
1945 2396 1968 2419 a
1991 2385 2179 2428 iudicibus,
2204 2398 2249 2422 ne
2263 2389 2365 2432 forte

142 2429 162 2463 1
208 2431 248 2462 ut
264 2426 310 2471 fit
324 2426 406 2461 aliis
425 2437 569 2472 quoque
590 2428 737 2463 testibus
757 2439 888 2463 causae
906 2433 1039 2463 natura
1063 2439 1082 2463 e
1108 2431 1167 2463 eat
1185 2433 1221 2463 et
1232 2431 1388 2479 propter
1407 2428 1597 2463 editionem
1618 2427 1838 2462 excludatur
1859 2429 1999 2464 testium
2021 2429 2185 2466 adiectio.
2246 2434 2365 2478 Atque

143 2474 230 2507 llaec
255 2472 375 2506 omnia
399 2471 443 2507 de
467 2473 735 2518 quaestionibus
751 2473 978 2519 pecuniariis
997 2473 1070 2509 inte
1088 2473 1275 2518 leqantur:
1297 2484 1334 2507 tn
1358 2473 1565 2508 criminibus
1588 2472 1695 2515 enim,
1716 2471 1780 2507 ubi
1801 2471 1845 2507 de
1868 2474 2039 2509 maximis
2062 2476 2170 2510 rebus
2193 2482 2248 2512 est
2297 2479 2364 2512 eri-

143 2517 279 2558 culum,
317 2527 458 2553 neeesse
487 2522 540 2553 est
572 2517 736 2553 omnibus
765 2518 881 2553 modis
913 2522 1019 2553 testes
1047 2518 1198 2564 prodire
1230 2517 1279 2553 ad
1307 2517 1443 2553 iudices
1470 2528 1633 2564 quaeque
1665 2522 1848 2563 comperta
1880 2517 2013 2555 babent
2042 2519 2192 2556 edocere
2200 2533 2216 2562 ;
2245 2532 2268 2556 u
2294 2523 2306 2556 ι’
2329 2527 2366 2559 et

144 2562 329 2598 tormentis
350 2563 452 2607 forte
473 2562 573 2598 locus
596 2563 666 2598 erit
688 2567 722 2598 et
748 2564 844 2598 omni
866 2563 1029 2609 reliquae
1050 2563 1301 2598 observationi.
1491 2607 1497 2613 ι
1679 2607 1685 2614 ⁸
1922 2607 1929 2614 ·
1987 2609 1994 2615 ⁰

109 2620 111 2622 ·
276 2607 337 2642 VI.
385 2606 426 2642 Si
450 2618 533 2643 vero
558 2607 699 2644 servilis
723 2608 946 2643 condicionis
969 2619 1045 2643 esse
1065 2608 1208 2643 dicatur
1231 2608 1294 2654 qui
1319 2607 1557 2643 testimonium
1573 2606 1767 2653 perbibere
1792 2607 1955 2650 voluerit,
1981 2619 2058 2654 ipse
2077 2613 2195 2647 autem
2217 2622 2257 2647 se
2281 2612 2364 2648 libe·

141 2663 221 2688 rum
251 2663 328 2688 esse
359 2652 531 2698 affirmet,
562 2653 736 2698 siquidem
768 2657 892 2689 natum
924 2654 1137 2700 inqenuum,
1170 2652 1384 2698 conficiatur
1416 2651 1557 2698 quidem
1591 2652 1846 2704 testimonium,
1878 2654 2154 2699 exceptionibus
2177 2661 2297 2691 autem
2320 2657 2365 2692 de

140 2702 237 2733 statu
262 2697 427 2743 quaestio
450 2702 620 2740 servetur,
652 2702 694 2733 ut
721 2698 756 2733 si
776 2698 917 2734 servilis
948 2698 1171 2733 condicionis
1194 2709 1270 2734 esse
1286 2697 1476 2744 probetur,
1510 2697 1749 2748 testimonium
1773 2708 1858 2748 eius·
1878 2709 1948 2743 pro
1973 2699 2073 2734 nullo
2098 2699 2275 2736 habeatur
2282 2715 2297 2742 ;
2329 2703 2364 2737 si

142 2746 260 2778 autem
284 2743 540 2777 manumissum
563 2754 601 2778 se
625 2743 723 2779 dicat
746 2754 832 2785 esse,
856 2744 963 2790 prius
987 2743 1174 2778 ostendere
1198 2747 1352 2788 coqatur
1375 2742 1648 2777 instrumentum
1671 2753 1710 2776 in
1735 2753 1806 2787 quo
1832 2742 2030 2794 libertatem
2060 2749 2275 2781 consecutus
2298 2752 2363 2789 est,

141 2792 180 2823 at
206 2798 250 2823 ue
274 2787 326 2822 ita
344 2788 582 2823 testimonium
607 2788 713 2823 dieat.
762 2788 803 2823 Si
824 2800 907 2824 vero
933 2789 970 2823 in
994 2789 1068 2824 alia
1086 2789 1280 2835 provincia
1303 2798 1341 2822 se
1365 2787 1564 2822 libertatem
1588 2791 1816 2822 consecutum
1840 2797 1916 2822 esse
1932 2788 2043 2831 dicat,
2066 2789 2122 2824 vel
2137 2790 2174 2824 in
2184 2796 2363 2837 promptu

140 2799 208 2868 sibqi
232 2843 303 2867 non
327 2843 403 2868 esse
425 2833 668 2879 probationes,
700 2833 807 2879 idque
831 2834 964 2869 diserte
988 2834 1177 2876 iuraverit,
1203 2832 1440 2868 testimonium
1465 2831 1606 2877 quidem
1624 2831 1888 2878 perscribatur,
1920 2843 1994 2867 non
2018 2838 2219 2870 monstrato
2244 2842 2364 2872 autem

140 2878 431 2913 manumissionis
453 2879 690 2914 instrumento
715 2890 747 2914 is
770 2879 833 2924 qui
856 2890 935 2915 eum
953 2878 1140 2925 produxit
1165 2877 1366 2913 testimonio
1392 2876 1469 2912 eius
1492 2887 1565 2911 non
1589 2881 1733 2927 utetur.-

276 2923 355 2958 Vll.
402 2922 443 2957 Si
467 2924 548 2968 quis
567 2934 651 2959 vero
677 2924 858 2958 inimicum
882 2923 949 2958 sibi
972 2935 1048 2959 esse
1068 2924 1166 2958 dicat
1188 2934 1266 2958 eum
1287 2922 1350 2968 qui
1371 2921 1419 2956 ad
1436 2921 1674 2956 testimonium
1695 2921 1882 2956 dicendum
1898 2922 2038 2968 prodit,
2064 2934 2108 2959 ac
2129 2926 2232 2970 forte
2255 2928 2363 2963 etiam

141 2979 179 3004 se
203 2968 246 3003 ab
271 2979 313 3003 eo
338 2973 545 3003 accusatum
568 2979 656 3010 esse,
687 2969 860 3014 siquidem
884 2969 1005 3004 statim
1024 2969 1238 3015 probaverit
1269 2977 1415 3002 causam
1439 2966 1658 3001 criminalem
1683 2967 1776 3001 inter
1799 2967 1897 3012 ipsos
1921 2968 2072 3012 aqitari,
2106 2980 2180 3004 non

2232 2972 2363 3008 redeat

142 3013 191 3047 ad
216 3013 453 3047 testimonium
479 3013 541 3058 qui
567 3019 754 3060 tantopere
778 3014 834 3049 illi
855 3013 1021 3048 inimicus
1045 3019 1097 3049 est
1121 3019 1162 3048 ut
1184 3025 1262 3049 eum
1287 3012 1393 3047 etiam
1418 3011 1576 3045 criminis
1599 3021 1699 3062 reum
1723 3015 1834 3062 aqat3
1868 3010 1909 3046 St
1925 3023 2009 3062 pero
2031 3013 2106 3063 alio
2124 3025 2181 3049 mo
2209 3027 2230 3050 0
2246 3016 2362 3051 inimi-

143 3068 206 3092 cus
229 3067 305 3092 esse
329 3057 473 3092 dicatur
497 3058 552 3093 vel
574 3059 681 3093 etiam
704 3059 918 3104 pecuniaria
942 3060 1083 3095 actione
1107 3070 1185 3094 eum
1199 3058 1362 3105 petiisse,
1384 3055 1561 3103 procedat
1585 3055 1726 3103 quidem
1753 3060 2003 3099 testemonium,
2026 3068 2065 3092 zn
2083 3063 2221 3106 tempus
2242 3065 2361 3096 autem

141 3103 396 3148 exceptionum
420 3103 595 3138 eiusmodi
617 3104 845 3149 quaestiones
868 3107 1105 3139 reserventur.

190 3194 205 3226 1
228 3189 320 3232 οὐδὲ]
346 3189 413 3234 ἤδη
432 3193 466 3225 Β
486 3192 497 3232 ΙΙ
521 3195 539 3225 2
559 3194 824 3239 προαγαγοῦσιν
841 3195 875 3227 Β
895 3193 906 3237 ΙΙ
931 3196 950 3228 9
974 3195 1220 3237 ἐννοουμένων

145 3239 176 3270 Β
196 3239 208 3280 ΙΙ
232 3235 464 3282 ἐγκλημάτων
478 3238 615 3277 ΜΑιΙι.,
640 3240 759 3272 ΤΙιεοά.
775 3252 828 3282 αρ.
844 3237 917 3279 ΒΣ]
950 3238 1220 3284 ἐγκληματικῶν

142 3283 212 3315 LB
228 3284 349 3316 Theod.
365 3295 383 3318 ς
402 3282 414 3326 ΙΙ
433 3284 472 3316 10
497 3279 630 3329 ἀνάγκη
655 3297 713 3317 om.
728 3296 747 3320 ς
765 3285 776 3326 11
796 3286 834 3318 11
862 3280 933 3317 ὑπὸ
953 3283 1036 3317 τοὺς
1053 3282 1220 3318 δικαστὰς

142 3328 173 3360 L
190 3327 203 3371 ΙΙ
232 3330 271 3362 15
297 3325 335 3360 δὲ
359 3341 416 3360 om.
432 3328 612 3361 Νοηιοελῑ1η
627 3329 638 3372 ΙΙ
662 3331 699 3362 17
726 3327 834 3370 τυχὸν
858 3328 990 3371 (τυχών
1003 3330 1050 3372 Β)
1076 3327 1218 3362 ἐλεύθε-

142 3383 200 3415 ρος
216 3373 301 3414 ΜΒ,
315 3386 372 3406 om.
388 3374 418 3405 L
433 3373 641 3409 Nomocfimg
667 3374 679 3416 1}
703 3376 743 3408 21
771 3372 905 3419 *φήσοι
931 3375 1008 3408 libri
1027 3377 1038 3417 ΙΙ
1062 3370 1219 3420 άναγκα-

143 3417 266 3458 ζέσθω
292 3417 469 3452 Nomoc.d⁷¹²
492 3417 505 3462 ΙΙ
535 3419 577 3452 22
603 3415 701 3451 αὐτῶ
725 3419 885 3453 Nomos-⁷²²
910 3419 921 3462 ΙΙ
951 3420 992 3453 23
1013 3418 1217 3461 τετύχηκεν]

110 3477 112 3481 ’
142 3464 263 3504 ἔτυχεν
287 3464 447 3497 Nomoc.⁷'¹
486 3475 526 3496 τε
554 3466 672 3505 τυχεῖν
702 3465 826 3498 omissis
849 3466 954 3498 verbis
986 3459 1083 3497 οὕτω
1112 3477 1151 3497 τε
1175 3485 1219 3488 -

143 3509 186 3541 24
208 3510 326 3549 τυχεῖν
350 3508 502 3543 Νοπιοο.ά
526 3508 538 3553 Η
571 3510 615 3543 24
638 3505 773 3553 *φήσοι
798 3510 874 3543 libri
899 3512 911 3552 ΙΙ
939 3511 980 3543 25
1006 3505 1123 3543 αὐτοῖς
1146 3510 1177 3543 L
1206 3509 1218 3555 ΙΙ

145 3553 277 3595 26μὲν
301 3567 358 3587 om.
373 3554 534 3588 Nomoc.m
556 3553 566 3598 ξΙ
592 3556 633 3589 29
652 3556 718 3596 μέν
740 3566 777 3587 τι
800 3564 853 3588 τις
877 3554 1036 3588 Νοιιιοε.7η
1063 3554 1075 3599 ΙΙ
1102 3556 1143 3589 30
1160 3557 1219 3588 καὶ

142 3609 200 3630 οηι.
215 3598 263 3630 B⁸
289 3598 301 3641 ΙΙ
324 3596 432 3641 τυχὸν
450 3619 494 3623 -
510 3601 550 3633 31
568 3599 600 3632 εἰ
617 3600 684 3642 μὲν
703 3612 760 3632 om.
776 3611 795 3635 ς
820 3599 831 3642 ΙΙ
857 3601 916 3631 καὶ
941 3613 998 3632 om.
1013 3600 1173 3634 Nomoc.m
1207 3602 1219 3642 Η

142 3642 184 3675 32
201 3641 335 3684 μεταξὺ
355 3646 415 3677 καὶ
434 3640 557 3678 αὐτῶν
568 3645 727 3679 Nomos-⁷²¹
756 3644 767 3688 ΙΙ
795 3646 835 3679 33
851 3646 910 3677 καὶ
933 3658 990 3677 om.
1005 3645 1184 3678 Νοηιοεὲῑ7η
1207 3644 1219 3682 11

142 3688 184 3720 34
201 3689 282 3730 περὶ
301 3686 542 3733 ἐγκλημάτων]
567 3691 607 3723 de
622 3690 762 3723 crimine
781 3701 800 3726 ς
818 3689 830 3734 ΙΙ
847 3692 888 3724 35
912 3689 1052 3733 προΐτω
1071 3691 1151 3733 μὲν]
1177 3685 1217 3723 οὗ

141 3729 323 3775 κωλύομεν
347 3735 379 3768 L

1345 3195 1363 3227 3
1389 3196 1447 3225 aut
1472 3205 1528 3225 om.
1553 3193 1586 3225 V
1603 3191 1616 3237 ΙΙ
1641 3195 1661 3226 4
1685 3193 1856 3225 destinatis
1878 3195 1911 3227 V
1930 3193 1942 3237 ΙΙ
1966 3197 1985 3228 5
2011 3198 2128 3228 nature
2152 3196 2259 3229 R¹V¹
2279 3197 2291 3240 ΙΙ
2308 3208 2361 3229 ex-

1287 3238 1466 3271 cludantur
1488 3237 1535 3270 V¹
1553 3237 1564 3280 ΙΙ
1584 3239 1603 3271 6
1628 3237 1821 3270 electionem
1842 3239 1889 3270 R¹
1907 3238 1919 3281 ΙΙ
1940 3241 1979 3272 12
2004 3239 2106 3272 *aliis
2129 3241 2282 3274 omnibus
2305 3242 2361 3274 ob-

1288 3282 1532 3316 seruationibus
1558 3283 1634 3315 libri
1651 3282 1662 3323 Η
1688 3284 1726 3316 15
1751 3283 1929 3315 fortuune
1956 3284 1988 3316 T
2004 3284 2017 3326 ΙΙ
2047 3286 2087 3318 18
2109 3285 2363 3328 dispositionum

1296 3330 1328 3362 V
1341 3329 1352 3372 ΙΙ
1370 3330 1411 3362 20
1428 3328 1456 3360 si
1473 3329 1560 3368 vero]
1585 3326 1613 3359 si
1633 3337 1712 3359 uero
1732 3328 1760 3359 si
1779 3328 1826 3360 13¹
1843 3327 1855 3372 ΙΙ
1875 3329 1914 3361 21
1939 3329 2139 3370 compellant
2160 3331 2362 3365 demonstra-

1287 3384 1354 3406 rem
1378 3374 1418 3406 V¹
1436 3373 1447 3416 ΙΙ
1466 3374 1508 3405 22
1532 3372 1681 3414 percepit
1701 3372 1837 3415 Vvulq.]
1862 3374 2047 3415 perceperit
2064 3375 2096 3407 T
2115 3377 2279 3417 acceperit
2295 3377 2328 3409 R
2351 3377 2362 3421 Η

1288 3421 1329 3453 23
1354 3419 1405 3450 sin
1430 3418 1517 3458 RV]
1543 3417 1570 3449 si
1594 3417 1717 3460 Tvulq.
1738 3416 1750 3459 ΙΙ
1765 3417 1864 3449 aliam
1884 3418 2088 3460 prouintiam
2108 3421 2141 3452 R
2158 3420 2170 3462 ΙΙ
2189 3421 2232 3453 24
2248 3420 2283 3452 in
2303 3434 2362 3455 om.

1287 3465 1319 3496 R
1333 3464 1343 3506 Η
1355 3464 1522 3505 promptu]
1541 3461 1722 3503 prouintiis
1738 3463 1769 3494 T
1776 3462 1785 3481 ¹
1798 3460 1809 3506 ΙΙ
1822 3463 1862 3495 25
1879 3463 2057 3496 euidentur
2074 3464 2122 3497 V²
2139 3464 2150 3506 ΙΙ
2170 3466 2213 3498 26
2226 3477 2362 3498 mon*-

1286 3511 1388 3540 strato
1408 3508 1455 3540 T¹
1473 3507 1484 3550 ΙΙ
1503 3517 1583 3539 vero
1605 3519 1663 3538 om.
1680 3506 1711 3539 T
1730 3507 1791 3547 (set
1811 3519 1907 3550 super
1928 3518 1995 3539 non
2018 3509 2125 3542 adscr.
2142 3508 2205 3551 T3)
2223 3509 2236 3553 ss
2252 3512 2279 3542 is
2304 3524 2361 3545 om.

1296 3553 1350 3596 Vn
1369 3555 1410 3587 30
1435 3551 1628 3594 probauerit
1654 3551 1686 3584 T
1698 3551 1710 3594 ΙΙ
1729 3552 1769 3585 31
1795 3552 1837 3583 ad
1858 3565 1918 3587 om.
1934 3553 1982 3585 Β*
2001 3552 2013 3596 Η
2031 3555 2073 3586 32
2098 3553 2242 3588 infectus
2264 3556 2364 3599 RV„

1288 3600 1328 3631 33
1345 3598 1474 3630 dicatur
1491 3597 1577 3639 vuly.
1596 3595 1608 3638 ΙΙ
1627 3597 1669 3629 34
1686 3598 1724 3628 ut
1740 3597 1771 3629 R
1789 3596 1801 3639 ΙΙ
1819 3597 1997 3639 pecuniare
2018 3598 2069 3631 V¹
2085 3597 2098 3642 ΙΙ
2115 3599 2269 3641 procedet
2283 3601 2337 3634 Ta
2352 3601 2364 3643 [l

1288 3646 1329 3678 35
1354 3642 1494 3686 tempori
1515 3642 1763 3686 Spanqenbery]
1790 3645 1934 3684 tempore
1960 3643 2038 3676 libri

2029 3790 2094 3824 57*
