2618 4010
177 114 186 124 ⁸
245 131 352 176 Nov.
384 132 460 175 LII
493 134 528 173 1.
559 133 586 172 2
1313 125 1395 175 298
1737 142 1800 175 υτ
1828 141 1917 173 NON
1944 141 2080 173 rum*
2109 139 2462 173 Pmnossanonns

243 243 386 276 εστῶτα
409 237 678 287 στρεβλοῦσθαι
702 243 762 274 καὶ
785 237 1002 287 ὑβρίζεσθαι
1025 243 1087 274 καί
1108 253 1145 274 τι
1168 238 1318 283 πάσχειν
1387 239 1489 285 quasi
1511 238 1695 276 vicalicum
1717 239 1926 277 existentem
1949 240 2050 277 caedi
2080 243 2143 277 aut
2164 239 2332 276 iniuriam
2355 240 2460 277 susti-

242 288 320 321 τιῦν
342 283 383 319 οὗ
407 282 672 338 προςηκόντων,
695 280 832 339 ἣῑὸλοζς
855 283 944 340 ὑσξὲρ
968 286 1088 341 ἑτέρου
1112 282 1195 337 δίχα
1218 288 1317 329 νομί·
1387 294 1471 336 nere
1501 287 1537 319 et
1559 283 1693 329 aliquid
1716 284 1803 338 9⁸3¹.
1822 284 1918 330 quod
1941 286 2084 338 omnino
2105 295 2175 321 non
2199 284 2368 337 qompetit
2396 295 2462 330 pro

241 344 331 408 ‘fiis
345 340 1075 410 ZZ‘EPS.⁶‘0‘3'⁶1021'‘3210⁰‘3'3⁹&5⁰53ss
1085 330 1319 409 .⁶‚⁷.‘.t²⁰;‘‡z‚-‘.'
1387 329 1685 410 fflssi’ffliil'fflss?
1695 328 1874 418 ἒιῗξὲἰιῗιζ
1882 340 2071 411 mlii?
2085 330 2295 411 3⁰25?ssssss
2303 329 2463 420 Ρὲῗῖἑὲῗ

241 389 463 464 ιἐφεστώτων
474 387 555 454 ’τοῖς
571 388 993 473 ἔθνεσιίιγινωσκόντωῒν
1010 388 1083 461 aiesl
1091 419 1124 452 εἰ
1139 387 1201 462 μὴρ
1210 420 1318 453 τοῦτο
1355 423 1374 455 5
1388 418 1525 454 sidibus
1548 401 1723 470 genitium:
1748 417 1942 469 scientibus
1964 420 2061 474 ιιιιίιιι
2084 419 2116 456 si
2135 386 2298 456 nonphoc
2317 419 2462 464 egerint,

242 462 429 510 πράξοιεν,
451 460 540 498 ἀλλὰ
563 463 655 498 κατὰ
678 463 747 507 τὴν
766 466 944 509 ἐπαρχίαν
963 475 1001 507 ης
1016 462 1185 509 ἄρχουσιν
1206 465 1320 506 ενεχυ-
1388 462 1453 499 sed
1475 462 1513 498 in
1536 473 1720 507 provmcxa
1752 472 1811 498 cul
1858 467 2003 500 raesunt
2025 464 2289 510 pignorationes
2312 474 2462 509 praesu-

242 511 372 555 ρασμοὶ
391 506 620 553 τολμηθεῖεν,
644 504 750 543 οὐδὲν
772 510 876 544 ἔσται
895 509 1060 543 τοιοῦτον
1083 505 1172 555 ὅπερ
1193 505 1319 543 αὐτοὺς
1387 509 1542 551 mantur,
1576 507 1664 543 nihil
1695 507 1762 543 erit
1794 510 1832 542 ta
1846 516 1866 543 e
1897 507 1994 553 quod
2028 519 2088 546 eos
2119 519 2142 546 a
2170 509 2301 546 nostris
2335 509 2464 554 eripiat

242 555 322 589 τῶν
345 550 526 600 ἦμετέρων
556 551 750 601 ἐξαρπᾶσει
773 555 915 599 χειρῶν.
1389 551 1565 588 manibus.

1244 665 1401 701 CAPUT
1426 665 1471 701 11.

300 728 451 767 Κάκεῒνο
481 734 606 778 μέντοι
641 732 850 777 συνείδομεν
884 729 981 775 τῷδε
1016 743 1045 766 π
1068 731 1230 766 οςθεῖναι
1263 733 1319 776 τῷ
1440 731 1533 768 Illud
1565 741 1705 777 quoque
1736 730 1982 783 perspeximus
2014 731 2097 768 huic
2129 733 2268 771 adicere
2299 733 2388 779 legi,
2425 737 2467 769 ut

241 776 355 822 νόμῳ,
380 773 468 812 ὥςτε
491 774 661 824 καθάπερ
686 777 726 812 αἱ
747 789 800 812 πα
824 776 847 810 ὰ
877 777 937 820 τῆς
959 780 1048 821 βασι
1090 780 1144 811 tas
1176 777 1223 811 εἰς
1247 777 1318 812 ἑτέ·
1337 780 1375 813 ιο
1389 778 1481 813 sicut
1504 777 1550 812 ab
1570 777 1719 822 imperio
1737 787 1775 811 111
1791 776 1879 812 ahos
1900 776 2019 813 factae
2038 777 2245 815 donationes
2271 789 2344 815 non
2361 782 2466 823 egent

242 833 323 866 ρους
351 820 538 870 γινόμεναι
561 820 615 856 δω
639 825 695 856 ml
726 819 767 856 οὐ
815 824 936 856 εὀνται
967 819 1130 868 πράξεως
1161 818 1282 867 ὑπομν
1306 842 1318 850 -
1388 822 1495 867 gestis
1519 825 1846 865 monumentorum,
1875 821 1938 857 sed
1962 831 2007 857 ex
2037 821 2105 858 hoc
2136 823 2215 868 ipso
2238 823 2374 860 habent
2396 823 2463 859 vir-

239 866 379 912 μάτων,
411 864 491 902 ἀλλ’
527 864 614 901 αὐτό
649 880 689 901 εν
718 868 836 909 ἔχουσι
865 864 933 909 τὴν
962 865 1075 909 ἰσχύν,
1105 863 1201 901 οὕτω
1229 881 1278 911 μη
1303 870 1320 902 ὲ
1389 871 1512 911 tutem,
1544 867 1596 902 ita
1619 876 1733 911 neque
1756 876 1779 901 a
1802 866 1950 911 privatis
1976 867 2013 902 in
2036 867 2309 919 imperatoribus
2334 869 2464 910 factae,

240 911 304 948 τὰς
327 911 426 960 παρὰ
449 913 528 947 τῶν
550 909 713 946 ἰδιωτῶν
743 912 792 946 εἰς
813 911 882 955 τὴν
903 910 1095 956 βασιλείαν
1119 915 1319 966 γινομένας,
1389 913 1420 948 si
1442 911 1687 947 tantummodo
1712 921 1778 956 pro
1803 911 1951 946 veritate
1974 911 2063 946 fiant
2085 922 2123 947 ln
2145 912 2289 957 publico
2313 923 2335 948 a
2353 914 2464 949 tabel-

240 958 272 992 εἰ
329 955 408 992 ’νον
430 959 508 991 ταῖς
530 953 719 1000 ἀληθείαις
741 958 905 1003 γένοιντο
929 958 969 991 ἐν
985 953 1098 1003 ἀγορᾷ
1118 969 1218 1003 παρα
1233 969 1319 1002 συμ·
1388 958 1542 993 lionibus
1579 957 1776 1001 completae
1817 959 1852 991 et
1887 956 2026 992 subscri
2053 956 2186 992 tionem
2224 957 2396 994 habentes
2430 962 2466 992 et

239 970 520 1050 βολῗιογράφων
543 1000 839 1036 συντελεσθεῖσαι
870 997 1084 1048 ὖπογραφὴν
1113 1015 1154 1036 τε
1176 1004 1320 1045 ἔχουσαι
1337 1006 1374 1038 ¹5
1389 1003 1464 1038 eius
1497 1002 1557 1055 qui
1587 1001 1674 1036 fecit
1705 1005 1742 1036 et
1771 1000 1915 1036 testium
1947 1003 1984 1036 et
2049 1001 2120 1037 iam
2148 1001 2378 1037 donationum
2401 1003 2465 1038 ob-

239 1048 304 1082 τοῦ
326 1061 366 1082 τε
390 1045 626 1088 πεποιηκότος
648 1048 708 1080 καὶ
728 1043 926 1093 μαρτύρων
948 1049 1008 1080 καὶ
1031 1047 1100 1090 τὴν
1118 1045 1231 1090 ἄλλην
1253 1047 1320 1090 τὴν
1389 1052 1636 1088 servationem,
1661 1056 1733 1082 non
1755 1046 1907 1090 egebunt
1926 1046 2036 1090 gestis
2057 1053 2378 1089 monumentorum,
2403 1058 2465 1082 cu-

240 1094 300 1126 επὶ
328 1093 407 1126 τῶν
430 1089 580 1138 δωρεῶν
603 1090 866 1139 παρατήρησιν,
896 1090 946 1136 μὴ
977 1089 1126 1126 δεῖσθαι
1157 1090 1320 1138 πράξεως
1388 1093 1525 1129 iuscum
1551 1102 1596 1127 ue
1637 1091 1823 1127 uantitatis
1843 1090 1923 1126 sint.
1965 1090 2045 1127 Non
2065 1091 2158 1126 enim
2176 1095 2232 1127 est
2248 1102 2467 1136 consequens

238 1134 510 1181 ὑπομνημάτων
539 1133 598 1181 ἐφ’
632 1133 834 1183 ὁσῃδήποτε
867 1134 1052 1180 ποσότητι.
1100 1133 1141 1171 οὗ
1170 1138 1238 1184 γὰρ
1273 1134 1320 1171 ἂν
1388 1141 1429 1172 ut
1451 1147 1517 1173 nec
1566 1137 1596 1172 is
1636 1139 1764 1171 ruatur
1794 1136 1981 1180 imperium
2004 1146 2026 1170 a
2049 1136 2195 1181 privatis
2226 1147 2318 1181 quae
2349 1137 2395 1172 ab
2423 1146 2466 1171 eo

238 1182 291 1224 εἴη
322 1183 399 1216 τῶν
429 1178 646 1215 ἀκολούθων
678 1180 721 1215 τὸ
749 1179 841 1225 μηδὲ
870 1182 949 1215 τῶν
979 1180 1102 1216 αὐτῶν
1130 1195 1174 1216 τυ
1197 1182 1319 1224 χάνειν
1387 1183 1605 1227 praebentur
1627 1181 1710 1217 illis.
1759 1180 1858 1216 Haec
1882 1183 2003 1216 autem
2028 1181 2264 1226 inaequalitas
2295 1181 2394 1216 facta
2414 1184 2469 1217 est

237 1225 305 1269 τὴν
327 1224 518 1270 βασιλείαν
549 1225 648 1273 παρὰ
678 1226 757 1260 τῶν
788 1224 950 1261 ἰδιωτῶν
973 1219 1027 1260 ὦν
1051 1224 1141 1270 αὐτὴ
1189 1225 1319 1262 ι’δωσιν
1332 1229 1373 1261 20
1388 1237 1431 1263 ex
1455 1227 1614 1263 novitate
1646 1236 1752 1271 quam
1774 1226 1927 1262 Zenonis
1955 1226 2037 1271 piae
2061 1226 2251 1261 memoriae
2269 1225 2468 1262 introduxit

238 1274 392 1307 ἐκείνοις.
440 1271 482 1305 τὸ
507 1268 547 1305 δὲ
569 1270 697 1306 ἄνισον
719 1272 826 1306 τοῦτο
848 1274 995 1318 γέγονεν
1018 1273 1057 1305 ἐκ
1077 1276 1318 1316 καινοτομίας,
1387 1272 1608 1316 constitutio,
1633 1276 1674 1306 ut
1693 1271 1895 1323 imperiales
1920 1271 2129 1307 donationes
2153 1282 2224 1307 non
2243 1275 2372 1316 egeant
2390 1281 2465 1306 mo-

242 1314 283 1351 ““ν
314 1313 336 1359 ἡ
367 1314 535 1360 Ζήνωνος
568 1317 632 1350 τοῦ
663 1317 725 1360 τῆς
754 1314 919 1361 εὐσεβοῦς
949 1315 1080 1360 λήξεως
1107 1315 1317 1371 ὑφηγήσατο
1387 1317 1576 1353 numentis.
1625 1316 1717 1361 Quia
1738 1316 1846 1360 igitur
1868 1315 2112 1360 imperfectius
2145 1326 2255 1352 causa
2278 1316 2377 1360 prius
2401 1326 2465 1360 ap·

237 1330 408 1405 grangis,
430 1361 473 1395 τὸ
492 1361 554 1396 τὰς
573 1359 760 1405 βασιλικὰς
780 1359 914 1409 δωρεὰς
934 1360 983 1405 μὴ
998 1359 1142 1409 χρῄζειν
1157 1374 1317 1406 υπομνη-
1387 1362 1527 1406 paruit,
1563 1364 1755 1407 propterea
1788 1371 1854 1396 nos
1889 1360 2145 1405 perfectionem
2180 1361 2401 1406 imponentes
2434 1361 2463 1395 ci

237 1406 376 1450 μάτων.
419 1403 543 1449 ἐπειδὴ
558 1410 682 1440 τοίνυν
706 1404 843 1441 ἀτελῶς
867 1405 911 1440 τὸ
935 1407 1082 1453 πρᾶγμα
1105 1406 1317 1453 ἔμπροσθεν
1388 1417 1431 1442 ex
1464 1408 1616 1451 utroque
1646 1408 1769 1441 tenere
1799 1405 1869 1440 hoc
1899 1405 2061 1442 volumus
2093 1410 2129 1441 et
2158 1406 2195 1440 in
2223 1406 2279 1441 his
2303 1405 2462 1442 donatio-

238 1449 447 1498 ἐθεωρὴθη,
479 1449 539 1485 διὰ
562 1453 669 1485 τοῦτο
693 1448 790 1496 ἡμεῖς
813 1450 855 1486 τὸ
879 1450 1016 1485 τέλειον
1042 1451 1234 1488 ἐπιθέντες
1258 1449 1316 1485 αὖ·
1332 1454 1372 1487 25
1387 1452 1491 1487 nibus
1523 1461 1614 1496 quae
1645 1451 1691 1486 ab
1714 1450 1987 1495 imperatoribus
2017 1450 2055 1485 in
2081 1450 2228 1495 privatis
2257 1450 2349 1486 fiunt
2377 1455 2414 1487 et
2443 1462 2465 1485 a

237 1498 291 1540 τῷ
315 1496 547 1540 ἑκατέρωθεν
569 1499 716 1543 κρατεῖν
740 1494 828 1531 αὐτὸ
851 1495 1072 1540 βουλόμεθα,
1098 1498 1161 1537 ἐπί
1181 1509 1222 1531 τε
1239 1498 1317 1530 τῶν
1386 1496 1535 1541 privatis
1571 1496 1608 1531 in
1642 1495 1876 1540 imperatore,
1917 1498 1958 1531 ut
1992 1504 2036 1530 ex
2072 1495 2288 1541 aequalitate
2328 1495 2465 1532 iustitia

237 1540 337 1587 παρὰ
358 1539 535 1586 βασιλέως
558 1541 606 1576 εἰς
629 1539 778 1576 ἰδιώτας
795 1544 998 1588 γινομένων
1018 1539 1169 1588 δωρεῶν
1194 1543 1257 1577 ἐπί
1278 1555 1318 1576 τε
1389 1551 1520 1578 causae
1544 1541 1731 1577 adiciatur.

236 1587 316 1621 τῶν
346 1585 446 1633 παρὰ
477 1583 638 1620 ἰδιωτῶν
669 1587 717 1621 εἰς
746 1585 814 1630 τὴν
843 1585 1045 1630 βασιλείαν,
1081 1583 1170 1621 ὦςτε
1193 1585 1260 1630 τὴν
1279 1587 1318 1627 ἐξ

237 1630 401 1675 ἰσότητος
423 1628 658 1674 δικαιοσύνην
680 1632 734 1675 τῷ
759 1630 944 1679 πράγματι
971 1632 1227 1677 προςτεθῆναι.

285 1674 563 1723 <Ἐπίλογος.>
606 1673 792 1710 Ὴτοίνυν
814 1675 860 1719 σὴ
881 1674 1038 1723 ὑττεροχὴ
1068 1676 1114 1710 τὰ
1134 1675 1193 1711 διὰ
1217 1675 1318 1720 τῆςδε
1330 1679 1373 1712 30
1441 1676 1715 1723 <Epilogus.>
1773 1676 1854 1712 Tua
1887 1676 1996 1721 igitur
2030 1676 2241 1712 excellentia
2275 1686 2366 1728 quae
2400 1687 2465 1721 per

235 1723 299 1766 τῆς
316 1721 420 1756 θείας
435 1718 539 1765 ἡμῶν
560 1719 755 1762 διατάξεως
774 1721 1092 1766 νενομοθετημένα
1111 1719 1172 1756 διὰ
1192 1735 1315 1768 κηρυγ-
1386 1722 1481 1758 hanc
1503 1723 1657 1758 divinam
1686 1725 1844 1757 nostram
1878 1721 2168 1756 constitutionem
2198 1725 2337 1757 sanata
2366 1724 2463 1764 sunt,

235 1766 364 1811 μάτων
383 1766 527 1800 οἰκείων
544 1765 638 1801 κατὰ
655 1765 698 1800 τὸ
715 1765 872 1810 σύνηθες
896 1768 1044 1810 ποιῆσαι
1067 1766 1205 1813 φανερὰ
1227 1768 1316 1802 πᾶσι
1411 1768 1587 1813 raeceptis
1610 1766 1769 1813 propriis
1793 1766 2011 1802 sollemniter
2034 1766 2225 1802 manifesta
2247 1766 2369 1802 facere
2389 1771 2462 1802 Stu-

235 1809 442 1847 σπευσάτω.
1410 1816 1468 1848 eat
1492 1813 1677 1849 universis.

281 1857 366 1893 Dat.
378 1866 439 1892 xv.
458 1856 495 1892 k.
516 1856 614 1902 Sept.
627 1855 733 1902 (GP.)
750 1856 833 1909 imp.
857 1856 915 1891 dn.
936 1856 1126 1892 Iustiniani
1146 1867 1205 1902 pp.
1220 1856 1312 1901 Aug.
1427 1857 1513 1894 Dat.
1529 1858 1602 1893 kal.
1630 1857 1727 1904 Sept.
1755 1856 2066 1902 Constantinopoli
2089 1856 2173 1900 imp.
2195 1856 2381 1893 Iustiniani
2403 1868 2461 1902 pp.

234 1911 329 1939 anno
342 1901 419 1947 XL,
437 1903 522 1948 post
533 1911 632 1938 cons.
646 1900 814 1937 Belisarir
829 1912 860 1937 v.
873 1912 903 1937 c.
920 1901 1107 1947 (annon.)
1176 1904 1220 1943 [α.
1232 1904 1311 1944 537]
1326 1904 1368 1938 35
1382 1902 1473 1947 Aug.
1492 1913 1585 1938 anno
1603 1902 1665 1938 XI.
1687 1914 1722 1948 p.
1745 1912 1775 1937 c.
1794 1902 1957 1938 Belisarii
1974 1904 2022 1947 (v.
2037 1912 2067 1937 c.
2089 1911 2184 1937 anno
2197 1901 2258 1946 11>.

218 2004 220 2007 ·
281 1993 414 2083 eanggl
428 2000 476 2081 ἵει
494 2006 538 2073 iln9
540 1993 586 2072 ⁴¹RB
585 1995 662 2071 13⁷³
682 2000 772 2079 {3⁷⁵⁸
820 1992 983 2027 Summam
1007 1992 1128 2027 Athan-
1150 1994 1265 2036 repetit
1287 1994 1320 2026 in
1341 1994 1512 2037 paratinis
1537 1994 1584 2027 tit.
1605 1995 1645 2027 14
1668 1997 1716 2032 §4
1741 2001 1770 2027 et
1794 2000 1886 2027 tract.
1912 1995 1995 2039 περὶ
2019 1989 2205 2038 διαφόρων
2226 1990 2463 2039 ἀναγνωσμά-

234 2051 314 2074 των
442 2051 480 2082 p.
623 2050 682 2072 eim
705 2063 712 2070 .

233 2130 385 2166 vicanus
413 2127 513 2163 illius
541 2127 591 2163 sit
619 2127 784 2173 torqueri
813 2131 849 2162 et
878 2126 1014 2162 iniuria
1046 2126 1152 2172 affici
1182 2131 1292 2173 atque
1315 2128 1508 2173 quicquam
1538 2128 1638 2174 quod
1659 2139 1734 2163 non
1757 2127 1858 2164 decet
1878 2129 1975 2179 pati,
2008 2127 2065 2164 vel
2088 2128 2232 2163 omnino
2248 2139 2324 2174 pro
2345 2129 2462 2165 altero

234 2174 369 2220 absque
393 2172 553 2219 leqitima
576 2182 688 2207 causa
711 2171 823 2206 ullam
845 2170 967 2207 subire
989 2171 1275 2215 contumeliam.-
1299 2182 1421 2207 verum
1444 2172 1552 2208 etiam
1576 2173 1745 2219 corporis
1767 2173 1957 2219 suppliciis
1981 2174 2089 2218 affici
2101 2183 2179 2208 eum
2191 2171 2261 2219 pe⁴r
2273 2175 2461 2219 praesides

225 2218 514 2268 provinciarum,
534 2216 742 2263 quisdam,
765 2216 799 2251 si
818 2215 887 2251 hoc
906 2227 980 2252 non
999 2220 1126 2262 aqant,
1150 2215 1215 2251 sed
1232 2216 1266 2250 si
1285 2217 1323 2251 in
1337 2217 1531 2264 provincia
1552 2217 1611 2253 cui
1624 2222 1807 2263 praesunt
1824 2219 2099 2264 piqnerationes
2121 2222 2347 2264 temptentur,
2371 2219 2463 2254 nillil

231 2265 320 2311 fore
342 2263 396 2299 ita
418 2264 668 2309 comparatum
692 2261 791 2307 quod
812 2261 913 2307 ipsos
936 2272 956 2296 e
979 2261 1115 2296 nostris
1138 2261 1304 2296 manibus
1326 2262 1470 2309 eripiat.

367 2307 413 2343 H.
461 2306 535 2342 Sed
550 2305 644 2341 illud
656 2317 802 2352 quoque
823 2306 965 2353 placuit
987 2305 1071 2341 kuic
1095 2305 1168 2352 leqi
1187 2305 1329 2342 adicere
1352 2312 1403 2350 ut,
1435 2306 1735 2353 quemadmodum
1759 2307 1974 2344 donationes
1997 2307 2042 2343 ab
2064 2308 2286 2354 imperatore
2309 2309 2346 2344 in
2369 2309 2463 2345 alios

234 2354 390 2393 collatae
419 2352 665 2388 insinuatione
693 2355 859 2387 actorum
889 2362 965 2387 non
997 2350 1179 2398 indiqent,
1211 2351 1276 2387 sed
1305 2351 1404 2388 ultro
1433 2352 1544 2388 robur
1574 2363 1679 2387 suum
1711 2351 1854 2395 habent,
1885 2353 1937 2388 ita
1961 2364 2006 2388 ne
2034 2353 2118 2389 illae
2148 2352 2291 2405 quidem
2323 2364 2417 2399 quae
2439 2367 2462 2390 a

231 2398 388 2447 privatis
410 2399 448 2434 in
470 2397 728 2443 imperatorem
751 2396 1006 2442 conferuntur,
1035 2396 1068 2431 si
1092 2395 1199 2432 modo
1223 2407 1350 2433 revera
1374 2397 1412 2432 in
1434 2398 1524 2443 foro
1544 2398 1640 2442 fiant
1670 2409 1694 2432 a
1718 2397 1968 2433 tabellionibus
1992 2405 2214 2445 compositae
2237 2397 2463 2445 habeantque

232 2443 532 2490 subscriptionem
561 2445 596 2477 et
626 2442 703 2477 eius
731 2442 798 2487 qui
825 2441 1058 2477 donationem
1080 2441 1214 2487 fecerit
1236 2447 1272 2477 et
1296 2443 1437 2478 testium
1466 2453 1509 2478 ac
1533 2443 1710 2488 reliquam
1759 2453 1826 2477 uae
1850 2443 1900 2477 ad
1922 2443 2138 2479 donationes
2158 2443 2318 2489 pertinet
2341 2444 2462 2480 obser-

232 2490 423 2531 vationem,
447 2491 612 2523 actorum
631 2487 874 2522 insinuatione
893 2486 1080 2533 indiqeant
1098 2487 1135 2522 in
1152 2491 1442 2533 quantacumque
1458 2488 1668 2534 quantitate.
1743 2498 1833 2533 eque
1851 2488 1945 2523 enim
1964 2493 2241 2523 consentaneum
2256 2489 2374 2533 fuerit
2389 2500 2463 2525 non

232 2534 357 2571 eadem
379 2533 634 2580 imperatorem
654 2543 678 2567 a
694 2532 856 2578 privatis
875 2533 1057 2577 consequi,
1082 2543 1176 2578 quae
1199 2532 1277 2584 ipse
1296 2532 1370 2568 illis
1391 2533 1563 2568 concedit.
1604 2532 1854 2578 Inaequalitas
1872 2537 1991 2568 autem
2015 2532 2104 2569 haec
2128 2537 2210 2569 orta
2228 2537 2280 2568 est
2300 2544 2350 2569 ea:
2369 2544 2461 2570 novo

230 2583 430 2627 praecepto
460 2577 562 2624 quod
584 2576 739 2613 Zenonis
795 2577 853 2612 iae
882 2576 1075 2612 memoriae
1104 2577 1315 2613 constitutio
1341 2577 1564 2619 introduxit,
1600 2588 1645 2612 ne
1665 2577 1869 2623 imperiales
1889 2577 2104 2613 donationes
2132 2577 2321 2624 indiqeant
2339 2589 2462 2614 monu-

233 2624 369 2661 mentis.
415 2622 594 2667 Quoniam
617 2622 732 2668 iqitur
755 2587 844 2658 Illaec
867 2633 927 2658 res
950 2625 1057 2657 antea
1080 2621 1293 2668 imperfecte
1316 2623 1546 2658 considerata
1569 2627 1633 2664 est,
1658 2626 1861 2673 propterea
1883 2633 1951 2657 nos
1968 2623 2201 2668 perfectione
2236 2623 2270 2657 ei
2292 2623 2462 2669 imposita

232 2669 412 2715 utrimque
439 2667 480 2704 id
509 2666 629 2704 valere
658 2667 822 2703 volumus
852 2671 925 2703 tam
953 2667 993 2702 in
1016 2666 1273 2703 donationibus
1303 2667 1348 2703 ab
1373 2668 1593 2714 imperatore
1623 2667 1661 2701 in
1678 2670 1847 2713 privatos
1878 2678 1986 2712 quam
2009 2679 2033 2702 a
2054 2667 2212 2714 privatis
2242 2667 2279 2701 in
2307 2667 2461 2713 impera-

234 2720 347 2751 torem
371 2712 526 2755 collatis,
549 2716 591 2748 ut
613 2722 663 2748 ex
686 2711 908 2758 aequalitate
931 2712 1070 2747 iustitia
1093 2712 1148 2748 rei
1171 2711 1328 2748 accedat.

370 2757 476 2806 Epil
484 2768 506 2793 o
514 2768 607 2804 qus.
665 2756 743 2792 Tua
765 2757 879 2804 iqitur
900 2756 1103 2792 sublimitas
1125 2768 1220 2803 quae
1239 2769 1310 2804 per
1333 2757 1428 2794 hanc
1451 2768 1594 2793 sacram
1618 2760 1782 2792 nostram
1806 2757 2098 2793 constitutionem
2122 2756 2264 2793 sancita
2287 2761 2373 2793 sunt
2389 2768 2462 2804 per

232 2804 349 2841 edicta
366 2813 530 2851 propria
552 2812 651 2838 more
672 2802 780 2838 solito
805 2801 970 2838 omnibus
992 2803 1190 2847 manifesta
1210 2803 1339 2848 facere
1361 2803 1515 2840 studeat.
2261 2819 2263 2821 ·

201 2930 210 2940 ,
277 2897 297 2930 2
321 2891 344 2938 ἢ
367 2889 469 2935 ὅλως]
493 2891 516 2937 ἢ
539 2906 599 2928 om.
613 2893 663 2938 ςΙ
686 2890 779 2935 δίχα]
806 2895 838 2925 et
862 2892 982 2935 absque
1007 2905 1026 2930 ς
1043 2892 1057 2938 ΙΙ
1079 2895 1101 2927 4
1125 2889 1215 2927 ἀλλὰ
1238 2897 1311 2935 καὶ]
1428 2895 1447 2928 3
1472 2894 1638 2936 praeferre
1660 2894 1694 2927 V
1710 2893 1835 2926 inferre
1858 2892 1892 2926 R
1921 2891 1934 2936 n
1960 2894 1982 2926 4
2006 2868 2198 2936 esitvuqu
2223 2904 2281 2925 om.
2304 2893 2374 2926 ΒΤ
2404 2893 2461 2926 sed

231 2943 265 2974 et
288 2952 308 2977 ς
336 2939 349 2983 ΙΙ
376 2941 397 2974 6
418 2939 650 2983 ἐνεχυρασμοὶ
675 2939 733 2980 Μ]
771 2939 1017 2984 ένεχυριασμοὶ
1040 2938 1109 2972 LB
1139 2938 1153 2981 ss
1190 2941 1228 2972 10
1253 2939 1313 2981 τῆς
1382 2941 1415 2972 et
1426 2938 1522 2973 Beck
1538 2938 1551 2982 ΙΙ
1576 2939 1610 2971 in
1630 2949 1766 2982 corpore
1781 2940 1812 2979 a]
1837 2938 1873 2970 in
1889 2947 2026 2980 corpora
2048 2935 2099 2970 V⁶
2122 2936 2135 2980 ΙΙ
2159 2939 2178 2971 5
2194 2937 2275 2979 quia
2296 2937 2337 2978 si]
2363 2938 2460 2979 quasi

231 2983 253 3019 ἁ
279 2988 333 3018 iac
354 2981 538 3028 βασιλείας
562 2984 613 3017 L⁶
643 2987 656 3028 ΙΙ
685 2985 725 3018 13
748 2985 943 3029 γενομένας
968 2984 1020 3017 ΒΡ
1045 2983 1057 3026 ΙΙ
1088 2985 1134 3035 1⁴3
1152 2986 1312 3035 γίνοιντο
1379 2984 1428 3016 R·
1448 2982 1461 3027 fl
1484 2985 1504 3018 6
1528 2984 1699 3035 prpuintie
1721 2983 1777 3027 Vn
1802 2983 1857 3035 cui
1881 2995 1938 3035 om.
1953 2982 2003 3015 R¹
2021 2981 2034 3024 ΙΙ
2060 2982 2100 3015 12
2125 2982 2160 3014 in
2185 2981 2307 3033 ona-R.¹
2326 2981 2407 3033 [13
2431 2983 2460 3015 εἰ

284 3030 298 3075 ΙΙ
317 3032 357 3064 15
370 3028 605 3063 συντεθεῖσαι
617 3029 653 3062 Β
670 3027 684 3073 ΙΙ
703 3031 742 3063 16
755 3040 794 3062 τε
815 3041 874 3062 om.
888 3028 974 3062 LBr
989 3028 1002 3073 ΙΙ
1029 3029 1069 3062 19
1082 3040 1159 3061 των
1176 3028 1310 3069 αὐτων]
1380 3029 1487 3070 Beck]
1510 3039 1575 3061 n1s1
1598 3030 1675 3063 libri
1688 3028 1700 3073 ΙΙ
1719 3026 1954 3061 tebelhombus
1966 3026 2023 3079 ‚1⁷¹
2041 3026 2054 3069 ΙΙ
2073 3028 2114 3060 14
2126 3026 2363 3078 subscriptlom
2376 3027 2426 3060 Β·
2449 3027 2453 3071 Ι

230 3073 297 3109 τὸν
314 3071 425 3109 αὐτὸν
443 3075 490 3108 L¹
515 3074 568 3106 his
587 3086 605 3110 ς
629 3072 642 3118 ΙΙ
665 3075 706 3108 22
723 3073 784 3116 τῆς
803 3086 861 3107 om.
878 3074 931 3106 ΒΡ
949 3074 962 3118 ΙΙ
986 3075 1028 3108 23
1049 3070 1222 3114 διάταξις]
1249 3086 1310 3106 non
1384 3075 1422 3108 15
1448 3074 1518 3125 qui]
1545 3085 1642 3126 quem
1666 3073 1714 3107 R¹
1733 3073 1745 3117 ΙΙ
1769 3072 1834 3106 ali·
1858 3072 1908 3105 R²
1931 3071 1997 3131 alla
2020 3071 2070 3104 R²
2087 3070 2101 3115 ΙΙ
2124 3071 2355 3105 obseruatione
2379 3071 2429 3104 R²
2448 3073 2453 3115 Ι

230 3121 464 3220 arem
478 3119 677 3220 trenes
692 3118 1311 3230 ementitae<,ez-21}
1380 3117 1993 3216 }3.;;;0225.12tz41‚.2.0.3:232:¹25
2013 3117 2244 3239 se&
2259 3115 2460 3205 ¹!‚NJ

229 3205 699 3300 segettensis..
717 3206 1310 3296 {sef’ss‘fflsffffllszzsz
1379 3207 2149 3304 generet!fim551232z3flss.f„{q²¹.2¹¹1s,1
2178 3206 2456 3286 'lrabeat

232 3302 320 3340 Aila,
344 3300 433 3343 quod
474 3301 569 3333 robat
585 3299 782 3340 Zachariae,
817 3301 903 3342 μηνὶ
926 3301 1157 3343 σεπτεμβρίῳ
1179 3299 1309 3339 Theoti„
1378 3298 1445 3331 kal.
1469 3302 1550 3342 sept.
1576 3297 1859 3341 constantinopoh
1884 3307 1981 3339 impr.
2006 3301 2082 3330 lust.
2107 3307 2162 3340 pp.
2186 3306 2263 3338 aug.
2289 3305 2377 3328 anno
2401 3294 2453 3326 XI

232 3357 289 3378 om.
303 3345 366 3379 Iul.
391 3344 404 3388 Ι
459 3343 722 3386 onstantinopoli
743 3346 773 3385 ς]
797 3357 856 3378 om.
870 3345 916 3378 M
921 3345 990 3378 rell.
1019 3343 1031 3387 ΙΙ
1054 3345 1133 3386 imp.
1159 3343 1213 3376 dn.
1239 3343 1307 3382 (dn.
1377 3354 1428 3386 pc.
1453 3354 1543 3378 cons.
1567 3344 1722 3378 bilisiarii
1751 3343 1790 3386 V,
1814 3356 1872 3376 om.
1892 3343 1961 3376 rell.
1992 3342 2005 3385 Ι
2036 3343 2078 3377 35
2103 3352 2133 3373 v.
2155 3351 2182 3374 o.
2201 3351 2290 3373 anno
2312 3339 2350 3372 11
2373 3340 2451 3372 add.

233 3401 289 3421 om.
312 3391 343 3430 ς)
367 3389 544 3423 iustiniani
575 3399 629 3432 pp.
655 3398 730 3430 aug.
755 3399 832 3421 ann.
850 3389 902 3422 XI
928 3389 988 3425 M:
1022 3386 1207 3432 βασιλείας
1227 3383 1309 3421 Ἰου-
1378 3390 1465 3433 vulq.

232 3433 418 3484 στινιανοῦ
436 3431 478 3467 τὸ
494 3432 541 3467 ια’
557 3431 601 3476 (α’
613 3435 698 3475 cod.)
712 3434 799 3485 ΔΜ.)
813 3446 873 3485 orn..
887 3434 949 3467 lut.
966 3434 1086 3467 Theod.
1105 3433 1117 3477 ΙΙ
1143 3435 1185 3468 35
1202 3435 1308 3484 postis.

230 3475 914 3567 ῗὲῖἱιἻῖιῖιῗὲιῖΖἚὶ.ἕῖίιῖἳῐοέἶῗιῇῗέᾏέ
930 3478 1219 3558 ἦ“”ἑιὲ«ἶ’ἓνέ,ῗῖἕὶ;
1228 3477 1307 3511 ω’
