2618 4010
154 176 203 207 IN
234 175 405 208 GURIAM
433 174 718 207 DEPU'I'ANDIS

156 275 268 318 λείας,
305 273 407 310 οὗτος
437 276 498 319 τῆς
522 275 649 308 ἑαυτοῦ
680 278 884 320 περιουσίας
916 273 978 309 τὰς
1003 278 1094 323 τρεῖς
1117 279 1241 321 μοίρας

156 320 461 366 καταλιμπανέτω
493 322 538 368 τῇ
561 318 672 368 βουλῇ
704 323 762 353 καὶ
788 319 854 362 τὴν
878 319 1055 366 τετάρτην
1079 320 1128 355 οἷς
1157 319 1238 364 βού-

157 366 268 401 λεται.
315 369 418 400 ἔσται
442 365 511 412 γὰρ
536 364 636 408 αὐτῷ
660 363 744 399 ἀντὶ
772 364 902 399 παιδὸς
926 366 1011 400 ἴσως
1035 365 1112 400 ἑνὸς
1135 363 1156 408 ἢ
1180 369 1240 399 καὶ

157 412 338 447 πλειόνων
363 410 385 455 ἡ
409 413 508 446 πᾶσα
532 409 658 454 βουλή,
690 409 827 445 ταύτὸν
852 409 873 444 δ
881 409 887 420 '
915 414 1017 445 ἔστιν
1041 412 1156 446 εἰπεῖν
1180 413 1240 444 καὶ

155 456 198 491 τὸ
223 458 284 500 τῆς
308 455 445 492 πόλεως
469 455 649 500 πλήρωμα
681 458 721 489 ἐν
745 454 891 490 παίδων
914 456 1013 496 τάξει
1037 454 1239 498 καθεστώς,

157 506 216 536 καὶ
249 499 403 547 εὐφημία
437 499 598 544 διηνεκὴς
629 505 688 535 καὶ
712 500 898 535 ἀθάνατος
927 501 1049 545 μνήμη
1074 505 1133 535 καὶ
1157 515 1239 546 καρ-

157 546 223 582 πὸς
251 548 419 581 τοσοῦτος
451 543 531 580 ὅσος
560 543 623 580 οὐκ
654 543 699 580 ἂν
731 544 830 590 αὐτῷ
862 546 960 591 παρὰ
984 548 1061 580 τῶν
1094 544 1240 581 παίδων

158 594 309 639 ἐγένετο.
365 592 412 625 Εἰ
443 590 486 625 δέ
514 603 568 625 τις
600 596 764 638 γνησίους
794 594 861 635 μὲν
893 587 1025 625 παῖδας
1060 590 1123 626 οὐκ
1155 594 1239 634 ἔχοι,

154 636 265 671 νόθοι
298 635 338 671 δὲ
370 635 471 680 αύτῷ
506 637 751 678 καθεστῶσιν,
789 637 923 676 ἐξέστω
947 637 1049 691 ’μετὰ
1084 638 1147 671 τοῦ
1179 638 1240 678 τῆς

1239 158 1321 206 249

1901 159 2008 203 Nov.
2039 157 2266 201 XXXVIII
2299 161 2333 199 1.
2365 160 2390 199 2

1310 274 1433 315 minas,
1459 272 1527 307 iste
1550 270 1730 316 propriam
1755 271 1995 306 substantiam
2020 271 2141 306 curiae
2157 270 2390 315 derelinquat,

1310 321 1473 363 quartam
1503 328 1586 353 vero
1619 316 1747 361 quibus
1772 316 1931 351 voluerit.
1980 317 2061 351 Erit
2085 326 2238 360 namque
2269 316 2301 351 ei
2325 326 2391 360 pro

1309 364 1380 399 filio
1413 364 1536 398 forsan
1567 373 1637 397 uno
1671 362 1725 396 vel
1755 372 1821 405 pro
1854 362 2015 406 plurimis
2047 366 2124 396 tota
2156 362 2266 403 curia,
2298 361 2391 396 idem

1311 412 1365 444 est
1401 409 1518 443 dicere
1554 412 1589 443 et
1624 407 1734 442 totius
1772 406 1925 442 civitatis
1957 407 2140 452 plenitudo
2172 408 2207 441 in
2237 406 2392 441 filiorum

1277 454 1414 490 5modo
1440 454 1607 494 existens,
1632 456 1668 487 et
1690 451 1788 487 fama
1812 452 1907 486 bona
1931 456 2103 496 perpetua
2126 456 2160 486 et
2183 452 2392 486 immortalis

1309 499 1479 534 memoria
1515 502 1550 533 et
1584 499 1724 533 fructus
1761 500 1883 532 tantus
1921 500 2075 541 quantus
2112 508 2335 542 nequaquam
2371 507 2393 531 a

1309 545 1391 580 filiis
1422 548 1526 579 esset.
1584 543 1717 588 Quodsi
1750 543 1827 587 quis
1852 542 2027 585 legitimos
2060 542 2150 577 filios
2182 553 2252 577 non
2277 543 2392 576 habu-

1310 591 1387 631 erit,
1415 590 1598 625 naturales
1629 591 1749 623 autem
1782 588 1814 622 ei
1845 587 1997 629 fuerint,
2034 587 2141 622 liceat
2173 598 2252 622 cum
2285 598 2393 622 onere

1310 636 1432 670 curiae
1464 635 1619 669 scribere
1651 634 1719 669 sibi
1749 633 1816 668 hos
1848 632 2014 674 heredes,
2053 635 2089 667 et
2120 633 2297 677 scriptura
2327 643 2393 678 pro

155 682 282 726 βουλῆς
313 681 450 736 ἄχθους
481 680 633 736 γράφειν
666 681 766 725 αὐτῷ
802 684 861 715 καὶ
894 694 1038 715 τουτους
1074 680 1239 728 κληρονό-
1259 684 1296 715 10
1311 681 1406 715 omni
1441 681 1583 714 datione
1621 680 1666 714 sit
1708 681 1744 714 et
1779 689 1851 714 non
1887 678 2044 721 indigeat
2081 678 2307 722 antiquarum
2343 679 2393 713 le-

155 738 260 771 μους·
284 730 344 760 καὶ
361 741 382 770 η
401 741 522 774 γραφη
541 741 580 773 γε
597 731 678 761 αντὶ
703 728 818 768 πάσης
838 724 1033 760 ἐπιδόσεως
1052 729 1159 768 ἔστω,
1182 730 1240 759 καὶ

153 771 203 816 μὴ
228 769 370 806 δείσθω
396 774 516 814 (τοῦτο
542 774 619 814 τῷν
644 772 814 806 παλαιῶν
834 769 970 814 νόμων)
996 773 1117 816 ἑτέρας
1138 783 1239 818 προς-

155 817 271 860 θήκης
295 815 387 861 μηδὲ
411 819 472 861 τῆς
492 820 532 850 ἐν
557 816 586 861 ιζ)
609 819 785 864 περιῆσαν
806 815 1009 857 ἐπιδόσεως,
1035 814 1114 850 ἀλλ’
1137 814 1239 850 αὐτό-

154 862 227 896 θεν
249 866 455 918 γραφέντες,
486 864 521 896 εἴ
538 877 578 909 γε
604 861 789 907 ἐλεύθεροι
812 861 1027 904 καθεστᾶσι,
1051 860 1241 906 βουλευταὶ

155 910 215 941 καὶ
239 906 454 953 κληρονομοι
475 908 724 953 γινέσθωσαν,
757 909 814 940 καὶ
840 909 1023 948 ἐχέτωσαν
1053 910 1112 959 καὶ
1139 905 1241 940 αὐτοὶ
1260 909 1296 940 15
1312 906 1362 940 eis
1388 906 1556 940 diviserit.

154 954 197 987 τὸ
221 964 282 994 της
314 957 519 999 περιουσίας
544 951 774 999 ένναούγκιον
805 951 976 997 καθάπερ
1008 950 1053 986 ἂν
1078 965 1096 985 o
1122 952 1240 996 πατὴρ

156 995 276 1031 αὐτοῖς
301 996 478 1046 διανείμῃ.
529 1000 560 1031 εἰ
584 996 624 1032 δὲ
646 1001 705 1031 καὶ
730 996 771 1031 τὸ
797 998 871 1031 πᾶν
899 997 1019 1030 αὐτοῖς
1041 996 1239 1040 βουληθείη

154 1041 377 1085 καταλιπεῖν,
396 1045 450 1077 ἔτι
469 1042 614 1077 κάλλιον
631 1040 710 1089 <ἂν>
730 1039 890 1086 πράξειε”
917 1041 1012 1084 πλὴν
1030 1041 1118 1076 ἀλλὰ
1138 1045 1239 1086 μέχρι

153 1089 218 1121 τοῦ
241 1090 470 1141 ἐνναουγκίου
487 1088 635 1123 πάντως
651 1086 769 1121 αὐτοῖς
790 1086 1106 1130 καταλιμπανέτω,
1130 1088 1238 1134 γινω-

1309 736 1392 768 gum
1432 725 1509 759 aliis
1542 724 1801 759 adiectionibus
1843 733 1959 767 neque
1999 723 2082 757 dum
2115 724 2234 758 adhuc
2268 734 2391 767 super-

1311 773 1430 805 essent
1466 771 1620 813 datione,
1660 770 1723 805 sed
1758 780 1840 804 mox
1876 768 2012 812 scripti,
2051 768 2078 803 si
2117 769 2256 812 quidem
2292 769 2394 803 liberi

1310 816 1454 857 fuerint,
1481 816 1633 850 curiales
1659 819 1695 850 et
1713 814 1860 850 heredes
1884 813 2099 854 efficiantur,
2127 817 2161 847 et
2179 814 2336 848 habeant
2357 817 2394 848 et

1310 861 1379 904 ipsi
1405 862 1628 898 substantiae
1651 870 1775 895 novem
1801 859 1924 894 uncias
1950 858 2145 894 secundum
2171 858 2267 903 quod
2290 861 2394 903 pater

1606 906 1741 949 Quodsi
1772 909 1809 940 et
1839 905 1958 939 omnia
1991 904 2040 939 eis
2073 903 2271 948 relinquere
2295 905 2393 938 volu-

1311 951 1386 993 erit,
1409 951 1527 986 adhuc
1545 951 1671 986 melius
1692 950 1846 985 faceret:
1868 951 2108 985 verumtamen
2133 960 2246 993 usque
2265 949 2310 983 ad
2330 959 2393 983 no-

1309 1006 1386 1030 vem
1412 996 1536 1031 uncias
1560 996 1673 1030 modis
1699 996 1862 1030 omnibus
1888 996 1938 1030 eis
1958 995 2148 1039 relinquat,
2175 1005 2394 1038 cognoscens

1310 1041 1393 1085 quia
1418 1042 1472 1075 vel
1502 1042 1532 1075 si
1562 1042 1742 1086 reliquerit
1774 1042 1906 1084 minus,
1943 1051 1965 1075 a
1990 1041 2064 1084 lege
2091 1039 2141 1074 eis
2165 1040 2308 1075 omnino
2334 1050 2394 1074 us-

1310 1096 1379 1130 que
1404 1086 1450 1120 ad
1474 1097 1599 1121 novem
1624 1086 1748 1121 uncias
1776 1086 1976 1131 supplenda
2001 1085 2069 1120 erit
2093 1085 2312 1128 substantia3
2346 1085 2395 1119 illi

154 1145 254 1167 σκων
274 1145 331 1175 ως,
351 1131 419 1168 κᾶν
437 1134 468 1167 εἰ
487 1133 681 1168 καταλίποι
701 1131 863 1172 ἔλαττον,
891 1130 971 1165 ἀλλ’
990 1134 1027 1166 ἐκ
1049 1134 1111 1167 τοῦ
1129 1132 1239 1176 νόμου
1255 1135 1294 1166 20
1309 1141 1402 1173 vero,
1426 1131 1457 1166 si
1474 1132 1614 1175 quidem
1637 1132 1928 1172 desideraverint,
1951 1135 1986 1166 et
2006 1131 2157 1165 curiales
2179 1130 2393 1165 efficiantur.

154 1178 302 1212 πάντως
319 1179 367 1212 εἶς
383 1178 424 1212 τὸ
446 1178 678 1225 ἐνναούγκιον
695 1176 812 1211 αὐτοῖς
832 1174 853 1220 ἡ
867 1174 1121 1223 ἇναπλήρωσις
1137 1180 1239 1211 ἔσται

154 1225 215 1266 τῆς
247 1222 378 1258 οὐσίας.
426 1223 463 1257 οἱ
494 1221 533 1257 δὲ
564 1224 664 1269 εἴπερ
699 1235 735 1256 τι
767 1223 828 1265 τῆς
861 1219 984 1256 οὐσίας
1016 1224 1238 1267 ἐπιθυμοῦσι

156 1267 291 1312 λαβεῖν,
325 1272 385 1302 καὶ
416 1267 605 1313 βουλευταὶ
636 1268 890 1315 γινέσθωσαν·
928 1266 1026 1301 εἶδέ
1049 1280 1142 1302 τινες
1171 1269 1238 1312 μὲν

155 1312 304 1355 ἕλοιντο,
329 1315 422 1348 τινὲς
441 1312 480 1347 δὲ
501 1313 798 1361 παραιτήσαιντο,
824 1314 884 1347 ἐπὶ
909 1312 990 1347 τοὺς
1012 1313 1239 1366 αἱρουμένους

1311 1176 1445 1220 Quodsi
1466 1176 1609 1221 quidam
1626 1174 1823 1219 voluerint,
1836 1177 1978 1219 quidam
1998 1179 2117 1211 autem
2137 1176 2393 1218 recusaverint,

1309 1221 1354 1256 ad
1390 1232 1450 1256 eos
1488 1223 1546 1266 qui
1583 1222 1751 1266 elegerint
1791 1221 2032 1256 recusantium
2074 1221 2217 1256 veniant
2253 1226 2394 1266 partes;

1309 1267 1435 1311 quodsi
1467 1278 1587 1302 omues
1613 1267 1874 1308 recusaverint,
1908 1270 1992 1301 tunc
2017 1269 2198 1311 tamquam
2220 1268 2250 1301 si
2274 1267 2395 1302 nullus

1308 1313 1401 1346 filius
1439 1313 1485 1347 sit
1524 1313 1641 1347 taliter
1678 1313 1724 1348 ad
1761 1312 1895 1347 curiam
1931 1312 2073 1347 veniant
2115 1323 2235 1347 omnes
2271 1322 2395 1348 novem

153 1358 198 1392 τὰ
222 1359 301 1392 τῶν
316 1362 618 1405 παραιτουμένων
636 1358 808 1413 (ἐρχέσθω
827 1361 916 1404 μέρη
926 1371 939 1412 J!
966 1360 997 1392 εἰ
1019 1357 1058 1392 δὲ
1082 1356 1239 1393 ἅπαντες
1253 1363 1293 1393 25
1308 1358 1446 1392 unciae.

153 1400 354 1445 ἆπείποιεν,
384 1406 583 1447 τηνικαῦτα
616 1416 664 1439 ως
695 1402 867 1438 ἀπαιδίας
898 1416 1002 1447 ovam·
1031 1401 1145 1438 οὕτως
1178 1406 1238 1437 ἐπὶ

153 1447 219 1491 τὴν
243 1447 377 1492 βουλὴν
401 1450 567 1495 ἐρχέσθω
591 1449 632 1484 τὸ
658 1448 902 1495 ἐνναούγκιον.

1159 1562 1315 1597 CAPUT
1339 1562 1385 1596 ΙΙ.

207 1629 253 1662 Εἰ
284 1627 323 1663 δὲ
354 1626 373 1663 ὁ
404 1632 472 1674 μὲν
501 1627 673 1676 σιγησειε,
706 1629 853 1664 παίδων
878 1628 917 1664 δὲ
942 1627 1042 1673 αύτῷ
1074 1634 1236 1676 γνησίων

154 1671 216 1708 ούκ
241 1675 293 1718 εἴη
318 1674 450 1722 σπορά,
483 1676 682 1718 τηνικαῦτα
713 1675 755 1709 τὸ
779 1678 846 1720 μὲν
872 1678 1048 1721 τέταρτον
1072 1678 1131 1710 ἐπὶ
1156 1675 1236 1709 τοὺς

1351 1629 1486 1673 Quodsi
1509 1629 1569 1663 ille
1593 1628 1734 1673 quidem
1758 1628 1923 1671 tacuerit,
1954 1628 2111 1663 filiorum
2136 1630 2256 1663 autem
2281 1628 2395 1672 legiti-

1305 1686 1444 1710 morum
1478 1676 1508 1709 ei
1539 1675 1741 1718 procreatio
1774 1685 1846 1709 non
1877 1674 2002 1717 fuerit,
2038 1678 2123 1708 tunc
2149 1676 2277 1718 quarta
2310 1685 2395 1718 pars

155 1719 193 1759 ἐξ
217 1718 416 1754 ἂὸιαθέτου
450 1719 689 1766 κληρονόμους
723 1721 899 1766 ἐρχέσθω,
934 1721 970 1755 οἱ
992 1719 1116 1754 παῖδες
1140 1718 1180 1754 δὲ
1203 1720 1238 1754 οἱ
1251 1724 1292 1755 30
1305 1720 1350 1755 ad
1376 1720 1523 1755 heredes
1549 1720 1608 1764 qui
1633 1720 1711 1754 sine
1736 1721 1916 1764 scriptura
1940 1722 2024 1755 sunt
2049 1719 2179 1761 veniat,
2214 1720 2396 1754 naturales

154 1763 279 1806 νόθοι,
312 1766 342 1799 εἰ
365 1764 558 1809 βούλονται
584 1765 728 1799 ἑαυτούς
752 1765 939 1801 ἐπιδοῦναι
970 1768 1022 1809 τῷ
1048 1764 1236 1810 βουλευτη-

155 1814 239 1855 ρίῳ,
276 1810 604 1856 προςδεχέσθωσαν
639 1810 810 1858 καθάπερ
844 1810 890 1845 ἂν
922 1810 1128 1854 θελήσειαν,
1165 1812 1236 1845 εἴτε

154 1854 288 1889 πάντες
311 1856 382 1889 εἴτε
405 1858 497 1890 τινὲς
522 1857 559 1896 ἐξ
584 1853 717 1898 αὐτῶν,
748 1857 894 1891 πάντως
918 1858 981 1891 τοῦ
1007 1858 1236 1911 ε’νναουγκιόυ

154 1902 215 1943 τῆς
236 1904 439 1947 περιουσίας
464 1902 511 1935 εἰς
533 1900 615 1935 τοὺς
632 1901 870 1945 βουλεύοντας
890 1900 909 1944 ἢ
931 1901 997 1935 τὸν
1015 1901 1238 1946 βουλεύοντα

155 1948 176 1980 1
223 1949 510 1994 περιισταμένου.

155 1990 284 2025 θέντες
315 1991 396 2032 εἶεν,
428 1992 506 2025 εἶτα
539 1988 665 2026 αὐτοὺς
698 1991 979 2039 ἐλευθερώσειεν
1009 1991 1030 2035 ἢ
1054 2006 1192 2036 περιων
1217 2006 1238 2035 η

156 2042 195 2069 έν
218 2037 263 2083 τῇ
288 2034 460 2080 διαθήκη,
484 2041 544 2070 καὶ
569 2035 709 2081 ἐπιδοίη
735 2038 891 2079 τούτους,
917 2041 977 2071 καὶ
1001 2035 1114 2072 οὕτως
1135 2050 1236 2084 προς-

155 2079 392 2124 δεχέσθωσαν
415 2074 476 2118 ᾗ),
501 2085 669 2116 ἔστωσαν
693 2083 893 2127 βουλευταί,
922 2083 1092 2129 καθάπερ
1117 2082 1135 2116 ὁ
1163 2084 1238 2117 δια-

155 2127 307 2170 θέμενος
331 2124 516 2171 ἠβουλήθη
541 2125 562 2171 ἢ
587 2125 757 2174 καθάπερ
781 2126 802 2171 ἡ
825 2127 948 2162 αὐτῶν
973 2129 1152 2172 ἐπιθυμία
1178 2142 1236 2163 πε-

1305 1770 1425 1801 autem
1449 1766 1523 1808 filii,
1550 1766 1580 1800 si
1604 1766 1782 1800 voluerint
1806 1776 1844 1800 se
1869 1765 1998 1800 offerre
2019 1765 2151 1807 curiae,
2177 1765 2397 1809 recipiantur

1306 1811 1501 1846 secundum
1534 1811 1629 1855 quod
1662 1811 1849 1852 voluerint,
1887 1811 1959 1845 sive
1993 1821 2114 1845 omnes
2148 1810 2220 1845 sive
2253 1810 2396 1855 quidam

1306 1868 1348 1892 ex
1373 1858 1441 1898 eis,
1475 1857 1589 1891 modis
1614 1857 1779 1891 omnibus
1805 1866 1930 1891 novem
1956 1855 2072 1890 unciis
2103 1856 2327 1890 substantiae
2351 1856 2397 1890 ad

1307 1903 1386 1948 <eos
1411 1902 1483 1946 vel>
1508 1913 1597 1944 eum,
1624 1902 1684 1946 qui
1709 1902 1831 1936 curiae
1858 1911 1895 1936 se
1921 1901 2068 1943 dederit,
2095 1901 2281 1936 devolutis.

567 1948 613 1980 Εἰ
647 1945 686 1980 δὲ
718 1951 778 1981 καὶ
811 1949 848 1980 ἐκ
880 1945 1005 1990 δούλης
1037 1945 1137 1990 αὐτῷ
1156 1961 1237 2000 ἱτεχςἱ
1253 1950 1293 1983 35
1308 1951 1329 1983 1
1375 1948 1512 1991 Quodsi
1534 1958 1578 1982 ex
1600 1947 1731 1982 ancilla
1751 1948 1783 1982 ei
1802 1946 1980 1991 progeniti
2004 1946 2147 1989 fuerint,
2174 1946 2299 1981 deinde
2320 1946 2397 1990 ipse

1309 2003 1370 2027 eos
1401 1993 1647 2028 manumiserit
1689 1995 1752 2027 aut
1791 1993 1875 2027 dum
1912 1994 2078 2036 superest
2113 1995 2177 2025 aut
2214 1992 2251 2026 in
2285 1994 2395 2026 testa-

1308 2042 1437 2079 mento,
1472 2042 1508 2073 et
1531 2038 1702 2073 obtulerit
1726 2048 1798 2080 eos,
1833 2041 1868 2072 et
1898 2037 1958 2072 isti
1990 2036 2235 2080 suscipiantur
2267 2039 2303 2071 et
2327 2037 2398 2071 sint

1309 2084 1463 2119 curiales
1497 2084 1693 2118 secundum
1726 2083 1821 2127 quod
1853 2086 2006 2117 testator
2037 2082 2150 2116 voluit
2182 2085 2244 2116 aut
2269 2092 2396 2117 secun-

1309 2129 1390 2163 dum
1425 2129 1519 2173 quod
1549 2129 1708 2172 ipsorum
1743 2127 1956 2162 desiderium
1989 2126 2076 2161 fecit
2106 2127 2268 2162 dantium
2298 2137 2336 2162 se
2359 2127 2397 2161 in

155 2175 303 2215 ποίηκεν
324 2170 528 2207 ἐπιδόντων
542 2172 687 2206 ἑαυτοὺς
699 2175 743 2220 τῇ
754 2173 876 2220 βουλῇ,
899 2172 1097 2218 ληψόμενοι
1117 2171 1232 2207 καθά·
1247 2177 1289 2208 40
1306 2174 1452 2215 curiam,
1478 2174 1664 2218 accepturi
1689 2173 1886 2208 seeundum
1911 2172 2005 2216 quod
2030 2172 2165 2207 dictum
2190 2176 2246 2207 est
2270 2182 2397 2207 novem

157 2289 226 2322 que
247 2278 424 2323 feminas,
457 2279 489 2312 is
511 2279 734 2313 substantiae
756 2289 844 2314 suae
870 2285 942 2314 tres
962 2286 1089 2325 partes
1114 2282 1255 2322 euriae,
1289 2286 1458 2325 quartam
1490 2281 1620 2325 quibus
1653 2282 1728 2316 vult
1758 2282 1952 2326 relinquat.

2002 2281 2087 2316 Erit
2115 2282 2208 2316 enim
2237 2282 2293 2317 illi
2319 2282 2393 2327 filii

154 2323 234 2360 loeo
254 2325 362 2360 unius
378 2326 480 2370 forte
506 2326 563 2361 vel
576 2327 682 2361 etiam
699 2326 864 2372 plurium
888 2327 1056 2363 universa
1078 2328 1191 2368 ouria,
1218 2327 1273 2362 vel
1288 2328 1388 2372 quod
1410 2328 1532 2363 eodem
1557 2328 1651 2364 valet
1674 2328 1756 2374 ipsa
1777 2328 1935 2363 civitatis
1959 2328 2151 2363 multitudo
2173 2329 2211 2363 in
2228 2329 2392 2373 filiorum

156 2371 235 2405 loeo
258 2371 399 2415 posita,
431 2375 466 2405 et
497 2370 592 2405 bona
619 2372 724 2416 fama
749 2375 933 2423 perpetua
963 2377 997 2406 et
1027 2372 1242 2406 immortalis
1265 2373 1457 2415 memoria,
1494 2377 1529 2407 et
1557 2373 1706 2418 fruetus
1739 2376 1862 2407 tantus
1888 2377 2047 2418 quantus
2076 2373 2126 2407 acl
2156 2385 2235 2408 eum
2259 2386 2282 2409 a
2303 2375 2393 2419 filiis

155 2415 219 2450 vice
242 2414 511 2450 redundaturus
535 2421 636 2451 esset.
696 2415 830 2459 Quodsi
862 2417 943 2462 quis
976 2417 1154 2462 leqitimos
1184 2416 1327 2462 quidem
1360 2417 1490 2452 liberos
1521 2429 1592 2452 non
1618 2417 1767 2459 habeat,
1800 2417 1865 2452 secl
1888 2417 2076 2452 naturales
2106 2419 2142 2452 ei
2162 2419 2252 2460 sint,
2285 2419 2394 2454 liceat

155 2461 188 2495 ei
211 2471 290 2495 eum
315 2471 423 2496 onere
447 2461 570 2496 caitae
593 2462 700 2496 etiam
725 2461 792 2496 llos
816 2461 964 2497 heredes
987 2461 1153 2503 seribere,
1179 2466 1212 2496 et
1235 2462 1422 2507 scriptura
1441 2473 1516 2507 pro
1543 2463 1639 2497 omni
1663 2462 1844 2497 oblatione
1867 2463 1916 2497 sit
1939 2473 2026 2497 neve
2051 2462 2128 2497 ulla
2152 2463 2205 2506 (id
2223 2464 2323 2509 quod
2343 2475 2392 2500 ex

155 2504 333 2540 veteribus
366 2505 505 2551 leyibus
535 2509 628 2549 erat)
660 2506 864 2542 adiectione
888 2507 1004 2542 altera
1036 2518 1123 2542 neve
1148 2506 1330 2553 oblatione
1361 2508 1444 2541 (liam
1475 2511 1659 2553 superstes
1691 2512 1771 2542 erat
1792 2507 1967 2552 jacienda
2000 2507 2181 2553 indigeat,
2212 2509 2278 2543 sed
2300 2520 2392 2555 pro-

157 2551 251 2585 tinus
273 2550 413 2596 scripti,
437 2551 470 2585 si
494 2551 637 2596 quidem
661 2551 765 2587 liberi
787 2555 882 2593 sunt,
908 2552 1064 2586 curiales
1086 2556 1122 2587 et
1145 2551 1294 2586 lieredes
1314 2553 1420 2596 siant,
1446 2551 1674 2598 habeantque
1698 2557 1733 2588 et
1757 2553 1829 2598 ipsi
1853 2564 1979 2588 novem
2003 2554 2132 2587 uncias
2155 2553 2391 2597 substantiae,

150 2599 265 2641 prout
284 2601 395 2641 pater
418 2597 463 2630 iis
487 2597 720 2631 distribuerit.
769 2595 906 2639 Quodsi
929 2597 986 2632 vel
1011 2601 1122 2632 totum
1146 2597 1191 2631 iis
1214 2597 1417 2642 relinquere
1439 2597 1603 2640 voluerit,
1629 2597 1754 2633 melius
1779 2597 1897 2632 adhue
1912 2598 2063 2643 feeerit:
2088 2603 2184 2633 certe
2205 2609 2319 2644 usque
2343 2599 2393 2634 ad

154 2650 278 2675 novem
298 2641 425 2676 uncias
447 2642 592 2676 omnino
621 2642 666 2676 iis
685 2642 869 2688 relinquat
892 2643 1066 2688 sciatque,
1099 2642 1239 2676 etiamsi
1262 2642 1380 2677 minus
1403 2642 1602 2688 reliquerit,
1634 2647 1672 2677 at
1695 2654 1744 2678 ex
1768 2643 1846 2688 leqe
1871 2643 2016 2677 omnino
2042 2642 2092 2677 ad
2114 2654 2238 2679 novem
2264 2645 2393 2679 uncias

154 2686 200 2720 iis
222 2685 507 2731 supplementum
529 2687 617 2738 fore
636 2687 868 2723 substantiae.
908 2687 972 2722 Illi
991 2692 1110 2722 autem
1130 2688 1164 2721 si
1182 2687 1325 2732 quidem
1344 2687 1431 2733 quicl
1450 2698 1499 2722 ex
1519 2687 1623 2722 honis
1646 2688 1795 2733 auferre
1816 2688 1953 2729 volunt,
1977 2688 2084 2723 etiam
2106 2689 2262 2723 curiales
2279 2690 2393 2734 fiant:

155 2729 287 2777 quodsi
310 2730 376 2766 alii
398 2731 577 2767 voluerint
607 2732 671 2766 alii
694 2733 952 2774 recusaverint,
987 2732 1037 2767 acl
1055 2743 1115 2766 eos
1147 2733 1209 2777 qui
1231 2732 1411 2767 voluerint
1439 2735 1683 2767 recusantum
1709 2737 1836 2779 partes
1855 2733 2022 2774 veniant,·
2052 2734 2109 2767 sin
2131 2737 2249 2768 autem
2272 2745 2393 2770 omnes

154 2775 439 2822 repudiaverint,
465 2781 537 2811 tum
556 2777 717 2821 proinde
742 2778 848 2823 quasi
872 2777 963 2812 nulli
987 2777 1155 2813 adessent
1177 2777 1291 2819 liberi,
1316 2777 1366 2811 acl
1388 2778 1527 2812 curiam
1552 2789 1677 2813 novem
1701 2779 1830 2813 unciae
1854 2778 2010 2812 veniant.

290 2821 335 2855 ΙΙ.
1242 2822 1409 2856 timorum
1434 2822 1629 2857 liberorum
1647 2823 1792 2868 prolem
1818 2822 1960 2861 habeat,
1995 2827 2067 2858 tum
2089 2827 2223 2869 quarta
2248 2824 2392 2870 quidem

155 2866 205 2901 ad
229 2866 375 2902 heredes
399 2867 443 2902 ab
467 2867 637 2903 intestato
662 2868 793 2910 veniat,
819 2868 922 2902 liberi
946 2879 1030 2903 vero
1056 2873 1190 2902 natura
1218 2878 1255 2908 ’3,
1287 2867 1320 2901 si
1344 2868 1468 2902 euriae
1491 2879 1568 2902 sese
1592 2867 1726 2913 offerre
1750 2868 1872 2909 velint,
1906 2868 2134 2915 recipiantur
2149 2873 2268 2915 prout
2292 2869 2392 2905 volu-

155 2912 250 2946 erint
279 2912 354 2947 sive
385 2923 508 2947 omnes
537 2913 612 2948 sive
661 2912 781 2947 uidam
805 2924 949 2954 eorum,
981 2913 1034 2947 ita
1064 2917 1105 2947 ut
1136 2913 1280 2947 omnino
1314 2923 1439 2947 novem
1474 2913 1601 2947 unciae
1631 2913 1857 2948 substantiae
1890 2913 1938 2947 ad
1962 2913 2117 2948 curiales
2141 2914 2196 2949 vel
2219 2915 2392 2950 curialem

154 2958 176 2992 1
221 2957 464 2992 revolvantur.
536 2924 674 3000 Quodzz·
697 2958 805 2992 etiam
829 2969 878 2993 ex
902 2958 1037 2992 aneilla
1060 2958 1093 2993 ei
1117 2958 1196 2992 nati
1218 2957 1290 2992 sint
1315 2957 1436 2998 liberi,
1469 2968 1602 3002 eosque
1633 2957 1688 2993 vel
1711 2957 1794 2992 dum
1818 2962 2002 3003 superstes
2030 2965 2109 2993 erac
2140 2959 2196 2994 vel
2219 2960 2258 2993 in
2284 2965 2391 2995 testa-

154 3005 274 3036 mento
297 3003 546 3038 manumiserit
568 3007 603 3038 et
626 3002 768 3037 eosdem
793 3002 981 3044 obtulerit,
1014 3003 1066 3037 sie
1090 3014 1235 3048 quoque
1259 3002 1485 3047 recipiantur
1517 3006 1552 3037 et
1575 3002 1730 3037 curiales
1753 3003 1844 3045 sint,
1872 3006 1990 3048 prout
2015 3006 2168 3038 testator
2192 3004 2307 3039 voluit
2337 3005 2394 3039 vel

153 3050 268 3091 prout
301 3046 465 3091 ipsorum
501 3048 564 3093 qui
593 3059 632 3083 se
665 3046 871 3083 obtulerunt
902 3048 1026 3082 euriae
1061 3048 1277 3083 desiderium
1312 3048 1460 3092 effecit,
1497 3047 1684 3093 accepturi
1714 3048 1809 3082 siout
1841 3047 1973 3082 dietum
2014 3051 2068 3082 est
2097 3059 2222 3083 novem
2253 3049 2390 3085 mzcz'as.

383 2820 521 2864 Quodsi
542 2823 600 2858 ille
620 2822 763 2868 quidem
786 2823 939 2858 tacuerit
970 2834 1035 2858 nee
1059 2834 1142 2858 vero
1168 2823 1236 2901 lelqi

1207 2882 1222 2902 ό

206 3160 221 3191 1
247 3157 308 3200 τῆς
330 3156 456 3191 ἑαυτοῦ
480 3162 685 3203 περιουσίας
709 3158 770 3193 τὰς
793 3162 886 3205 τρεῖς
909 3163 1045 3206 μοίρας]
1069 3161 1238 3203 propriam

156 3203 375 3235 substantiam
399 3215 418 3239 ς
436 3202 448 3247 ΙΙ
473 3205 493 3237 2
517 3204 562 3245 τῆ
583 3202 735 3249 τετάρτη
758 3206 802 3238 L¹
822 3209 832 3247 ΙΙ
852 3207 873 3239 4
897 3205 1013 3238 ταῦτα
1033 3206 1080 3238 L¹
1098 3205 1110 3248 ΙΙ
1135 3209 1153 3239 5
1178 3205 1239 3247 τῆς

157 3244 306 3288 πόλεως]
332 3248 435 3280 totius
455 3249 600 3281 civitatis
622 3261 641 3285 ς
660 3249 671 3293 ΙΙ
689 3253 705 3281 7
733 3246 812 3283 ὅσος
837 3264 895 3283 om.
911 3252 942 3283 L
958 3249 970 3294 ll
990 3248 1088 3292 αὐτῷ
1115 3264 1173 3283 om.
1189 3262 1208 3286 ς
1226 3249 1230 3295 Ι

1354 3163 1372 3194 3
1393 3160 1553 3202 plurimas
1576 3159 1627 3192 Va
1644 3158 1656 3201 ΙΙ
1679 3159 1766 3191 idem
1785 3161 1832 3192 est
1853 3160 2101 3203 osenbraqqenJ
2126 3161 2161 3193 id
2186 3163 2233 3193 est
2257 3161 2323 3203 (ide
2346 3162 2391 3204 V)

1310 3207 1386 3239 libri
1420 3204 1431 3249 Η
1462 3208 1480 3238 5
1506 3205 1593 3236 fama
1618 3204 1704 3236 bona
1728 3206 1827 3248 vulq]
1867 3204 1962 3236 labor
1988 3206 2064 3238 libri
2091 3205 2103 3249 ΙΙ
2132 3206 2282 3238 mortalis
2311 3207 2345 3239 V
2380 3207 2392 3251 ΙΙ

1308 3253 1326 3284 8
1340 3251 1443 3283 fuerit
1464 3250 1517 3292 VH
1537 3250 1663 3282 honore
1686 3250 1824 3282 VNeob.
1843 3249 1854 3293 ΙΙ
1881 3252 1900 3283 9
1914 3250 1984 3290 hos]
2006 3251 2038 3282 et
2058 3251 2117 3282 hos
2131 3251 2224 3283 Beck
2243 3251 2254 3293 ss
2280 3253 2319 3284 10
2334 3251 2391 3284 da-

157 3295 177 3328 8
191 3295 264 3335 ἔχοι
278 3293 350 3333 Μς]
375 3295 445 3334 ἔχει
458 3294 489 3326 L
508 3294 520 3337 ss
536 3296 556 3327 9
573 3294 810 3328 καθεστῶσιν
824 3296 916 3337 L(g)]
937 3295 1162 3328 καθεστᾶσιν
1176 3296 1221 3328 M
1227 3297 1230 3338 l

161 3341 201 3372 10
227 3335 339 3380 αὐτῷ]
364 3339 428 3371 sibi
454 3340 488 3378 (i.
504 3351 528 3371 e.
546 3334 659 3381 αὐτῷ)
684 3351 703 3375 ς
731 3340 742 3382 ΙΙ
775 3342 811 3373 11
840 3341 942 3373 ἔσται
967 3341 999 3373 L
1024 3340 1036 3383 ΙΙ
1068 3343 1106 3373 12
1132 3341 1239 3373 τοῦτο

158 3396 216 3417 om.
232 3395 251 3419 ς
266 3383 278 3426 ΙΙ
307 3386 347 3417 16
370 3381 579 3429 ἐναούγκιον
596 3386 623 3416 L
639 3392 668 3417 et
680 3386 726 3417 sic
736 3387 859 3427 passim
876 3384 887 3429 ΙΙ
916 3387 954 3418 18
974 3381 1019 3418 ἄν
1037 3386 1169 3424 addidi;
1195 3399 1237 3419 an

157 3430 254 3469 scrib.
269 3425 396 3473 πράξει
409 3430 464 3471 (cf.
480 3430 526 3462 ad
538 3430 595 3470 ς)Ῡ
619 3428 630 3472 ΙΙ
662 3431 704 3463 20
725 3428 945 3463 *καταλίποι
958 3430 1012 3473 (ch
1028 3433 1072 3471 ς)]
1096 3428 1238 3464 καταλί-

157 3484 262 3506 ποιεν
276 3474 349 3507 ML
365 3474 376 3516 ΙΙ
403 3476 445 3507 22
468 3473 499 3506 εἰ
519 3471 559 3506 δὲ
578 3470 667 3518 ὑπ’ὲρ
689 3474 733 3507 L¹
758 3475 769 3517 ΙΙ
796 3487 832 3508 τι
856 3488 914 3508 om.
930 3476 960 3507 L
982 3477 1078 3516 (unde
1098 3474 1164 3517 τὴν
1185 3476 1238 3508 οὖ-

158 3521 243 3550 σίαν
265 3531 347 3551 corr.
362 3519 433 3560 L²)‚
459 3532 494 3552 τι
519 3520 579 3560 τῆς
603 3517 724 3552 οὐσίας
749 3528 777 3552 et
800 3517 925 3563 λαβεῖν
950 3533 1008 3552 om.
1024 3532 1042 3556 ς
1071 3520 1082 3563 ΙΙ
1112 3520 1238 3554 ἐπιθυ-

157 3563 291 3605 μοῦσαι
311 3563 387 3607 [1¹11
412 3566 454 3598 23
479 3565 522 3604 εἰ]
547 3562 604 3596 oi?
618 3564 665 3596 L¹
692 3563 704 3607 ΙΙ
729 3565 771 3597 24
795 3563 1108 3609 *παραιτήσοιντο
1134 3567 1206 3598 ML
1230 3566 1240 3608 ΙΙ

159 3609 200 3639 27
227 3606 413 3653 έναύγκιον
437 3611 485 3642 L¹
520 3606 727 3655 ἐννούγκιον
754 3610 800 3642 L²
831 3610 842 3652 ΙΙ
872 3612 914 3644 28
947 3608 1109 3656 σιγὴσεεν
1133 3611 1179 3643 L¹
1227 3609 1238 3655 ss

160 3654 203 3685 34
229 3651 309 3685 τοὺς
332 3651 522 3696 βουλευτὰς
546 3650 568 3696 ἢ
591 3652 673 3687 τοὺς
696 3652 933 3696 βουλεύοντας
958 3656 988 3688 L
1007 3657 1018 3698 Η
1036 3658 1075 3689 37
1103 3653 1242 3689 τούτοις

161 3696 209 3728 L²
224 3698 235 3738 ss
254 3692 378 3738 οὕτως]
401 3696 502 3733 οὗτος
519 3700 567 3732 L¹
591 3700 646 3732 isti
665 3701 698 3739 (i.
715 3713 739 3732 e.
754 3697 864 3742 οὗτοι)
889 3712 909 3737 ς
928 3701 940 3744 ΙΙ
957 3703 998 3735 38
1012 3713 1060 3743 sq.
1077 3695 1095 3733 ὁ
1117 3697 1240 3733 διαθέ-

159 3752 264 3784 μενος
292 3762 327 3765 „-
354 3740 525 3791 καθάπερ
546 3757 605 3778 om.
619 3746 650 3777 L

224 3797 273 3823 [Π.

1308 3297 1398 3327 tione
1423 3297 1522 3338 vulq]
1548 3294 1678 3326 ratione
1700 3295 1840 3327 VNeob.
1861 3294 1873 3338 11
1898 3294 2009 3335 legum
2035 3308 2093 3328 om.
2115 3296 2149 3328 V
2165 3296 2177 3338 ΙΙ
2213 3298 2243 3328 11
2263 3309 2311 3339 sq.
2336 3307 2391 3330 su-

1307 3342 1473 3383 peressent
1494 3342 1638 3381 (superes
1661 3340 1707 3381 V)
1729 3340 1878 3372 dationes
1898 3350 1954 3372 sex
1974 3350 2049 3372 mox
2073 3340 2215 3374 VNeob.
2240 3340 2253 3385 Η
2278 3342 2307 3374 si
2332 3355 2389 3375 om.

1318 3386 1452 3419 VNeob.
1471 3385 1483 3428 ΙΙ
1512 3387 1551 3418 15
1567 3387 1599 3416 et
1616 3397 1673 3417 om.
1693 3383 1749 3429 VH
1776 3387 1814 3418 16
1829 3385 1952 3418 faceret
1974 3384 2018 3426 V]
2041 3385 2140 3417 faciet
2152 3385 2257 3419 Neob.
2270 3387 2355 3430 vulq.
2377 3387 2390 3430 ss

1311 3433 1351 3464 18
1384 3430 1583 3471 relinquerit
1622 3430 1764 3463 VNeob.
1804 3429 1816 3474 ΙΙ
1860 3432 1902 3463 20
1934 3430 2206 3472 desideraverint]
2240 3431 2392 3465 substan-

1308 3476 1388 3507 tiam
1413 3476 1561 3517 accipere
1587 3476 1664 3507 add.
1679 3477 1765 3518 vulq.
1791 3474 1803 3519 ΙΙ
1831 3477 1871 3508 21
1898 3475 2017 3516 quodsi
2044 3475 2177 3516 quidem
2199 3475 2255 3519 Vss
2281 3478 2322 3511 22
2344 3477 2391 3510 le-

1308 3521 1419 3562 gerint
1451 3520 1513 3564 VH
1543 3521 1679 3552 veniant
1702 3521 1801 3563 vulq]
1826 3521 1969 3552 ueniunt
1997 3520 2134 3554 VNeob.
2165 3519 2178 3564 ΙΙ
2209 3522 2251 3554 24
2275 3523 2392 3555 ueniat

1319 3567 1351 3598 V
1368 3565 1379 3609 ΙΙ
1413 3567 1453 3598 28
1479 3565 1645 3597 tacuerint
1678 3566 1710 3598 V
1732 3565 1743 3608 Η
1773 3567 1832 3596 aut
1862 3566 1895 3598 V
1917 3565 1928 3608 ΙΙ
1959 3567 1997 3598 31
2026 3565 2174 3598 uoluerit
2200 3566 2344 3601 VNeob.
2378 3567 2391 3612 ΙΙ

1310 3613 1350 3643 32
1378 3610 1519 3651 quadam
1542 3610 1575 3642 V
1596 3609 1608 3653 ΙΙ
1638 3611 1679 3644 33
1704 3621 1821 3642 neuem
1845 3610 1878 3643 V
1897 3610 1908 3652 ΙΙ
1940 3611 1982 3643 34
2008 3621 2061 3643 eos
2085 3609 2137 3644 vel
2162 3613 2320 3655 supplevi,
2347 3616 2389 3654 cf:

1307 3668 1341 3698 p.
1358 3657 1432 3694 250,
1450 3661 1465 3685 6
1486 3654 1498 3699 ΙΙ
1521 3655 1672 3687 dederint
1694 3655 1750 3697 Vss
1776 3657 1818 3688 35
1844 3655 1962 3687 deinde
1986 3656 2055 3697 ipse
2080 3667 2136 3688 eos
2161 3651 2391 3690 manumiserit

1311 3714 1369 3734 om.
1392 3701 1422 3733 V
1435 3700 1446 3743 ΙΙ
1472 3702 1512 3733 38
1527 3713 1574 3743 sq.
1599 3700 1743 3732 voluerit
1769 3708 1797 3733 et
1820 3700 1935 3732 fecerit
1959 3701 2046 3745 vuly.
2065 3701 2077 3744 ΙΙ
2100 3702 2141 3735 39
2166 3701 2228 3734 *in
2249 3703 2389 3747 curiam]

1311 3747 1345 3778 in
1371 3746 1464 3777 ouria
1488 3745 1628 3778 VNcob.
1654 3747 1780 3786 (curiae
1805 3746 1904 3789 vuly.)

2074 3805 2117 3836 32
