2618 4010
311 83 420 127 Nov.
450 84 653 127 LXXXII
682 98 743 139 pr.
1376 82 1459 131 400
2203 104 2264 136 nu
2292 105 2516 141 mutemus

353 191 629 240 <Έπίλογος.>
671 195 718 228 Τὰ
735 199 860 229 τοίνυν
877 194 1117 241 παραστάντα
1133 193 1220 239 ἡμῖν
1234 196 1281 230 εἰς
1298 193 1379 240 ὑμε-
1503 197 1774 244 (Epilogus.)
1827 199 1927 244 Quae
1961 201 2069 247 igitur
2105 202 2207 238 nobis
2242 203 2318 238 visa
2351 206 2438 239 sunt
2470 204 2516 239 ad

307 240 416 282 τέραν
439 235 531 271 αἰδῶ
554 251 594 272 τε
617 242 676 273 καὶ
700 238 820 283 τιμήν,
848 234 880 274 ὦ
902 239 1194 285 σεβασμιώτατοι
1221 243 1379 287 πατέρες,
1447 246 1602 277 vestram
1623 243 1855 280 reverentiam
1877 247 1916 283 et
1931 245 2123 288 honorem,
2146 258 2168 282 o
2190 247 2430 284 colendissiml
2451 245 2518 294 pa?

308 280 521 325 βουλόμεθα
543 284 592 318 εἰς
614 283 657 318 τὸ
676 281 831 325 διηνεκὲς
852 286 1047 330 ἐμπρέπειν
1070 286 1115 331 τῇ
1138 282 1293 330 ἡμετέρᾳ
1316 299 1379 322 πο-
1449 289 1539 327 tres,
1571 286 1732 322 volumus
1762 287 1800 323 in
1823 293 2035 335 perpetuum
2065 292 2249 338 splendere
2278 297 2422 328 nostrae
2446 294 2515 328 rei-

308 325 440 369 λιτείᾳ,
475 323 551 361 ἅμα
581 329 649 372 μὲν
683 329 730 363 εἰς
765 328 901 371 κόσμον
938 327 1108 373 ὑμέτερον
1149 328 1225 374 ἅμα
1259 327 1300 364 δὲ
1334 331 1382 364 εἰς
1476 330 1617 366 ublicae
1639 335 1714 366 tam
1736 331 1783 367 ad
1805 335 1962 370 vestrum
1984 341 2149 372 ornatum
2173 347 2278 382 quam
2301 337 2348 373 ad
2370 342 2516 374 nostrae

306 371 375 413 τὴν
398 372 460 415 τῆς
482 363 652 418 ἡμετέρας
676 372 879 429 φιλοτιμίας
902 371 1103 415 ἀπόδειξιν,
1136 372 1181 417 ἢν
1204 377 1277 409 τοῖς
1299 373 1381 418 ἦμε-
1419 341 1627 420 5fargitatis
1650 375 1907 420 probationem,
1926 389 2031 425 quam
2049 382 2180 418 nostris
2198 381 2359 428 patribus
2377 386 2414 418 et
2431 393 2515 419 con-

307 418 422 461 τέροις
452 416 611 462 πατράσι
640 421 700 452 καὶ
731 416 882 454 ὑπατοις
913 421 973 452 καὶ
1004 418 1135 464 ἱερεῦσι
1164 416 1380 463 δεδώκαμεν.
1451 420 1589 456 sulibus
1613 421 1930 468 sacerdotibusque
1954 427 2164 462 contulimus

362 460 444 497 Dat.
463 472 524 498 xv.
550 463 586 497 k.
610 464 698 508 Apr.
721 463 789 500 ΟΡ.
814 464 897 508 imp.
920 463 977 499 dn.
999 463 1188 500 Iustiniani
1209 474 1269 510 pp.
1289 466 1380 508 Aug.
1495 463 1579 500 Dat.
1596 476 1633 501 x.
1654 465 1725 501 kal.
1742 467 1856 511 April.
1875 467 1944 504 ΟΡ.
1963 468 2046 515 imp.
2065 471 2124 507 dn.
2140 471 2328 507 Iustiniani
2348 482 2408 517 pp.
2424 472 2515 517 Aug.

310 514 404 541 anno
423 506 504 542 XII.
530 507 670 553 Apione
693 519 724 544 v.
751 519 781 544 c.
807 519 904 544 cons.
1353 512 1399 551 [a.
1415 510 1492 552 539]
1547 519 1642 546 anno
1665 510 1746 546 XII.
1774 512 1912 556 Apiono
1934 512 2009 550 viro
2033 515 2226 553 clarissimo
2252 518 2409 553 consule.

816 667 871 711 fiis
1671 678 1854 714 Lxxxn.
1902 679 2012 716 Auth.
2024 681 2221 719 Lxxxm.
2248 684 2394 720 0011.v1
2408 685 2463 720 tit.
2477 688 2516 720 ιο

572 745 688 780 ΠΕΡΙ
717 745 821 780 ΤΩΝ
846 744 1105 780 ΔῙΚΑΣΤΩΝ
1395 747 1436 781 10
1515 744 1580 780 DE
1604 744 1862 787 IUDICIBUS,
1889 746 1955 781 ET
1978 747 2042 782 UT
2066 748 2389 788 NULLATENUS
2415 751 2517 788 CUM

348 788 443 824 ΚΑΙ
467 789 603 824 ΩΣΤΕ
625 790 733 825 MEO
763 790 940 825 OPKOY
964 790 1046 825 ΜΗ
1070 790 1332 827 ΑῙΡΕῙΣΘΑῙ.
1447 790 1463 825 1
1499 789 1785 826 REIURANDO
1833 790 2082 828 ELIGATUR
2120 795 2322 840 ALIQUIS
2364 796 2517 833 IUDEX

1448 835 1577 880 QUOD
1609 835 1880 870 PERMANET
1905 836 1966 872 ΕΙ.
2013 838 2078 872 ΕΤ
2103 839 2165 874 UT
2190 840 2514 878 APPELLATIO·

1447 880 1542 916 NES
1576 880 1834 916 ACCIPIANT
1870 881 2020 916 MODIS
2057 883 2269 920 OMNIBUS
2309 886 2514 923 IUDICES.

1448 925 1513 960 ΕΤ
1550 924 1612 960 UT
1649 925 1700 960 IN
1735 925 1894 960 MEDIA
1928 926 2043 961 LITE
2081 928 2273 965 FACTAE
2303 930 2516 975 FORMAE,

1394 973 1435 1006 15
1448 970 1542 1014 QUO
1581 970 1718 1006 MODO
1764 971 2023 1006 OPORTEAT
2063 973 2229 1008 DECIDI
2273 975 2516 1013 COGNl'l'lo-

1550 1015 1674 1058 NEM,
1706 1015 1807 1051 NON
1830 1016 2131 1053 ATTENDANT
2154 1018 2346 1055 IUDIGES
2369 1020 2410 1066 Rc

351 1067 402 1102 Im
431 1095 439 1101 .
464 1067 685 1103 Iustinianus
708 1068 800 1112 Aug.
826 1068 953 1104 Ioanni
980 1079 1042 1114 pp.
1067 1079 1133 1113 per
1157 1069 1334 1105 Orientem
1446 1071 1543 1106 Idem
1574 1071 1666 1115 Aug.
1692 1071 1843 1107 Iohanni
1873 1083 1934 1118 pp.
1960 1072 2114 1110 Orientis
2145 1075 2273 1111 iterum
2302 1086 2346 1111 ex
2370 1078 2517 1113 consule

394 1078 578 1157 δώωσι),
602 1123 646 1148 ex
664 1115 810 1148 consule
826 1113 1054 1159 <ordinat-io>
1073 1124 1116 1149 ac
1132 1115 1294 1159 patricio.
1860 1127 1903 1153 ac
1926 1118 2089 1163 patricio.

349 1179 660 1267 <Προοίμιον.ἔ
706 1180 853 1224 Ζήνωνι
882 1182 936 1224 τῷ
968 1182 1031 1260 τῖς
1053 1179 1219 1226 εὐσεβοῦς
1246 1181 1377 1225 λήξεως
1500 1183 1785 1229 (Praefatio.)
1829 1185 1863 1220 A
1885 1186 2030 1222 Zenone
2051 1186 2132 1231 piae
2163 1187 2352 1223 memoriae
2383 1188 2518 1233 scripta

303 1226 502 1270 γέγραπται
526 1223 634 1259 §aava
658 1237 688 1260 cc
710 1229 792 1271 περὶ
811 1227 874 1270 τῆς
896 1227 974 1260 τῶν
1017 1228 1107 1261 ικαῖν
1123 1226 1268 1270 τάξεως,
1294 1227 1378 1263 πολ·
1391 1232 1433 1264 20
1447 1230 1502 1264 est
1525 1229 1583 1263 lex
1607 1229 1650 1264 de
1673 1229 1885 1265 iudiciorum
1909 1231 2048 1275 ordine,
2081 1232 2211 1267 multas
2238 1232 2379 1278 quidem
2402 1237 2517 1269 muta-

304 1267 368 1303 λὰς
389 1271 456 1312 μὲν
472 1269 703 1318 παραλλαγὰς
726 1273 764 1305 ἐκ
787 1273 864 1306 τῶν
883 1271 1008 1318 ἐφεξῆς
1031 1269 1204 1316 δεξαμένη
1225 1272 1377 1317 χρόνων,
1447 1275 1562 1309 tiones
1587 1274 1886 1319 subsequentibus
1909 1277 2105 1322 suscipiens
2125 1277 2355 1322 temporibus,
2380 1278 2427 1313 ad
2447 1279 2516 1314 hoc

304 1315 352 1348 εἰς
371 1315 479 1349 τοῦτο
501 1313 540 1349 δὲ
563 1312 762 1362 ἀφικομένη
786 1313 873 1351 ὦςτε
896 1316 988 1351 κατὰ
1011 1317 1142 1362 μικρὸν
1165 1317 1296 1360 σχεδὸν
1320 1322 1378 1352 καὶ
1447 1323 1564 1354 autem
1587 1320 1747 1363 pervenit
1778 1322 1819 1355 ut
1849 1321 2019 1366 paulatim
2052 1332 2165 1367 paene
2194 1323 2336 1358 omnino
2362 1324 2515 1359 caderet.

305 1358 544 1394 παντάπασιν
575 1359 740 1396 ἐκλιπεῖν.
788 1362 827 1395 οἵ
844 1374 884 1396 τε
906 1361 976 1408 γὰρ
1006 1363 1045 1396 ἐν
1070 1359 1160 1408 αὐτῇ
1184 1366 1378 1409 γεγραμμέ-
1447 1363 1539 1399 Nam
1569 1368 1605 1399 et
1638 1365 1697 1408 qui
1729 1365 1765 1400 in
1798 1375 1840 1400 ea
1868 1366 2063 1411 conscripti
2092 1370 2175 1402 sunt
2205 1367 2356 1412 pedanei
2379 1368 2516 1404 iudices

304 1417 361 1438 νοι
385 1402 483 1439 διαιτ
510 1409 568 1440 ταὶ
590 1406 658 1441 τὸν
676 1403 758 1450 μετ’
777 1403 994 1452 ἀνθρώπων
1017 1403 1176 1442 ἅπαντες
1200 1404 1379 1442 ἀπέλιπον
1447 1409 1638 1444 humanam
1669 1419 1789 1446 omnes
1822 1411 2040 1456 reliquerunt
2062 1411 2185 1455 vitam,
2220 1415 2257 1447 et
2279 1413 2431 1458 plurima
2455 1413 2515 1450 de-

304 1453 398 1493 βίον,
431 1463 479 1486 πο
537 1450 545 1460 ’
578 1464 617 1486 τε
645 1453 724 1486 τῶν
751 1448 983 1497 ὁρισθέντων
1015 1450 1167 1486 δικαίων
1196 1457 1378 1499 σεσίγηται
1393 1456 1434 1489 25
1447 1453 1538 1489 finiti
1560 1454 1646 1490 iuris
1671 1455 1783 1490 tacita
1802 1460 1895 1500 sunt,
1919 1460 1955 1491 et
1973 1461 2107 1492 certam
2127 1467 2199 1492 non
2218 1464 2423 1494 meruerunt
2443 1468 2517 1494 me-

306 1496 412 1540 ῥητῆς
434 1508 474 1529 τε
497 1492 561 1530 οὐκ
585 1498 685 1539 ἔτυχε
735 1497 861 1541 νήμης,
894 1494 976 1531 ἀλλ’
1003 1494 1026 1540 ἥ
1049 1510 1089 1543 γε
1111 1499 1231 1542 χρῆσις
1263 1499 1379 1532 ταῦτα
1448 1499 1613 1541 moriam,
1639 1499 1702 1535 sed
1719 1510 1804 1536 usus
1825 1502 1914 1537 haec
1935 1502 2136 1547 percipiens
2159 1503 2196 1537 iu
2212 1502 2317 1538 aliam
2334 1503 2516 1539 transtulit

304 1538 569 1585 παραλαβοῦσα
588 1542 635 1575 εἰς
651 1539 695 1576 ἀλ
738 1545 795 1576 ἴον
818 1545 1012 1586 μετέστησε
1029 1543 1155 1585 σχῆμα.
1196 1540 1291 1586 ἡμεῖς
1307 1547 1377 1577 τοί·
1447 1544 1607 1588 figuram.
1655 1544 1731 1580 Nos
1755 1545 1863 1590 igitur
1885 1546 2044 1582 videntes
2077 1548 2217 1583 omnino
2249 1547 2438 1584 confusum
2460 1549 2515 1584 iu·

305 1599 372 1619 νυν
405 1582 561 1630 ὁρῶντες
596 1590 853 1633 συγκεχυμένον
886 1586 1064 1628 καθάπαξ
1097 1587 1140 1621 τὸ
1173 1589 1250 1622 τῶν
1280 1586 1377 1622 δικα-
1447 1589 1564 1625 dicum
1588 1589 1750 1632 schema,
1774 1592 2033 1628 aestimavimus
2057 1597 2221 1637 oportere
2244 1592 2333 1629 haec
2354 1594 2431 1638 lege
2454 1593 2514 1630 de·

305 1632 406 1665 στῶν
436 1632 553 1675 σχῆμα
577 1628 753 1675 ᾠήθημεν
783 1634 911 1677 χρῆναι
943 1631 1045 1676 νόμῳ
1077 1633 1195 1666 ταῦτα
1223 1631 1378 1678 διορίσα-
1446 1635 1648 1677 terminare,
1680 1646 1771 1680 quae
1792 1636 1974 1672 decentem
1998 1637 2155 1673 ordinem
2183 1638 2231 1673 im
2259 1642 2346 1674 onat
2372 1649 2512 1674 causae.

305 1675 410 1718 σθαι,
433 1673 472 1710 ὃς
489 1675 556 1731 την
571 1680 780 1722 πρέπουσαν
799 1677 906 1717 τάξιν
924 1677 1095 1720 ἐπιθήσει
1111 1679 1163 1720 τῷ
1183 1677 1376 1725 πράγματι.
1391 1681 1433 1714 30
1447 1679 1527 1715 Non
1563 1680 1656 1715 enim
1692 1681 1954 1717 aestimavimus
1994 1684 2158 1727 oportere
2193 1683 2240 1718 ha
2266 1693 2325 1719 ere
2359 1684 2515 1720 iudicum

305 1717 391 1755 οὐδὲ
410 1720 480 1768 γὰρ
501 1720 677 1765 ῳήθημεν
700 1723 828 1767 χρῆναι
853 1724 945 1777 ἑξχειν
970 1719 1154 1756 δικαστῶν
1175 1734 1277 1757 τινας
1295 1720 1378 1758 ‹3²26-
1448 1725 1619 1769 quosdam
1643 1725 1802 1768 nomina,
1833 1727 1983 1762 maxime
2006 1728 2122 1772 legum
2153 1727 2421 1772 ineruditorum,
2453 1729 2513 1764 de-

303 1778 414 1809 ματα,
435 1764 594 1810 μάλιστα
612 1769 679 1811 μὲν
701 1766 828 1811 νόμων
852 1766 1158 1811 ανεπιστήμονας,
1191 1769 1317 1803 ἔπειτα
1340 1767 1380 1803 δὲ
1446 1770 1528 1805 inde
1546 1780 1661 1815 neque
1685 1780 1874 1807 causarum
1897 1772 2103 1807 habentium
2120 1772 2407 1818 experimentum.
2439 1774 2513 1809 No·

304 1807 389 1845 οὗδὲ
416 1811 642 1858 πραγμάτων
674 1809 908 1855 εὐτυχοῦντας
937 1815 1074 1857 πεῖραν.
1121 1815 1194 1846 τοῖς
1215 1815 1282 1858 μὲν
1304 1814 1374 1859 γὰρ
1443 1815 1527 1850 stris
1551 1815 1680 1850 etenim
1696 1815 2041 1853 administratoribus
2062 1817 2193 1853 adsunt
2215 1819 2327 1854 modis
2351 1819 2514 1854 omnibus

305 1853 486 1902 ἡμετέροις
515 1855 663 1902 ἄρχουσι
695 1857 842 1903 πάρεισι
871 1856 1019 1892 πάντως
1050 1860 1109 1890 καὶ
1130 1857 1301 1903 πάρεδροι
1332 1860 1378 1893 τὰ

348 1937 433 1971 Nov.
448 1937 643 1971 LXXXII
651 1937 813 1975 (Anthent.
827 1937 1086 1971 LXXXIII:
1103 1938 1182 1971 Coll.
1207 1938 1257 1971 Vl
1278 1940 1323 1972 tit.
1341 1940 1398 1973 10:
1422 1939 1533 1983 yloss.)
1562 1940 1686 1974 Graece
1703 1947 1790 1974 extat
1807 1942 1839 1974 in
1854 1941 1935 1981 ML,
1956 1954 2028 1985 cap.
2045 1943 2155 1976 2—13
2174 1944 2206 1975 in
2224 1943 2256 1975 B
2272 1944 2302 1984 7,
2317 1951 2339 1984 1,
2351 1951 2455 1977 4-16,
2471 1962 2513 1968 —-

303 1983 392 2026 Epit.
409 1983 441 2016 Τ
439 1983 529 2016 head.
544 1983 604 2024 82,
627 1983 747 2016 Athon.
762 1984 793 2023 4,
806 1990 848 2017 15.
896 1983 1017 2016 Iulian.
1042 1990 1141 2015 const.
1166 1983 1336 2017 LXXVI.

438 2058 526 2106 Epi
534 2059 576 2096 lo
584 2070 676 2107 qus.
731 2058 830 2103 Quae
851 2059 965 2105 iqitur
989 2059 1091 2094 nobis
1111 2059 1329 2106 placuerunt
1352 2060 1401 2096 ad
1423 2064 1577 2097 vestram
1608 2062 1841 2098 reverentiam
1866 2061 2125 2109 honoremque,
2152 2068 2279 2109 patres
2301 2075 2435 2100 summe
2458 2076 2514 2101 ve-

302 2104 474 2147 iterandi,
503 2116 547 2140 ea
570 2105 607 2139 in
630 2108 758 2140 nostra
777 2104 963 2151 republica
986 2104 1024 2138 in
1046 2110 1259 2156 perpetuum
1282 2105 1470 2152 splendere
1494 2106 1657 2141 volumus
1690 2110 1761 2141 tam
1784 2106 1834 2158 ad
1855 2107 1963 2142 decus
1987 2114 2140 2143 vestrum
2164 2119 2272 2153 quam
2295 2109 2345 2145 ad
2367 2117 2513 2146 nostrae

303 2150 531 2187 liberalitatis
554 2149 801 2185 documentum
824 2149 924 2196 quod
945 2152 1078 2184 nostris
1098 2150 1266 2196 patribus
1288 2155 1325 2186 et
1343 2150 1550 2186 consulibus
1573 2155 1610 2186 et
1630 2151 1879 2187 sacerdotibus
1901 2151 2070 2187 dedimus.

1317 2305 1511 2342 LXXXII.

713 2371 787 2409 DE
807 2371 1086 2417 IUDICIBUS,
1121 2373 1191 2409 ET
1209 2373 1283 2409 ΝΕ
1304 2372 1409 2410 CUM
1428 2371 1782 2411 IUREIURANDO
1807 2373 2105 2412 ELIGANTUR.

388 2429 480 2478 Imp.
499 2429 724 2466 lastinianus
747 2429 933 2477 Auqustus
957 2428 1114 2466 Iohanni
1129 2441 1196 2476 pp.
1214 2441 1287 2477 per
1312 2429 1490 2467 Orientem
1513 2430 1685 2476 (iterum),
1716 2441 1765 2466 ea:
1785 2431 1933 2467 consule
1953 2431 2174 2478 <ordinm-io>
2199 2442 2244 2468 ao
2264 2431 2433 2478 patricio.

436 2496 703 2543 Praefatio.
749 2498 781 2533 Α
805 2498 951 2533 Zenone
968 2498 1057 2545 piae
1079 2498 1272 2534 memoriae
1294 2498 1432 2545 scripta
1452 2501 1506 2533 est
1529 2497 1735 2534 constitutio
1759 2498 1803 2534 de
1827 2498 1954 2535 ordine
1977 2499 2104 2541 litium,
2128 2510 2222 2546 quae
2244 2499 2378 2535 multas
2399 2504 2513 2536 muta-

304 2544 420 2580 tiones
447 2543 677 2590 sequentibus
708 2542 927 2595 temporibus
952 2553 1068 2589 passa
1091 2547 1145 2579 est
1174 2547 1283 2589 atque
1315 2553 1356 2579 eo
1376 2543 1552 2590 pervenit,
1589 2548 1630 2578 ut
1649 2542 1828 2589 paulatim
1858 2544 1941 2589 fere
1966 2545 2109 2580 omnino
2134 2544 2334 2596 deficeret..
2360 2543 2454 2580 Nam
2477 2549 2514 2582 et

303 2589 366 2635 qui
389 2589 427 2624 in
450 2600 494 2624 ea
517 2588 645 2634 scripti
665 2591 750 2623 sunt
771 2587 907 2623 iudices
923 2587 1086 2634 pedanei
1107 2599 1229 2624 omnes
1252 2588 1324 2624 vita
1347 2592 1577 2624 excesserunt
1600 2591 1634 2623 et
1657 2587 1769 2623 multa
1793 2600 1843 2624 ex
1865 2589 2023 2634 definitis
2052 2589 2191 2624 iuribus
2212 2589 2356 2625 silentzo
2377 2589 2513 2626 tradita

301 2638 386 2670 sunt
407 2644 473 2670 neo
495 2638 628 2669 certam
651 2633 856 2669 memoriam
880 2637 1086 2675 consecuta,
1110 2633 1175 2669 sed
1196 2644 1282 2669 usus
1305 2633 1446 2680 quidem
1469 2643 1512 2668 ea
1532 2637 1676 2679 recepta
1699 2633 1737 2668 in
1761 2633 1869 2669 allam
1889 2635 2046 2679 formam
2070 2635 2252 2670 convertit.
2300 2633 2379 2670 Nos
2401 2635 2513 2681 iqitur

302 2690 382 2715 cum
406 2679 563 2715 iudicum
585 2683 720 2714 statum
743 2678 889 2714 omnino
913 2679 1105 2723 confusum
1130 2678 1328 2722 videamus,
1355 2678 1444 2714 haee
1471 2677 1549 2725 leqe
1571 2677 1615 2714 de
1642 2677 1774 2713 nienda
1797 2689 1873 2714 esse
1895 2679 2196 2722 existimavimus,
2228 2690 2322 2726 quae
2344 2678 2511 2715 idoneum

302 2724 465 2760 ordinem
486 2723 541 2759 rei
563 2724 733 2771 imponat.
782 2723 908 2769 Neque
931 2724 1023 2758 enim
1047 2723 1330 2760 existimavimus
1352 2723 1477 2760 decere
1500 2733 1590 2769 quos
1616 2733 1674 2757 am
1696 2723 1853 2758 iudicum
1869 2734 1998 2760 nomen
2014 2724 2145 2760 babere
2161 2734 2239 2759 eum
2256 2724 2374 2770 lequm
2389 2725 2512 2771 utique

302 2770 489 2816 imperitos
513 2772 585 2804 tum
608 2780 652 2804 ne
675 2779 796 2803 rerum
819 2767 961 2815 quidem
985 2769 1211 2815 eaeperientia
1234 2769 1386 2804 adiutos.
1437 2768 1581 2804 Nostris
1605 2768 1697 2803 enim
1730 2768 1906 2804 iudicibus
1927 2769 2071 2805 omnino
2096 2769 2204 2805 etiam
2226 2779 2425 2805 assessores
2447 2770 2511 2805 ad-

350 2865 366 2898 1
391 2859 568 2907 ἡμετέραν
592 2861 640 2895 L¹
664 2861 676 2898 ΙΙ
704 2864 720 2894 7
746 2863 867 2894 subscr.
893 2859 1109 2905 έξεφωνὴθη
1135 2861 1175 2894 ἐν
1198 2863 1270 2894 τοῖς
1292 2858 1372 2905 χρό-
1440 2860 1635 2901 τυχοῦντας
1670 2861 1783 2902 (voluit
1815 2858 2037 2902 ἐντυχόντας)
2072 2863 2179 2906 πείρᾳ
2215 2861 2409 2894 Haloander
2442 2863 2511 2895 sine

301 2918 375 2942 νοις
398 2907 461 2950 τῆς
478 2903 649 2941 ὑπατείας
669 2902 832 2940 Ἀπίονος
847 2907 877 2940 T
877 2907 958 2939 head
970 2932 978 2947 ‚
1005 2919 1062 2939 om.
1077 2907 1139 2939 Iul.
1155 2905 1168 2949 fl
1186 2916 1241 2938 xv.
1256 2906 1288 2938 k.
1303 2917 1372 2948 apr.
1441 2918 1542 2939 cauea
1568 2904 1581 2950 ΙΙ
1605 2905 1673 2949 μὲν
1697 2918 1755 2939 om.
1771 2906 1800 2938 L
1822 2906 1835 2950 ΙΙ
1862 2907 1905 2940 34
1929 2903 2060 2939 πάντες
2084 2907 2134 2939 L⁰

303 2954 348 2987 M
365 2952 437 2997 πρὸ
463 2950 501 2985 ιε’
517 2948 710 2985 καλανδῶν
730 2947 923 2995 Ἀπριλίων
936 2952 1026 2992 Am]
1051 2962 1086 2984 x.
1100 2951 1166 2983 kal.
1183 2951 1279 2994 april.
1295 2953 1336 2992 (v.
1352 2951 1372 2983 l.

302 2998 368 3031 kal.
382 2998 495 3038 madii)
520 3009 539 3033 ς
554 2997 566 3038 ΙΙ
587 2997 651 3029 CP.
674 3016 717 3020 —
737 3007 824 3029 cons.
840 2997 966 3037 M(om.
985 3007 1073 3029 anno
1091 2996 1175 3036 XII)
1200 3004 1230 3032 et
1253 2998 1283 3037 ς]
1308 2997 1372 3038 βα-

302 3041 434 3077 σιλείας
462 3040 715 3076 Ἰουστινιανοῦ
748 3041 791 3074 τὸ
824 3039 877 3085 ιβ’
901 3038 1070 3075 ὑπατείας
1095 3036 1267 3075 Ἀπίωνος
1300 3042 1372 3073 Am.
1489 3043 1502 3074 1
1530 3042 1619 3073 iussa
1640 3041 1696 3085 Vn
1713 3042 1732 3075 2
1752 3042 1898 3074 nostram
1912 3039 2003 3083 RTu
2021 3051 2041 3073 o
2063 3040 2125 3072 del.
2143 3038 2193 3074 17²
2210 3038 2259 3083 113
2277 3039 2435 3082 spondere
2451 3037 2510 3083 ΕΙ

301 3088 479 3130 (bilisiario
500 3088 574 3120 uiro
591 3087 770 3120 clarissimo
793 3100 823 3119 υ.
836 3089 854 3119 ί.
870 3089 900 3129 ς)
922 3089 933 3127 ΙΙ
959 3090 995 3119 10
1010 3090 1095 3119 rubr.
1122 3088 1210 3130 Περὶ
1230 3086 1306 3119 τῶν
1322 3082 1373 3118 δι·
1441 3087 1462 3119 4
1486 3086 1674 3118 ordinatum
1705 3086 1738 3119 V
1758 3086 1770 3128 [Ι
1800 3085 1842 3118 ad
1863 3088 1994 3118 nostrae
2026 3097 2083 3117 om.
2111 3084 2148 3118 V
2169 3084 2182 3127 ΙΙ
2213 3086 2233 3118 5
2265 3083 2508 3128 probationem]

302 3133 448 3167 καστῶν
460 3135 534 3167 Aa».
560 3134 647 3176 Περὶ
666 3131 782 3165 θείων
798 3128 982 3165 δικαστῶν
997 3132 1117 3165 Theod.
1135 3132 1147 3174 ΙΙ
1168 3134 1262 3175 17sq.
1287 3131 1372 3183 Imp.
1443 3144 1571 3161 εεεεεε
1599 3131 1645 3165 R¹
1677 3130 1689 3175 ΙΙ
1719 3133 1736 3164 7
1769 3132 2031 3173 subscriptionem
2065 3131 2207 3163 dedimus
2231 3141 2270 3164 esc
2294 3130 2412 3163 Bamb.
2437 3130 2461 3163 1
2480 3137 2510 3163 et

301 3198 346 3204 —
369 3178 509 3221 patricio
535 3178 575 3211 M
597 3179 667 3220 (qui
684 3178 845 3219 orietem)]
869 3172 1115 3221 Αὐτοκράτωρ
1135 3177 1374 3210 ἰουστινιανος
1440 3177 1667 3215 Αυιὸνοοεηεὶς
1692 3176 1757 3209 dat.
1777 3175 1842 3208 kal.
1865 3175 1967 3208 madii
1984 3174 2146 3208 bilisiario
2165 3175 2240 3208 uiro
2260 3174 2427 3208 clarisimo
2443 3173 2509 3225 V!

303 3221 494 3270 αὖγουστος
515 3220 653 3264 ἰωάννη
677 3217 826 3266 ὑπάρχῳ
851 3224 1087 3266 πραιτωρίων
1107 3221 1169 3264 τῆς
1187 3217 1372 3263 ἀνατολῆς,
1442 3221 1505 3253 CP.
1522 3222 1654 3262 Bamb.]
1679 3231 1761 3264 emp.
1787 3222 1897 3254 Ambr.
1921 3220 1933 3263 ΙΙ
1962 3220 2040 3253 ‹in—n.
2065 3219 2142 3252 iust.
2166 3220 2285 3253 Bamb.
2310 3219 2418 3270 dmius
2441 3228 2505 3269 ius.

303 3266 376 3303 ἀπὸ
391 3266 545 3302 ὑπάτων
561 3269 620 3300 καὶ
632 3257 852 3311 ’πατρικίωΙᾷ
872 3262 909 3300 Ὁ
922 3263 1027 3300 αὐτὸς
1046 3265 1213 3310 βασιλεὺς
1226 3261 1373 3310 Ἰωάννῃ
1439 3267 1549 3299 Ambr.
1581 3266 1593 3310 ΙΙ
1622 3267 1641 3301 8
1672 3277 1761 3299 anno
1784 3265 1977 3298 duodecimo
2001 3267 2120 3308 aptone
2141 3265 2260 3298 Bamb.
2278 3265 2291 3307 u
2317 3264 2404 3304 mro]
2439 3272 2505 3296 mo.

303 3312 448 3358 ἐπάρχῳ
465 3315 701 3357 πραιτωρίων
717 3313 793 3345 Aila.
810 3312 822 3355 11
853 3313 890 3345 18
907 3312 1029 3344 iterum
1053 3319 1082 3345 et
1104 3311 1274 3345 ordinario
1294 3313 1371 3344 add.
1440 3313 1548 3344 Ambr.
1567 3311 1579 3355 ΙΙ
1608 3313 1628 3346 9
1656 3311 1694 3357 sp
1713 3310 1987 3343 III-LXXXIII·
2012 3310 2043 3343 V
2062 3310 2074 3353 ΙΙ
2107 3311 2147 3344 12
2171 3309 2360 3353 permaneat
2381 3307 2469 3349 ναῖς.
2495 3307 2507 3351 ΙΙ

303 3359 490 3393 Zachariae
514 3357 527 3401 ΙΙ
552 3360 592 3392 19
603 3356 646 3390 τὸ
663 3357 708 3390 L·
726 3357 738 3400 il
755 3353 921 3399 εὐσεβοῦς
932 3357 1002 3390 ML
1012 3357 1143 3397 Theoti]
1157 3356 1262 3390 θείας
1272 3356 1348 3390 Atii.
1362 3356 1373 3398 Η
1443 3358 1482 3390 13
1500 3356 1619 3389 iudicis
1636 3356 1690 3400 Vll
1712 3357 1751 3390 16
1768 3358 1847 3397 non]
1869 3360 1901 3388 et
1917 3366 1984 3388 non
2000 3355 2032 3389 T
2050 3365 2110 3388 no·
2131 3355 2187 3395 V!
2205 3355 2244 3389 18
2260 3362 2298 3386 ac
2310 3352 2363 3404 ‚VJ
2386 3361 2406 3384 a
2421 3352 2453 3385 T
2472 3355 2506 3404 et

304 3405 346 3437 20
363 3401 534 3443 διάταξις]
551 3414 651 3445 νομω
667 3404 702 3440 (ι’.
717 3415 742 3435 ε.
757 3400 865 3445 νόμος
874 3401 904 3443 *1)
921 3404 973 3435 cit.
992 3402 1151 3435 Theodori
1165 3403 1272 3435 codex.
1299 3402 1373 3434 Fuit
1441 3402 1567 3445 Rvulq.
1583 3400 1596 3445 ΙΙ
1618 3403 1658 3436 19
1674 3401 1848 3434 memoriae
1870 3414 1927 3434 om.
1950 3401 1998 3434 V¹
2015 3399 2028 3444 Ι
2046 3401 2084 3434 21
2107 3395 2382 3440 subsequentibus
2399 3407 2504 3448 susci-

307 3449 385 3482 Cod.
406 3451 437 3490 3,
451 3456 479 3490 3,
491 3456 507 3482 θ
522 3450 584 3492 (βι.
597 3445 627 3493 γ’
642 3447 706 3480 τοῦ
727 3444 877 3480 κώδικος
899 3449 946 3480 τί.
963 3444 994 3492 γ’
1010 3443 1169 3487 διάταξις
1187 3444 1371 3480 τελευταία
1440 3446 1533 3488 piens
1559 3448 1590 3479 in
1607 3458 1674 3480 ras.
1695 3445 1745 3479 V²
1760 3446 1772 3489 ΙΙ
1790 3446 1868 3479 haec
1883 3446 1915 3479 R
1931 3445 1944 3490 ΙΙ
1962 3446 2004 3479 22
2025 3444 2142 3478 cadent
2157 3443 2189 3477 Τ
2195 3444 2205 3463 ¹
2223 3441 2236 3486 Ι
2259 3442 2301 3475 23
2319 3444 2505 3485 conscripta

304 3494 409 3526 adscr.
421 3494 519 3527 schol.
530 3493 600 3534 Μ);
625 3494 667 3536 cs.
684 3493 848 3536 Krueyeri
859 3493 966 3526 adnot.
981 3499 1010 3525 et
1024 3493 1144 3525 initium
1156 3493 1272 3525 scholii
1284 3491 1372 3525 Tha·
1450 3491 1495 3523 V¹
1514 3490 1526 3534 ΙΙ
1548 3493 1590 3525 24
1610 3491 1842 3533 relinquerunt
1862 3489 1920 3534 Vn
1942 3490 2077 3523 definita
2102 3487 2150 3521 T·
2213 3487 2255 3520 25
2280 3488 2312 3519 et
2335 3498 2394 3519 om.
2420 3487 2465 3520 R·
2490 3486 2502 3531 ΙΙ

306 3537 400 3571 lelaei
423 3540 467 3571 ad
487 3538 566 3579 Β8,
582 3545 610 3579 2,
624 3545 675 3572 100
692 3551 727 3581 p.
741 3538 805 3572 418
820 3537 946 3570 Heimb.
972 3536 984 3580 ΙΙ
1009 3537 1051 3571 22
1072 3532 1267 3581 ἀφικόμενα
1289 3535 1338 3570 L¹
1439 3536 1479 3568 27
1504 3536 1640 3569 omnino
1663 3536 1814 3570 uidentes
1840 3535 1894 3578 Tss
1913 3536 1954 3570 28
1979 3535 2070 3575 haee]
2094 3533 2155 3566 hso
2212 3530 2286 3564 ’T’
2309 3540 2347 3564 nt!
2370 3531 2420 3564 V¹
2444 3531 2503 3564 ha-

306 3581 348 3614 24
368 3582 443 3614 τῶν
468 3583 541 3624 L'fl
568 3583 609 3616 27
631 3582 678 3616 εἰς
690 3583 733 3624 L]
757 3579 903 3627 πρὸςΜ
916 3582 928 3622 11
952 3583 994 3616 30
1015 3584 1088 3615 τοῖς
1108 3579 1336 3628 πράγμασιὶ
1438 3580 1513 3613 bere
1537 3581 1586 3614 Rss
1602 3582 1614 3624 ΙΙ
1641 3583 1683 3616 30
1708 3579 1969 3614 existimauimus
1993 3578 2026 3612 R
2040 3577 2054 3621 Ι
2081 3577 2120 3610 31
2146 3575 2305 3628 quaedam
2329 3575 2379 3609 17²
2395 3576 2408 3620 11
2423 3587 2500 3610 eru-

306 3626 402 3668 ³2eq.
426 3622 712 3668 ἀνεπιστήμονας
731 3646 775 3651 -
795 3623 1030 3668 εὐτυχοῦντας
1053 3628 1193 3671 πεῖραν]
1222 3625 1370 3659 inerudi-
1436 3625 1581 3658 ditorum
1594 3625 1642 3659 R¹
1665 3624 1925 3659 iuben-editorum
1944 3622 2010 3662 νὴ
2033 3620 2216 3655 ineruditos
2236 3627 2263 3654 et
2280 3621 2322 3655 32
2341 3621 2498 3657 habente·

305 3672 414 3704 torum
427 3688 467 3695 —
485 3671 675 3705 habentium
693 3672 952 3715 experimentum
971 3672 1017 3715 el!
1035 3668 1076 3706 δὲ
1098 3684 1156 3706 om.
1169 3671 1201 3705 L
1217 3670 1231 3715 Ι
1246 3671 1291 3706 33
1315 3670 1370 3705 ἐν·
1436 3670 1528 3705 Beck
1545 3671 1557 3715 ΙΙ
1582 3672 1624 3705 32
1649 3681 1837 3715 expet-u·
1862 3668 1908 3704 V¹
