2580 3984
1219 125 1297 173 691

281 238 570 287 <Ἐπίλογος.>
613 237 661 275 ‘H
679 240 724 284 σὴ
754 240 947 287 τοιγαροῦν
971 240 1138 285 ἐπιμελὴς
1166 244 1226 275 καὶ
1249 239 1438 287 φιλάρετος
1460 239 1752 287 μεγαλοπρέπεια
1775 240 1820 275 τὰ
1843 236 1959 275 οὕτως
1982 238 2070 285 ἡμῖν
2093 237 2249 285 εὐσεβῶς
2273 252 2390 285 παρα-

148 285 290 321 στάντα
310 282 619 332 παραφυλαξάτω,
640 284 662 320 ι’
688 289 832 331 χρυσίου
857 286 991 341 λιτρῶν
1015 289 1198 330 ἐπιτίμιον
1220 288 1274 330 τῷ
1300 289 1546 330 παραβαίνειν
1569 300 1606 321 τι
1628 286 1708 320 τῶν
1739 289 1800 322 ἐπὶ
1831 285 1975 330 τούτορς
2007 283 2090 332 παρ’
2123 283 2229 329 ἡμῶν
2258 286 2391 320 θεσπι-

148 331 321 366 σθέντων
349 329 532 375 τολμῶνιι
556 329 736 377 ὁρίζουσα.
785 328 870 365 οὐδὲ
890 344 960 386 γαρ
985 329 1153 366 κινδύνου
1177 335 1295 376 χωρίς,
1321 328 1411 365 ἀλλὰ
1434 334 1494 365 καὶ
1518 334 1600 376 περὶ
1624 331 1693 374 τὴν
1717 335 1903 377 σωτηρίαν
1921 331 2024 366 οὗτος
2045 331 2299 374 ἐπαχθήσεται
2316 334 2392 366 τοῖς

147 378 214 410 ἕως
238 375 471 420 ἐνθυμήσεως
494 375 602 421 ψιλῆς
625 375 892 422 παρασαλεύειν
914 390 962 411 τα
988 375 1132 411 δικαίως
1156 374 1240 422 παρ’
1268 372 1374 420 ἡμῶν
1400 374 1459 410 διὰ
1484 375 1592 411 τοῦδε
1616 378 1682 411 τοῦ
1708 376 1811 411 θειόυ
1843 374 1956 422 νόμου
1989 380 2229 421 τετυπωμένα
2259 378 2390 420 ἐπιχει-

147 423 260 467 ροῦσι.
307 421 341 457 d.
362 421 424 458 VI.
449 421 484 457 k.
511 421 618 457 Mart.
646 421 713 457 GP.
739 421 848 467 (imp.
873 421 958 467 dn.)
981 421 1170 458 Iustiniani
1193 422 1277 467 (pp,
1303 423 1393 465 Aug.
1427 431 1522 457 auno
1547 448 1556 458 .
1583 448 1592 457 .
1615 448 1624 458 .
1646 423 1751 467 post>
1784 432 1882 458 cons.
1905 422 2030 458 Basilii
2060 433 2114 458 vc.
2138 421 2258 467 <anno
2284 449 2292 458 .
2320 449 2329 458 .
2356 421 2391 466 .>
2438 426 2458 458 5

148 142 207 172 DE
235 139 622 174 ARGENTARIORUM
1971 130 2012 173 Ν
2014 143 2079 174 ov.
2101 129 2320 174 CXXXVI
2356 133 2389 171 l.

1234 605 1318 648 ff

431 691 611 746 ΠΕΡΙ
660 616 1362 747 ΑΡΓῩΡΟΠΡΑΤΙΚῼςΝ
1412 691 2111 745 ΣῩΝΑΛΛΑΓΜΑΤῼΝ.

721 769 776 816 (Ὁ
800 768 909 806 αὐτὸς
929 770 1099 816 βασιλεὺς
1120 774 1346 817 Στρατηγίῳ,
1370 769 1501 816 κόμητι
1526 769 1805 817 λαργιτιόνων.)

281 839 594 894 (Προοίμιον.)
639 839 683 874 Οἱ
717 839 755 871 ἐκ
790 839 856 872 τοῦ
894 838 1122 883 συστήματος
1157 840 1235 874 τῶν
1271 835 1558 884 οἷργυροπρατᾱὶν
1594 840 1658 882 τῆς
1691 835 1899 883 εὐδαίμονος
1935 837 2067 882 ταύτης
2102 836 2243 873 πόλεως
2277 836 2392 873 ἱκέται

145 884 331 931 γεγονότες
353 886 418 919 τοῦ
441 887 611 930 ημετέρου
634 885 784 929 κράτους
808 886 890 930 περὶ
914 883 1060 919 πολλῶν
1077 884 1170 938 ἠμὲᾷς
1193 883 1333 940 Ιᾔτησαν
1356 883 1565 930 κεφαλαίων
1573 884 1761 964 δὸοηθείας
1777 885 1960 919 αἰτοῦντες
1975 886 2107 927 τυχεῖν,
2131 882 2189 917 οἶα
2208 887 2268 918 καὶ
2285 881 2391 918 αὐτοὶ
2418 892 2458 923 10

147 929 289 964 πολλοῖς
319 930 466 965 ἑαυτοὺς
502 929 742 986 παρεχόμενοι
785 932 993 976 χρησίμους,
1035 929 1074 970 ἐξ
1106 943 1160 964 ων
1192 930 1459 974 αντιφωνήσεις
1482 932 1541 963 καὶ
1596 933 1798 975 ανείσματα
1821 927 2039 975 ὑπερχονται
2063 929 2199 965 παντὸς
2222 926 2391 963 κινδύνου

146 977 270 1018 μεστά.
319 976 424 1010 θείας
480 974 526 1020 ἀρ
554 977 660 1019 ημῶν
690 974 796 1016 οὔσης
826 972 1023 1017 διατάξει-υς
1048 976 1111 1019 τῆς
1134 974 1350 1019 βουλομένης
1374 974 1467 1009 κατὰ
1489 973 1597 1015 τάξιν
1615 975 1789 1021 γίνεσθαι
1814 973 1878 1010 τὰς
1902 972 2124 1018 ἀπαιτήσεις,
2155 977 2215 1009 καὶ
2239 976 2390 1019 πρῶτον

145 1023 212 1063 μὲν
240 1021 321 1055 τοὺς
352 1018 442 1054 ὑπευ
476 1019 578 1056 ύνους
609 1017 838 1055 εὐθύνεσθαι
870 1022 930 1054 καὶ
960 1021 1007 1056 τὰ
1031 1018 1156 1055 αὐτῶν
1179 1019 1389 1066 πράγματα,
1421 1018 1572 1066 ὕστερον
1597 1018 1637 1054 δὲ
1661 1020 1832 1067 ἐγγυητὰς
1856 1023 1916 1054 καὶ
1940 1019 2183 1065 μανδάτωρας
2206 1023 2266 1053 καὶ
2287 1017 2389 1054 ἅντι-

147 1066 332 1111 φωνητάς,
365 1065 567 1112 ἐξῃρῆσθαι
591 1063 631 1099 δὲ
653 1065 784 1108 ταύτης
808 1066 870 1108 τῆς
894 1066 1113 1110 νομοθεσίας
1135 1065 1178 1100 τὸ
1203 1064 1280 1099 κατ’
1307 1062 1437 1100 αὐτοὺς
1461 1066 1626 1109 σύστημα
1658 1069 1719 1099 καὶ
1748 1065 1902 1108 πάσχειν
1933 1065 1981 1099 τὰ
2005 1064 2159 1100 πάντων
2184 1063 2388 1108 δεινότατα,

146 1112 177 1145 εἰ
199 1110 363 1155 μέλλοιεν
387 1108 490 1145 αὐτοὶ
514 1112 582 1154 μὲν
603 1110 651 1155 μὴ
677 1109 865 1145 δύνασθαι
887 1112 1049 1157 χρῆσθαι
1072 1112 1116 1158 τῇ
1141 1112 1204 1155 τῆς
1228 1109 1426 1151 διατάξεως
1448 1111 1616 1156 βοηθείᾳ,
1641 1107 1723 1145 ἀλλ’
1747 1108 1859 1146 εὐθὺς
1883 1107 2137 1152 ἀπαιτεῖσθαι,
2169 1111 2200 1144 εἰ
2225 1108 2265 1144 δὲ
2288 1107 2387 1144 ἀντι·
2417 1118 2457 1151 15

147 1155 324 1211 ιξωνήσεις
348 1153 431 1201 παρ’
458 1156 593 1201 ἑτέρων
616 1155 775 1200 λάβοιεν,
798 1155 848 1200 μὴ
865 1159 983 1191 ποιεῖν
1009 1155 1129 1191 αὐτοῖς
1151 1156 1195 1191 τὸ
1220 1155 1349 1191 ἱκανὸν
1372 1156 1455 1190 τοὺς
1480 1154 1809 1201 ἀντιφωνήσαντας
1831 1153 1855 1199 ἢ
1879 1156 1961 1190 τοὺς
1979 1156 2122 1190 τούτων
2146 1153 2391 1201 μανδάτωρας

147 1216 168 1245 η
198 1201 478 1281 ἐγγυέζτᾴς,εκαὶ
510 1199 698 1246 προςήκειν
730 1205 790 1236 καὶ
821 1200 939 1237 αὐτοῖς
971 1200 993 1245 ἢ
1025 1204 1188 1246 μετεῖναι
1216 1203 1294 1236 τῶν
1325 1203 1464 1237 κοινῶν
1495 1200 1625 1246 νόμων
1656 1198 1679 1245 ἢ
1701 1199 1793 1246 μηδὲ
1817 1199 1936 1236 αὐτοῖς
1959 1197 2191 1236 ἀντικεῖσθαι
2214 1200 2284 1244 τὴν
2306 1198 2391 1245 ἡμε-

148 1260 258 1292 τεραν
305 1259 459 1287 ιαταδιν.

1166 1314 1324 1350 CAPUT
1347 1314 1377 1350 Ι.

283 1383 509 1426 Θεσπίζομεν
532 1385 667 1425 τοίνυν,
692 1380 800 1425 ἡνίκα
820 1384 914 1418 τινὲς
936 1383 1014 1418 τῶν
1037 1380 1194 1430 ἀργύρου
1217 1384 1396 1428 τραπέζης
1418 1381 1668 1428 προεστώτων
1685 1380 1892 1417 δανείσειᾰν
1906 1395 1992 1426 τινι,
2016 1386 2076 1417 καὶ
2095 1380 2118 1427 ἢ
2134 1380 2391 1430 ἄντιφώνησιν

146 1426 294 1471 λάβοιεν
317 1424 338 1471 ἢ
362 1427 531 1474 ἐγγυητὰς
555 1426 576 1471 ἢ
597 1426 853 1473 μανδάτωρας,
878 1427 1111 1463 ἇντιτίθοιτο
1136 1426 1177 1462 δὲ
1200 1428 1320 1463 αὐτοῖς
1343 1425 1365 1472 ἦ
1392 1426 1555 1468 διάταξις
1578 1432 1638 1462 καὶ
1662 1425 1684 1471 ἡ
1709 1427 1748 1468 ἐξ
1773 1429 1907 1470 ἐκείνης
1930 1429 2136 1474 εἰςαγομένη
2160 1427 2269 1474 τάξις,
2301 1429 2388 1465 τότε
2413 1436 2457 1469 20

145 1475 290 1520 κρατεῖν
305 1476 364 1507 καὶ
381 1470 437 1507 ἐπ’
456 1470 580 1507 αὐτῶν
595 1473 665 1516 τὴν
681 1472 859 1515 διάταξιν,
885 1474 915 1507 εἰ
928 1473 977 1518 μὴ
995 1473 1195 1520 σύμφωνον
1211 1471 1330 1508 ἰδικὸν
1347 1472 1572 1516 ποιήσαιντο,
1598 1470 1686 1507 ὥςτε
1703 1471 1832 1507 ἄδειαν
1847 1474 1941 1508 εἶναι
1957 1476 2013 1516 τῷ
2029 1472 2241 1509 δανείσαντι
2255 1478 2389 1521 χωρεῖν

145 1521 204 1552 καὶ
227 1517 321 1552 κατὰ
344 1519 409 1552 τοῦ
432 1517 675 1564 πρωτοτύπου
699 1522 759 1552 καὶ
782 1518 899 1563 (κατὰ
924 1518 1006 1564 τοῦ)
1024 1517 1262 1564 μανδάτωρος
1282 1521 1342 1552 καὶ
1366 1519 1431 1553 τοῦ
1456 1519 1640 1565 ἐγγυητοῦ,
1671 1518 1721 1562 μὴ
1746 1514 1966 1563 ἄναμένοντι
1989 1519 2073 1553 τοὺς
2096 1520 2160 1563 τῆς
2189 1518 2390 1561 διατάξεως

144 1563 319 1607 βαθμούς.
367 1562 430 1598 διὰ
460 1563 531 1610 γὰρ
561 1562 631 1606 τὴν
661 1564 740 1598 τῶν
766 1561 1056 1610 ἀργυροπρατῶν
1088 1568 1171 1610 περὶ
1194 1565 1241 1599 τὰ
1265 1562 1370 1599 κοινοὶ
1403 1563 1607 1608 συμβόλαια
1627 1562 1789 1606 σπουδὴν
1811 1563 1858 1598 τὰ
1878 1565 2030 1598 τοιαῦτα
2054 1565 2278 1610 προςιέμεθα
2301 1564 2389 1610 σύμ·

145 1621 262 1654 φωνα,
287 1606 329 1642 οὐ
354 1606 532 1644 δοκοῦντα
556 1609 657 1656 παρὰ
681 1609 749 1644 τὸν
771 1610 885 1653 νόμον
909 1610 1015 1653 εἶναι,
1038 1608 1135 1644 διότι
1160 1609 1302 1650 ἔξεστιν
1326 1609 1467 1653 ἑκάστῳ
1491 1610 1569 1644 τῶν
1594 1607 1800 1653 δεδομένων
1821 1607 1923 1652 αὐτῷ
1950 1609 2049 1655 παρὰ
2063 1611 2129 1644 τοῦ
2147 1609 2262 1655 νόμου
2279 1624 2390 1646 κατοι-

278 1699 365 1734 Νου.
396 1700 600 1735 CXXXVI
623 1700 749 1735 Graece
779 1707 899 1734 tantum
931 1707 1019 1734 extat
1046 1702 1079 1734 in
1104 1702 1189 1743 ML,
1214 1714 1240 1735 c.
1269 1703 1356 1735 1-6
1382 1702 1414 1734 in
1439 1701 1475 1734 Β
1501 1701 1554 1742 23,
1579 1708 1606 1738 4,
1627 1702 1825 1744 prooemium
1850 1701 1929 1733 add.
1955 1696 2027 1733 ΒΣ.
2065 1719 2108 1724 -
2149 1701 2239 1743 Epir.
2267 1701 2391 1735 Theod-

147 1746 210 1779 136
235 1747 325 1788 (inde
349 1744 431 1787 ΒΣ),
456 1747 578 1779 Athan.
607 1747 659 1785 15,
685 1753 713 1787 3,
739 1745 926 1789 Anonymus
950 1745 1157 1780 Bodleianus
1182 1759 1237 1789 ap.
1264 1747 1453 1780 Zachariae
1474 1741 1608 1779 Ἀνέκδ.
1631 1758 1667 1789 p.
1694 1747 1771 1780 221.
1818 1746 1942 1779 Iulian.
1967 1753 2066 1779 conse.
2097 1746 2266 1780 CXVIII.

281 1866 366 1915 Epi
376 1867 419 1903 lo
460 1876 518 1902 us.
566 1865 731 1912 Diliqens
759 1866 874 1912 iqitur
902 1869 938 1902 et
968 1866 1113 1903 virtutis
1143 1877 1271 1903 amans
1300 1868 1571 1913 maqnisicentia
1604 1870 1686 1911 tua,
1747 1878 1814 1903 uae
1845 1871 1918 1903 tam

143 1914 304 1950 observet
334 1923 378 1948 ac
432 1922 526 1948 ecem
555 1911 730 1947 librarum
761 1912 847 1947 auri
867 1911 1017 1947 multam
1040 1915 1179 1948 statuat
1201 1913 1235 1949 ei
1258 1913 1324 1959 qui
1345 1914 1434 1958 quid
1456 1924 1506 1949 ex
1528 1913 1574 1948 iis
1597 1924 1691 1959 quae
1739 1924 1758 1948 e
1782 1911 1839 1948 his
1854 1924 1877 1948 a
1894 1923 1941 1948 no
1966 1913 1998 1948 is
2012 1914 2154 1948 sancita
2170 1917 2255 1949 sunt
2271 1917 2390 1950 trans-

142 1958 293 1994 cendere
322 1957 466 1994 audeat.
514 1957 640 2008 Neque
669 1956 763 1992 enim
794 1957 930 2002 absque
954 1957 1122 2003 periculo
1153 1962 1278 2000 erunt,
1310 1968 1433 1994 verum
1466 1959 1584 2005 ipsum
1608 1958 1653 1994 de
1676 1959 1770 1994 vitae
1783 1958 1902 1994 salute
1911 1958 2117 2005 periculum
2135 1959 2181 1994 iis
2196 1959 2391 2004 inferetur,

142 2003 174 2038 si
197 2003 260 2048 qui
284 2003 340 2039 vel
361 2013 460 2039 mero
483 2001 634 2039 consilio
658 2012 702 2037 ea
725 2011 819 2047 quae
842 2003 934 2037 iuste
956 2012 980 2037 a
1003 2002 1107 2038 nobis
1128 2013 1197 2049 per
1219 2003 1314 2038 lianc
1336 2013 1481 2038 sacram
1505 2003 1620 2049 leqem
1643 2003 1841 2039 constituta
1858 2007 1943 2039 sunt
1961 2003 2187 2048 labefactare
2205 2007 2390 2050 temptent.

1970 1868 2002 1904 ie
2025 1868 2131 1904 nobis
2156 1868 2390 1915 placuerunt,

607 2244 710 2297 DE
739 2244 1158 2297 ARGENTARI
1158 2177 1367 2298 21}ng
1396 2230 1664 2298 CONTRA
1671 2246 1794 2297 CT]
1793 2246 1935 2298 BUS.

796 2322 898 2359 Idem
922 2325 1108 2370 Augustus
1132 2324 1318 2372 Strateqio
1342 2325 1465 2362 comiti
1488 2325 1734 2371 larqitionum.

280 2392 541 2439 Praefatio.
587 2391 658 2436 Qui
681 2392 719 2427 in
752 2391 905 2438 colleqio
936 2395 1021 2429 sunt
1050 2393 1344 2439 arqentariorum
1376 2392 1481 2428 liuius
1512 2392 1634 2438 felicis
1664 2392 1821 2429 civitatis
1855 2391 2041 2439 supplices
2072 2393 2172 2438 facti
2203 2396 2390 2442 potentiae

145 2443 290 2476 nostrae
319 2439 363 2474 de
391 2438 514 2474 multis
544 2437 724 2484 capitibus
754 2448 821 2472 nos
851 2441 1033 2483 roqarunt
1064 2437 1208 2474 auxilio
1238 2438 1354 2485 potiri
1380 2438 1582 2484 cupientes,
1618 2438 1754 2484 quippe
1790 2437 1853 2483 qui
1882 2438 1958 2490 ipsi
1986 2448 2130 2484 quoque
2157 2440 2281 2475 multis
2311 2451 2390 2478 sese

144 2485 249 2521 utiles
266 2486 467 2531 praestent,
491 2482 587 2518 unde
610 2483 827 2518 constitutae
844 2483 1026 2528 pecuniae
1050 2486 1086 2519 et
1105 2483 1220 2519 mutui
1244 2482 1483 2529 obliqationes
1506 2482 1659 2518 subeant
1682 2483 1799 2518 omnis
1820 2482 1976 2529 periculi
1999 2482 2138 2528 plenas.
2189 2484 2286 2521 Nam
2309 2497 2389 2522 cum

143 2541 252 2566 sacra
283 2533 410 2565 nostra
439 2531 540 2564 extet
563 2527 792 2568 constitutio,
817 2538 912 2573 quae
934 2527 1020 2564 velit
1042 2531 1082 2563 ut
1105 2528 1317 2564 exactiones
1339 2527 1535 2564 secundum
1560 2527 1723 2563 ordinem
1744 2528 1849 2572 fiant,
1877 2531 1915 2563 et
1929 2527 2092 2574 primum
2116 2529 2258 2575 quidem
2277 2531 2388 2578 prin-

145 2575 281 2623 cipales
311 2574 365 2610 rei
393 2583 589 2618 eorumque
608 2583 667 2608 res
690 2572 937 2616 excutiantur,
967 2572 1096 2608 deinde
1121 2577 1240 2609 autem
1258 2573 1492 2618 fideiussores
1514 2576 1548 2608 et
1572 2572 1807 2608 mandatores
1830 2576 1867 2609 et
1885 2574 2105 2609 constitutae
2116 2575 2299 2621 pecuniae
2321 2577 2388 2619 rei,

145 2621 256 2657 eximi
292 2620 337 2656 ab
372 2618 442 2654 liac
480 2618 558 2664 leqe
589 2617 779 2663 colleqium
810 2617 973 2664 ipsorum
1006 2621 1042 2653 et
1072 2618 1303 2654 acerbissima
1336 2628 1500 2671 quaeque
1519 2618 1614 2664 pati,
1639 2618 1810 2663 quoniam
1841 2617 1913 2671 ipsi
1937 2618 2087 2699 guidem
2120 2620 2389 2657 constitutionis

145 2665 287 2702 auxilio
311 2664 366 2700 uti
389 2666 580 2715 nequeant,
603 2662 668 2698 sed
682 2663 858 2709 protinus
881 2663 1091 2708 exiqantur‚
1116 2673 1195 2698 cum
1219 2674 1303 2699 vero
1328 2663 1372 2699 ab
1389 2663 1472 2698 aliis
1488 2663 1706 2698 constitutae
1719 2673 1897 2708 pecuniae
1913 2674 1934 2698 o
1959 2663 2153 2710 liqationes
2162 2666 2388 2713 percipiant,

145 2712 236 2758 ipsis
265 2720 338 2746 non
369 2708 607 2754 satisfaciant
622 2708 806 2755 pecuniae
829 2708 1045 2744 constitutae
1066 2708 1123 2744 rei
1143 2708 1198 2744 vel
1219 2719 1344 2744 eorum
1368 2707 1602 2743 mandatores
1626 2711 1691 2743 aut
1710 2707 1967 2752 fideiussores;
1998 2718 2042 2744 ac
2062 2720 2136 2756 par
2159 2720 2236 2746 esse
2259 2714 2301 2748 ut
2323 2715 2389 2748 aut

144 2756 217 2803 ipsi
240 2764 385 2802 quoque
407 2753 647 2790 communium
668 2753 787 2799 lequm
809 2753 1010 2800 participes
1032 2753 1106 2788 sint
1129 2757 1194 2788 aut
1216 2764 1260 2789 ne
1283 2753 1374 2800 ipsis
1399 2752 1542 2798 quidem
1566 2752 1776 2789 constitutio
1801 2757 1929 2789 nostra
1953 2753 2175 2790 adversetur.

278 2801 307 2836 Ι.
356 2798 547 2835 Saneimus
574 2798 701 2843 mitur,
738 2808 818 2833 cum
853 2799 918 2844 qui
951 2808 1000 2834 ex
1034 2798 1080 2834 iis
1115 2797 1180 2844 qui
1210 2809 1353 2834 mensae
1388 2797 1621 2841 argentariae
1648 2801 1828 2844 praesunt
1862 2802 2023 2834 mutuam
2051 2799 2245 2846 pecuniam
2276 2801 2389 2837 alicui

144 2846 317 2886 dederint,
342 2848 378 2881 et
400 2845 457 2880 vel
473 2844 690 2880 constitutae
707 2843 885 2890 pecuniae
902 2843 1154 2888 obliqationem
1170 2842 1226 2879 vel
1235 2843 1468 2888 fideiussores
1485 2842 1540 2878 vel
1562 2842 1796 2878 mandatores
1813 2844 2029 2889 acceperint,
2051 2848 2160 2890 atque
2175 2850 2390 2892 opponatur

145 2892 190 2927 iis
214 2890 422 2926 constitutio
447 2892 483 2925 et
507 2888 597 2924 ordo
614 2898 688 2934 per
710 2893 790 2924 eam
814 2888 1053 2930 introductus,
1076 2891 1117 2923 ut
1138 2891 1211 2923 tum
1235 2888 1342 2924 etiam
1366 2888 1404 2922 in
1428 2888 1530 2933 ipsos
1552 2888 1762 2924 constitutio
1786 2888 1924 2931 valeat,
1956 2889 2028 2924 nisi
2060 2890 2217 2936 speciale
2238 2895 2388 2938 pactum

143 2936 321 2982 fecerint,
352 2938 394 2970 ut
423 2933 530 2969 liceat
560 2932 732 2969 creditori
757 2936 830 2968 tam
852 2932 1094 2979 principalem
1117 2932 1310 2969 debitorem
1335 2943 1443 2978 quam
1467 2932 1716 2968 mandatorem
1740 2936 1776 2969 et
1794 2933 2045 2978 fideiussorem
2069 2936 2280 2978 convenire,
2311 2947 2388 2972 non

145 2992 195 3017 ex
221 2979 347 3016 ectatis
377 2977 643 3014 constitutionis
672 2977 857 3023 qradibus.
906 2977 1001 3013 Nam
1030 2980 1185 3023 propter
1214 2977 1373 3013 studium
1401 2978 1696 3023 argentariorum
1726 2979 1825 3013 circa
1859 2988 2062 3014 communes
2086 2983 2298 3016 contractus
2321 2981 2386 3016 ad-

146 2992 295 3062 htiitum
318 3023 496 3059 eiusmodi
510 3026 628 3069 pacta
651 3021 885 3064 admittimus,
909 3032 989 3057 cum
1013 3033 1086 3058 non
1110 3021 1301 3058 videantur
1325 3026 1453 3058 contra
1477 3022 1590 3069 leqem
1613 3032 1701 3066 esse,
1725 3022 1898 3069 quoniam
1922 3024 2116 3070 unicuique
2132 3024 2216 3060 licet
2233 3035 2277 3060 ea
2293 3035 2388 3071 quae

215 3151 235 3183 2
269 3148 336 3190 τῷ]
376 3149 449 3180 τοῖς
480 3147 525 3180 Μ
551 3147 606 3189 (cf.
640 3147 685 3179 ad
715 3147 747 3188 3)
778 3145 790 3186 11
817 3144 1108 3180 θεσπισθέντων
1139 3142 1229 3191 παρ’

147 3190 251 3238 ἡμῶν
275 3194 306 3226 L
331 3192 343 3236 ΙΙ
364 3193 383 3225 3
409 3188 634 3234 τολμώντων
658 3191 719 3231 La,
746 3187 930 3234 τολμῶντι
964 3202 1022 3222 om.
1055 3192 1087 3223 in
1116 3191 1233 3224 lacuna

148 3241 236 3273 6-7
265 3240 321 3272 liet.
344 3238 390 3270 M
404 3239 506 3277 (cuius
528 3236 691 3278 exemplar
714 3237 840 3268 videtur
865 3237 1014 3269 habuisse
1038 3233 1232 3279 τολμῶσιν,

148 3286 190 3326 cf.
217 3284 263 3316 ad
287 3283 320 3324 2)
338 3282 350 3325 ΙΙ
368 3278 482 3314 οὕτως
506 3282 537 3314 L
556 3283 569 3325 fl
584 3279 670 3323 τοῖς]
695 3279 758 3321 τῆς
784 3279 826 3312 Μ
843 3279 855 3323 ΙΙ
871 3282 892 3314 4
916 3275 1139 3325 εἰσηγήσεως,
1164 3293 1190 3314 s.
1203 3293 1231 3314 v.

148 3322 383 3370 ἐνθυμήσεως
404 3327 435 3359 L
454 3326 465 3370 ΙΙ
485 3328 503 3360 5
529 3326 560 3359 (1.
586 3325 633 3359 VI
659 3326 692 3357 k.
718 3324 817 3357 Mart.
843 3321 994 3370 (ἐγράφη
1018 3324 1089 3370 πρὸ
1116 3322 1144 3362 ς’
1171 3337 1231 3358 κα-

149 3371 295 3406 λάνὸων
321 3374 440 3415 Μαρτ.
465 3371 569 3413 ΑιΙι.)]
602 3370 632 3403 (1.
663 3370 696 3403 k.
729 3369 775 3402 iu.
808 3380 888 3402 mar.
916 3371 956 3402 M
977 3372 1062 3412 μηνὶ
1089 3373 1231 3415 μαρτίῳ

150 3419 271 3452 leeod.
300 3417 312 3461 ΙΙ
336 3427 386 3459 cp.
404 3416 530 3449 bilisar.
557 3425 605 3448 vo.
627 3425 730 3448 conss.
757 3415 807 3457 M,
833 3413 1018 3458 βασιλείας
1031 3413 1237 3449 Ἰουστινια-

147 3463 211 3497 νοῦ
237 3488 244 3495 .
271 3489 279 3498 .
303 3459 395 3506 μετὰ
426 3460 496 3503 τὴν
528 3457 708 3494 ὑπατείαν
731 3484 739 3492 .
762 3484 770 3493 .
796 3484 806 3494 .
830 3485 839 3494 .
856 3461 932 3494 Ath.
981 3460 1052 3493 ἔτει
1075 3460 1138 3503 τῆς
1158 3459 1233 3503 (λῆς

148 3508 267 3550 codex,
300 3509 384 3541 unde
413 3504 442 3539 λ’
472 3506 535 3548 τῆς
559 3513 615 3539 aut
638 3503 690 3548 λη’
717 3517 798 3539 corr.
824 3505 1025 3547 Zachariae)
1048 3503 1233 3548 βασιλείας

145 3548 400 3586 Ἰουστινιανοῦ
428 3552 569 3589 Theod.;
595 3550 660 3583 GP.
685 3550 764 3592 imp.
787 3549 841 3583 dn.
867 3549 1049 3583 Iustinia'ni
1072 3561 1128 3594 pp.
1145 3553 1231 3593 Aug.

148 3608 236 3630 anno
268 3597 372 3630 XXX
403 3597 479 3639 post
511 3606 601 3628 cons.
626 3595 747 3628 Basilii
782 3605 830 3628 vc.
865 3605 954 3628 anno
976 3594 1060 3629 XVI
1087 3597 1122 3634 (i.
1149 3609 1175 3630 e.
1200 3609 1230 3630 a.

150 3643 228 3684 557)
253 3643 441 3676 Zachariae
470 3640 483 3683 ΙΙ
509 3643 530 3676 6
556 3640 663 3682 ΡΛς]
684 3636 761 3694 ρλβ’
787 3641 882 3682 Ath.‚
906 3640 1013 3674 Anon.
1037 3640 1140 3674 Bodl.
1169 3643 1182 3685 ΙΙ
1211 3643 1230 3676 7

149 3688 237 3724 rubr.
262 3689 352 3735 Περὶ
372 3684 684 3733 συναλλαγμάτων
707 3686 991 3732 αργυροπρατιῦν
1008 3685 1113 3720 Anon.
1127 3686 1230 3723 Bodl.

1302 3147 1392 3190 Περὶ
1423 3146 1500 3180 τοῦν
1532 3143 1861 3179 συναλλαττόντων
1880 3147 1954 3179 τοῖς
1974 3142 2261 3192 ἆργυροπροίταις
2283 3147 2359 3182 Ath.
2375 3147 2388 3192 ss

1301 3193 1390 3234 Περὶ
1415 3191 1538 3232 MLB]
1563 3193 1653 3235 Περὶ
1676 3190 1754 3224 τῶν
1780 3191 1901 3224 Theod.
1918 3190 1931 3235 ΙΙ
1950 3193 2047 3226 inser.
2074 3205 2132 3224 om.
2158 3192 2241 3232 ML,
2267 3194 2391 3228 inserui

1302 3248 1340 3269 ex
1371 3236 1448 3269 Ath.
1474 3236 1488 3291 l!
1517 3238 1537 3270 9
1564 3234 1609 3269 Οἱ
1638 3249 1696 3268 οηι.
1729 3236 1835 3269 Anon.
1873 3236 1975 3270 Bodl.
2003 3235 2016 3273 ΙΙ
2046 3235 2183 3269 οἰκέται
2222 3237 2273 3270 βα
2298 3237 2311 3281 ΙΙ
2341 3240 2384 3272 10

1302 3282 1422 3322 τυχεῖν
1447 3281 1631 3314 αιτοῦντες
1657 3280 1714 3313 ΒΣ
1743 3280 1755 3324 ΙΙ
1786 3276 1904 3314 αὐτοῖς
1928 3281 1987 3314 Ma
2024 3280 2029 3323 Ι
2061 3283 2098 3315 11
2135 3279 2288 3315 πολλοὺς
2311 3283 2387 3326 L¹ss

1302 3323 1536 3370 ὑπερέχονται
1560 3326 1592 3359 L
1616 3321 1835 3370 ὗπέρχονται
1859 3327 1894 3359 Β
1912 3325 1925 3370 ΙΙ
1943 3328 1984 3360 12
2033 3325 2220 3368 ιατάξεως]
2243 3339 2315 3361 nov.
2330 3328 2392 3362 IV

1300 3370 1311 3414 ΙΙ
1329 3372 1368 3404 13
1400 3367 1630 3414 μανδοίτορας
1658 3373 1754 3411 (idem
1782 3372 1836 3413 16)
1861 3371 1897 3404 B
1914 3372 1927 3414 ΙΙ
1945 3367 1985 3404 δὲ
2008 3372 2070 3404 del.
2094 3383 2163 3405 cum
2188 3372 2387 3406 Haloandro

1300 3417 1385 3459 vuly.
1402 3415 1414 3460 ΙΙ
1437 3417 1478 3450 14
1501 3415 1626 3450 πάντα
1649 3416 1685 3449 Β
1701 3415 1714 3459 ΙΙ
1736 3417 1775 3451 15
1806 3416 1874 3458 μὲν
1898 3428 1957 3450 om.
1982 3416 2018 3449 B
2035 3416 2048 3459 ΙΙ
2067 3417 2109 3450 16
2133 3412 2388 3472 ἇντιφωνητὰς

1300 3461 1337 3494 Β
1355 3461 1367 3504 ΙΙ
1386 3456 1509 3495 αὐτῶν
1533 3461 1568 3494 Β
1594 3459 1607 3504 ΙΙ
1632 3463 1672 3494 17
1695 3462 1756 3493 καὶ
1781 3462 1916 3494 alterum
1940 3474 1999 3494 om.
2025 3462 2068 3504 L,
2098 3463 2158 3494 καὶ
2183 3463 2303 3495 αυτοῖς
2326 3475 2385 3496 om.

1301 3506 1337 3539 B
1355 3506 1366 3549 ΙΙ
1383 3504 1522 3549 νόμων]
1548 3501 1743 3548 ὄνομάτων
1767 3506 1817 3538 La
1834 3505 1847 3549 ΙΙ
1869 3508 1907 3540 19
1936 3503 2141 3540 δανείσαιεν
2164 3517 2239 3540 τινι
2263 3507 2295 3540 L
2312 3506 2325 3551 ss
2343 3508 2386 3542 20

1301 3547 1400 3584 αὐτῶ
1425 3552 1458 3584 L
1477 3550 1489 3595 ΙΙ
1506 3552 1547 3585 21
1573 3546 1813 3592 *ποιήσοιντο
1839 3552 1914 3585 libri
1930 3551 1942 3594 ΙΙ
1961 3552 2003 3585 22
2018 3550 2111 3584 κατὰ
2130 3551 2194 3584 τοῦ
2213 3553 2290 3586 add.
2309 3553 2385 3586 Ha-

1302 3596 1437 3630 loander
1453 3596 1526 3638 (καὶ
1543 3595 1614 3640 πρὸ
1631 3595 1695 3630 τοῦ
1709 3595 1951 3641 πρωτοτύπου
1965 3595 2057 3629 κατὰ
2069 3596 2134 3630 τοῦ
2146 3593 2385 3642 μανδοίτωρος

1301 3641 1488 3675 Zachariae
1505 3644 1536 3674 in
1550 3642 1739 3685 Appendice
1751 3654 1785 3685 p.
1800 3642 1855 3684 20)
1871 3641 1883 3684 ΙΙ
1902 3643 1946 3676 24
1960 3640 2028 3675 τὸν
2042 3639 2158 3685 νόμον
2171 3642 2230 3676 Ma
2246 3641 2259 3686 ΙΙ
2276 3653 2382 3676 κατα-

1301 3688 1448 3731 φρονεῖν
1468 3687 1545 3722 ΜΒ
1572 3687 1705 3728 Τίιεοᾱ]
1731 3689 1962 3731 περιφρονεῖν
1978 3688 2010 3720 L
2033 3687 2121 3726 Ath„
2148 3687 2254 3721 Anon.
2281 3687 2380 3721 Bodl.

2036 3742 2110 3778 87*
