2586 3990
183 141 246 174 UT
274 140 562 175 SPONSALIGIA
593 139 817 175 LARGITAS

687 290 759 333 Pie

357 363 542 418 ῼΣΤΕ
571 364 731 420 ΤΗΝ
762 365 884 419 AIA
914 364 1101 419 ΤΟῩΣ

183 431 483 485 ΓΑΜΟῩΣ
511 432 801 495 ΔῼΡΕΑΝ
820 431 1082 486 ΙΔΙΚΟΝ
1103 431 1268 485 ΣῩΝ-

1264 125 1350 173 573

2013 128 2121 172 Nov.
2152 127 2293 173 CXIX
2325 132 2361 171 1.
2392 130 2418 171 2

1713 296 1840 334 CXIX.
1887 297 1998 334 Auth.
2014 296 2140 333 CXIV.
2162 296 2313 334 coll.1X
2329 296 2384 333 tit.
2400 298 2420 331 2

1549 367 1602 417 R
1633 365 1729 417 UT
1767 365 2208 416 SPONSALICIA

1441 433 1784 485 LARGITAS
1823 433 2172 485 SPEOIALIS
2210 433 2321 484 SIT

185 500 560 553 ΑΛΛΑΓΜΑ
606 501 848 560 ΕΙΝΑΙ,
899 500 1039 553 ΚΑΙ
1083 499 1270 552 ΠΕΡΙ
1338 499 1809 562 OONTRAGTUS,
1849 503 1940 551 ET
1968 503 2063 551 DE
2099 500 2419 553 DIVERSIS

336 567 627 621 ΕΤΕΡῼΝ
658 567 1118 622 ΚΕΦΑΛΑΙῼΝ.

216 643 254 679 Ὁ
278 641 386 679 αὐτὸς
409 646 578 691 βασιλεὺς
601 651 731 695 Πέτρῳ
754 648 807 690 τῷ
833 644 1060 690 ἐνδοξοτάτῳ
1087 646 1233 692 ἐπάρχῳ

605 695 851 739 πραιτωρίων.

1660 569 2017 620 CAPITULIS
2053 570 2104 618 R

1360 645 1459 681 Idem
1481 646 1574 692 Aug.
1598 647 1706 682 Petro
1730 647 1984 700 gloriosissimo
2007 646 2190 699 praefecto
2215 655 2400 682 sacrorum

1595 702 1661 737 per
1685 691 1867 728 Orientem
1890 694 2163 737 praetoriorum.

1202 780 1362 816 CAPUT
1386 781 1415 818 I.

256 848 327 892 Τὴν
356 847 416 884 διὰ
451 849 532 884 τοὺς
561 848 695 896 γάμους
725 847 867 904 δωρεάν
890 846 1126 894 συνάλλαγμα
1155 845 1274 882 ἰδικὸν

1388 847 1649 893 Sponsaliciam
1668 847 1868 892 largitatem
1890 849 2115 884 contractum
2134 847 2325 892 specialem
2345 856 2424 882 esse

182 894 278 929 εἷναί
306 907 346 929 τε
378 898 439 929 καὶ
470 895 662 940 κρίνεσθαι
694 897 755 928 καὶ
785 908 835 939 μη
866 897 943 928 ταῖς
974 891 1099 927 ἄλλαις
1122 890 1272 938 δωρεαῖς
1341 895 1378 928 et
1399 893 1551 928 iudicari
1583 896 1620 929 et
1643 903 1716 929 non
1739 893 1817 930 aliis
1842 893 2095 929 donationibus
2126 902 2204 928 eam
2230 902 2423 928 connume-

183 936 299 983 αὐτὴν
318 940 633 995 συναριθμεῖσθαι
654 938 714 977 διὰ
731 941 796 974 τοῦ
814 936 995 984 παρόντος
1011 938 1124 982 νόμου
1142 938 1271 972 θεσπί-
1289 941 1330 972 10
1343 938 1416 973 rari
1447 949 1510 984 per
1535 942 1761 984 praesentem
1792 939 1972 974 sancimus
1996 939 2129 983 legem,
2159 938 2327 983 quoniam
2357 947 2424 982 pro

184 987 303 1029 ζομεν,
340 983 464 1029 ἐπειδὴ
495 982 580 1020 αντ’
608 982 717 1029 αὐτῆς
741 981 863 1028 ἰσότης
888 983 1033 1029 προικὸς
1057 981 1272 1018 έπιδίδοται.

184 1031 254 1085 εἴτε
274 1035 400 1085 τοίνυν
418 1034 567 1086 γένηται
590 1032 651 1065 ἐπὶ
671 1029 837 1085 πράξεως
861 1025 1137 1084 ὑπομνημάτων
1161 1031 1273 1083 ἐμφα-

1344 993 1386 1018 ea
1419 985 1620 1028 aequalitas
1655 984 1748 1020 dotis
1784 984 1941 1020 offertur.
1997 984 2078 1019 Sive
2111 983 2220 1028 igitur
2258 982 2323 1018 fiat
2357 982 2424 1018 sub

1342 1029 1451 1072 gestis
1471 1031 1780 1065 monumentorum
1802 1030 1878 1066 eius
1898 1029 2093 1065 insinuatio
2118 1029 2192 1065 sive
2213 1028 2320 1064 etiam
2341 1037 2423 1069 non,

183 1088 247 1119 νης
278 1077 349 1111 εἰτε
379 1079 440 1111 καὶ
470 1090 540 1121 μη,
571 1074 760 1120 κελεύομεν
790 1074 905 1118 αυτὴν
936 1071 996 1108 διὰ
1021 1086 1178 1109 παντων
1206 1087 1274 1116 την
1342 1074 1506 1110 iubemus
1541 1085 1620 1110 eam
1653 1085 1718 1120 per
1753 1075 1871 1111 omnia
1906 1085 2011 1111 suum
2041 1075 2153 1110 robur
2183 1073 2317 1109 habere
2350 1075 2426 1109 tam

183 1119 282 1156 ἰδίαν
303 1124 399 1165 ἔχειν
422 1120 535 1164 ἰσχύν,
559 1121 667 1155 τοῦτο
690 1122 757 1165 μὲν
782 1120 872 1166 πρὸς
895 1120 965 1163 τὴν
987 1122 1142 1166 γυναῖκα
1165 1120 1274 1153 τοῦτο
1342 1119 1439 1163 apud
1463 1120 1646 1155 mulierem
1670 1131 1777 1166 quam
1801 1120 1897 1166 apud
1921 1121 2046 1165 virum,
2077 1120 2151 1156 sive
2177 1119 2224 1155 ab
2247 1119 2325 1164 ipso
2349 1118 2424 1154 viro

185 1164 224 1201 δὲ
247 1169 338 1223 προς
360 1167 427 1202 τὸν
451 1165 584 1212 ἄνδρα,
610 1166 681 1201 εἴτε
705 1162 794 1211 παρ’
822 1163 934 1199 αὐτοῦ
959 1166 1024 1199 τοῦ
1050 1161 1181 1218 {vapos
1203 1163 1275 1198 εἴτε
1290 1167 1330 1199 15
1344 1165 1416 1199 sive
1440 1165 1485 1200 ab
1507 1165 1618 1200 altero
1643 1165 1763 1211 aliquo
1787 1166 1926 1201 mulieri
1951 1166 2054 1201 detur
2076 1175 2140 1202 seu
2165 1164 2425 1207 conscribatur,

184 1225 259 1267 παρ
302 1215 423 1267 ετέρου
446 1212 546 1246 τινὸς
576 1213 788 1267 τῇχγυναικὶ
819 1208 1026 1246 ἑπιδίδοται
1055 1223 1136 1253 ητοι
1165 1222 1274 1244 κατα-

1343 1210 1398 1245 vel
1422 1210 1459 1244 in
1475 1211 1542 1245 viri
1565 1220 1757 1255 personam
1781 1211 1926 1247 donatio
1950 1210 2024 1254 fiat,
2050 1214 2226 1256 quatenus
2245 1210 2344 1255 ipsas
2368 1219 2425 1244 res

183 1270 374 1304 γραφεται,
393 1270 504 1313 ηχουῗν
525 1257 572 1291 εἰς
595 1270 638 1311 το
661 1258 725 1312 τοῦ
747 1253 877 1310 ἀνδρὸς
898 1256 1094 1301 πρόςωπον
1113 1251 1135 1298 ἡ
1157 1253 1274 1300 δωρεὰ
1343 1255 1382 1289 in
1406 1255 1602 1299 nuptialem
1628 1256 1833 1291 conscribat
1857 1256 2093 1292 donationem.
2132 1255 2183 1291 Et
2199 1256 2288 1290 haec
2306 1254 2427 1291 valere

183 1307 342 1357 γίνεται,
378 1304 422 1348 ἐφ
459 1316 488 1346 ῳ
513 1302 678 1338 τὰαυτα
702 1314 900 1348 πράγματα
924 1302 971 1335 εἰς
992 1300 1148 1347 γαμικὴν
1167 1313 1275 1354 καιτα-

1344 1301 1604 1345 praecipimus‚
1648 1301 1904 1346 cuiuscumque
1940 1302 1987 1337 sit
2023 1301 2168 1336 donatio
2204 1299 2426 1345 quantitatis,

183 1359 324 1402 ζραψαι
348 1346 499 1395 δωρεάν.
554 1351 614 1381 καὶ
643 1360 762 1381 ταυτα
796 1349 943 1392 κρατεῖν
971 1344 1161 1390 κελεύομεν
1191 1356 1277 1387 οσης
1345 1345 1400 1382 vel
1423 1345 1454 1382 Si
1478 1356 1569 1391 non,
1592 1346 1700 1382 Sicuti
1722 1349 1778 1383 est
1802 1346 1956 1390 dictum,
1979 1346 2192 1382 insinuetur.

186 1407 232 1428 αν
256 1396 309 1437 εἰη
333 1393 535 1447 ποσότητος
558 1393 580 1437 ἦ
607 1390 742 1440 δωρεά,
775 1390 844 1427 κᾶν
873 1391 923 1436 μὴ
951 1394 1118 1437 γένηται,
1150 1390 1278 1425 καθὼς
1290 1392 1333 1425 20

184 1439 323 1484 εἴρηται
331 1465 340 1482 ,
366 1440 534 1485 ἐμφανης.

1196 1525 1354 1562 CAPUT
1378 1525 1424 1562 11.

254 1599 328 1630 Καὶ
351 1596 457 1631 τοῦτο
482 1594 521 1630 δὲ
547 1593 607 1630 διὰ
640 1596 702 1638 τῆς
726 1595 908 1641 παρούσης
936 1594 1164 1638 θεσπίζομεν
1193 1592 1270 1628 δια-

185 1640 340 1685 τάξεως,
376 1638 465 1685 effe-‘te
496 1639 624 1675 ἄδειαν
653 1641 746 1676 εἶναι
779 1643 853 1675 τοῖς
883 1643 976 1675 νέοις
1011 1641 1052 1674 ἐν
1085 1638 1185 1683 αὐτῷ
1217 1640 1272 1683 τῷ

1409 1594 1460 1630 Et
1482 1594 1551 1631 hoc
1576 1604 1718 1641 quoque
1740 1594 1923 1640 praesenti
1954 1594 2135 1631 sancimus
2160 1591 2428 1635 constitutione,

1342 1643 1384 1676 ut
1414 1640 1560 1676 licentia
1592 1640 1639 1676 sit
1670 1640 1867 1676 minoribus
1898 1640 1934 1675 in
1967 1640 2046 1685 ipso
2078 1644 2256 1686 tempore,
2289 1639 2326 1674 in
2358 1648 2428 1683 quo

185 1688 311 1733 καιρῷ,
337 1687 376 1721 ἐν
401 1687 502 1732 ῴπερ
526 1686 671 1727 ἔξεστιν
695 1683 816 1720 αὐτοῖς
841 1684 1084 1720 διατίθεσθαι
1107 1688 1189 1730 περὶ
1211 1686 1274 1728 τῆς
1342 1685 1428 1721 licet
1457 1686 1509 1722 eis
1533 1685 1660 1721 testari
1691 1686 1735 1721 de
1758 1685 1830 1721 alia
1854 1685 2074 1728 substantia,
2109 1686 2216 1720 etiam
2245 1694 2330 1721 suos
2354 1693 2428 1719 ser-

186 1731 293 1776 οἷλλης
324 1730 447 1767 αὐτῶν
470 1736 695 1777 περιουσίας,
726 1735 787 1766 καὶ
810 1731 893 1765 τοὺς
917 1729 1026 1765 ἰδίους
1057 1731 1193 1765 οἰκέτας
1216 1743 1273 1764 τε-
1287 1732 1330 1766 25
1343 1741 1406 1767 vos
1437 1731 1475 1766 in
1506 1731 1642 1767 ultimis
1672 1730 1916 1766 voluntatibus
1948 1731 2215 1773 manumittere,
2248 1729 2346 1765 nullo
2379 1728 2429 1764 eis

186 1777 364 1813 λευταίαις
385 1775 602 1833 βουλήσεσιν
627 1776 854 1822 ἐλευθεροῦν,
885 1774 1025 1821 μηδένα
1048 1775 1191 1810 τούτοις
1214 1777 1273 1820 ἐμ-

186 1821 372 1867 ποδισμὸν
391 1825 454 1867 τῆς
472 1822 609 1866 ηλικίας
629 1822 815 1866 ποιούσης,
837 1819 928 1861 ἀλλὰ
951 1819 1188 1865 σχολάζοντος
1208 1822 1273 1856 τοῦ

186 1869 300 1914 νόμου
324 1869 390 1903 τοῦ
414 1866 544 1915 πρώην
566 1867 777 1903 κωλύοντος.

1342 1776 1595 1821 impedimento
1621 1777 1751 1812 aetatis
1775 1775 1952 1820 faciendo,
1976 1776 2039 1812 sed
2062 1779 2212 1812 vacante
2236 1775 2313 1820 lege
2336 1783 2429 1820 quae

1342 1822 1412 1859 hoc
1435 1822 1600 1867 primitus
1623 1821 1850 1867 prohibebat.

256 1960 340 1994 Nov.
359 1959 485 1993 CXIX
499 1960 663 2000 (Anthent.
681 1959 768 1993 CXI
775 1959 858 1992 V=
875 1958 954 1993 Con.
968 1958 1031 1991 IX
1043 1959 1089 1992 tit.
1105 1958 1139 1991 2:
1164 1958 1278 2002 qloss.)
1298 1958 1423 1992 Graece
1442 1965 1531 1993 extat
1547 1960 1580 1993 in
1598 1959 1686 2001 ML,
1713 1959 1746 1993 in
1764 1958 1801 1992 Β
1818 1958 1921 1992 variis
1939 1957 2028 1992 loeis.
2044 1976 2091 1984 —
2107 1957 2200 2002 Epa.
2216 1956 2337 1991 Theod.
2354 1957 2430 1999 119,

188 2005 311 2039 Athon.
333 2007 386 2046 10,
403 2012 447 2038 10.
494 2005 617 2039 Iulian.
643 2012 740 2038 const.
770 2005 845 2038 CX.

258 2063 284 2083 c.
301 2050 326 2083 I
339 2056 427 2083 extat
443 2049 477 2082 Β
493 2051 547 2092 29,
557 2057 608 2091 4,1
633 2051 833 2083 coniunctum
857 2061 925 2082 cum
950 2061 1022 2081 nov.
1041 2048 1224 2082 CXXVII
1235 2049 1341 2091 capite
1359 2049 1389 2088 2,
1416 2050 1500 2082 unde
1525 2050 1607 2082 idem
1633 2050 1721 2083 locus
1744 2051 1778 2084 in
1794 2049 1826 2083 L
1851 2061 1976 2093 quoque
2000 2049 2102 2091 capiti
2119 2047 2143 2081 I
2163 2048 2298 2082 additur
2314 2048 2370 2089 (cff-
2387 2048 2434 2080 ad

189 2109 220 2129 υ.
234 2097 305 2135 21);
331 2096 435 2128 maior
456 2106 538 2137 pars
557 2095 657 2137 (-19
675 2092 908 2139 καταγράψαι
929 2090 1084 2137 δωρεάν)
1110 2094 1263 2136 repetitur
1279 2094 1312 2126 in
1330 2094 1380 2126 B⁸
1405 2095 1441 2126 Γ
1457 2096 1515 2134 5,1
1536 2107 1572 2138 p.
1592 2096 1658 2128 160
1671 2095 1775 2128 Zach.
1792 2113 1835 2118 —
1860 2094 1993 2128 Summa
2012 2093 2179 2127 Theodori
2196 2100 2243 2126 est
2263 2094 2296 2126 in
2312 2089 2384 2126 ΒΣ.

257 2153 284 2174 c.
302 2140 348 2174 II
367 2140 591 2183 Θεσπίζομεν
615 2134 723 2181 (ὥστε
747 2140 825 2172 add.
840 2137 906 2180 Bt)
931 2135 1058 2171 ἄδειαν
1082 2136 1176 2170 εἶναι
1189 2162 1289 2170 .....
1304 2139 1439 2171 extatB
1453 2140 1507 2180 48,
1522 2146 1600 2180 26,2
1626 2140 1687 2180 (13⁸
1716 2141 1752 2172 Ε
1767 2141 1819 2181 15,
1834 2147 1869 2173 44
1891 2152 1925 2182 p.
1940 2140 2005 2173 309
2023 2139 2152 2181 Zaclz.).
2174 2156 2218 2161 —-
2244 2138 2431 2171 Summaria

190 2187 309 2219 habent
331 2186 519 2230 Anonymus
543 2186 750 2218 Bodleianus
776 2185 818 2217 16
842 2183 1043 2226 (Zachariae
1064 2178 1197 2216 Ἀνέκδ.
1218 2195 1251 2225 ρ.
1267 2184 1343 2224 218,
1368 2185 1425 2216 ubi
1448 2185 1565 2217 citatur
1589 2182 1700 2228 νεαρὰ
1716 2183 1782 2230 ρς’)
1815 2192 1845 2218 et
1867 2179 1960 2218 Ῥοπ.
1987 2185 2089 2226 33,2;
2125 2195 2247 2217 summa
2269 2183 2433 2217 Theodori

191 2233 346 2275 repetitur
371 2232 403 2264 in
423 2227 483 2263 ΒΣ
509 2238 539 2264 et
561 2231 660 2263 schol.
675 2230 718 2271 L,
743 2230 923 2262 Athanasii
946 2230 978 2262 in
1001 2229 1170 2271 paratitlis
1194 2227 1271 2260 Ath.
1285 2230 1305 2262 9
1325 2232 1400 2267 §16.
1919 2236 1923 2239 ’

1244 2369 1375 2407 CXIX.

229 2443 317 2496 UT
345 2440 660 2495 DONATJO
694 2438 1015 2491 PROPTER
1050 2438 1355 2490 NUPTJAS
1386 2438 1761 2490 SPECIALIS
1797 2437 2233 2491 CONTRACTUS
2265 2437 2396 2503 SIT,

865 2506 959 2558 ET
987 2506 1090 2558 DE
1121 2507 1329 2558 ALIIS
1364 2507 1750 2559 C'APITIBIJS.

732 2584 835 2624 Idem
857 2587 1044 2633 Auqustus
1067 2586 1178 2622 Petro
1202 2585 1464 2633 qloriosissimo
1486 2586 1679 2633 praefecto
1696 2586 1901 2633 praetorio.

305 2658 335 2694 Ι.
391 2655 435 2693 Ut
449 2656 599 2692 donatio
611 2657 770 2702 propter
785 2655 935 2701 nuptias
950 2654 1121 2701 specialis
1139 2657 1349 2690 contractus
1365 2655 1414 2690 sit
1433 2657 1468 2690 et
1484 2654 1663 2690 iudicetur
1679 2665 1766 2691 neve
1783 2653 1935 2700 reliquis
1951 2651 2208 2688 donationibus
2223 2651 2433 2688 adnumere-

195 2709 265 2747 tur,
287 2714 356 2750 per
375 2705 603 2748 praesentem
629 2700 740 2746 leqem
763 2701 959 2743 sancimus,
984 2699 1155 2745 quoniam
1173 2710 1249 2745 pro
1274 2709 1318 2735 ea
1341 2699 1507 2746 aequalis
1531 2699 1718 2746 quantitas
1740 2699 1837 2735 dotis
1861 2699 2063 2744 confertur.
2109 2696 2193 2733 Sive
2212 2697 2327 2744 iqitur
2342 2697 2435 2733 actis

195 2751 504 2785 monumentorum
526 2746 713 2782 insinuata
736 2746 785 2781 sit
805 2746 879 2782 sive
897 2756 972 2781 non
987 2746 1046 2787 sit,
1070 2744 1231 2780 iubemus
1253 2755 1332 2780 eam
1353 2756 1423 2792 per
1439 2745 1559 2781 omnia
1583 2745 1652 2781 vim
1675 2756 1778 2780 suam
1795 2744 1938 2785 habere,
1965 2748 2037 2779 tam
2079 2747 2229 2778 uantum
2246 2742 2296 2778 ad
2310 2742 2433 2778 mulie-

194 2806 269 2831 rem
293 2803 402 2841 quam
427 2797 601 2839 quantum
626 2790 675 2826 ad
697 2791 830 2832 virum,
862 2791 936 2827 sive
956 2790 1000 2825 ab
1024 2790 1106 2836 ipso
1131 2789 1263 2825 marito
1295 2790 1370 2826 sive
1394 2789 1439 2826 ab
1465 2790 1539 2826 aiio
1564 2789 1639 2825 ullo
1663 2790 1806 2826 mulieri
1827 2789 1983 2836 offertur
2014 2798 2055 2824 ve
2093 2787 2346 2829 conscribitur,
2379 2787 2436 2823 vel

194 2841 302 2876 etiam
325 2839 363 2874 in
379 2848 546 2884 persona
569 2836 691 2872 mariti
716 2835 866 2872 donatio
886 2836 933 2881 sit
956 2836 1026 2877 ita,
1058 2838 1100 2870 ut
1122 2834 1264 2870 easdem
1294 2845 1354 2871 res
1382 2835 1421 2870 in
1444 2835 1643 2883 nuptialem
1675 2835 1909 2871 donationem
1940 2833 2154 2870 conscribat.
2203 2833 2323 2878 Atque
2345 2832 2435 2868 haee

195 2885 315 2921 valere
337 2884 510 2925 iubemus,
535 2882 789 2927 cuiuscumque
813 2881 1028 2926 quantitatis
1050 2880 1099 2915 sit
1122 2878 1281 2923 donatio,
1312 2880 1471 2923 etiamsi,
1496 2880 1796 2926 quemadmodum
1819 2879 1954 2916 dictum
1976 2883 2041 2920 est,
2066 2889 2140 2913 non
2163 2878 2213 2914 sit
2235 2877 2432 2913 insinuata.

307 2929 355 2964 11.
403 2928 487 2963 Hoc
518 2937 662 2979 quoque
685 2937 758 2972 per
774 2929 1006 2972 praesentem
1037 2925 1330 2961 constitutionem
1360 2926 1554 2968 sancimus,
1589 2930 1630 2961 ut
1653 2925 1853 2960 minoribus
1877 2935 1919 2960 eo
1943 2924 2025 2970 ipso
2051 2926 2222 2970 tempore,
2255 2933 2328 2968 quo
2353 2921 2436 2957 licet

195 2975 242 3010 iis
266 2973 310 3010 de
332 2973 484 3019 reliquis
514 2982 678 3018 ipsorum
710 2970 814 3006 bonis
838 2974 1085 3006 testamentum
1107 2970 1247 3015 facere,
1283 2971 1390 3006 etiam
1420 2981 1544 3006 servos
1573 2981 1661 3006 suos
1691 2970 1730 3005 in
1753 2970 1889 3005 ultimis
1917 2967 2163 3005 voluntatibus
2185 2967 2435 3004 manumittere

197 3020 316 3061 liceat,
340 3029 428 3054 neve
450 3017 563 3052 ullum
586 3016 632 3050 iis
655 3015 945 3062 impedimentum
969 3018 1071 3050 aetas
1094 3014 1240 3060 afferat,
1263 3015 1327 3051 sed
1349 3016 1413 3052 lex
1436 3026 1532 3061 quae
1547 3015 1660 3061 prius
1682 3014 1722 3050 id
1737 3013 1959 3061 prohibebat
1982 3016 2105 3049 cesset.

199 3085 2427 3101 W

267 3132 348 3173 2sq.
366 3125 477 3162 “saeve
497 3147 541 3152 -
565 3126 657 3160 εἶναι
683 3128 755 3160 ML
764 3129 794 3168 ς]
828 3129 917 3172 Περὶ
940 3126 1004 3159 τοῦ
1029 3124 1093 3160 τὰς
1117 3123 1178 3160 διὰ
1200 3126 1283 3161 τοὺς

200 3174 333 3219 γάμους
366 3172 502 3218 δωρεὰς
531 3171 580 3217 μὴ
608 3170 751 3217 χρῄζειν
782 3168 1057 3214 ὑπομνημάτων
1080 3172 1156 3205 Ath.
1193 3174 1282 3218 Περὶ

200 3216 388 3266 προγάμου
410 3216 546 3252 δωοεᾶς
570 3218 691 3251 Theod.
721 3217 734 3261 ΙΙ
763 3219 785 3250 4
814 3218 896 3262 περὶ
920 3216 997 3249 τῶν
1020 3216 1156 3260 ἑτέρων
1180 3218 1212 3250 L
1237 3220 1282 3256 (in

200 3268 297 3308 textu)
328 3266 412 3308 περὶ
436 3247 558 3296 ἄλλων
581 3263 658 3295 Atta.
687 3263 805 3295 Theod.
841 3262 880 3294 de
903 3261 1042 3294 diversis
1066 3273 1085 3298 ς
1109 3261 1121 3304 ΙΙ
1150 3263 1189 3296 13
1212 3262 1284 3296 εἴτε

199 3310 249 3356 μὴ
274 3312 305 3344 L
336 3309 349 3354 ΙΙ
378 3311 419 3343 14
443 3305 554 3349 ἰδίαν]
586 3307 721 3341 οἰκείαν
745 3306 797 3340 ΒΓ
816 3306 828 3350 11
858 3306 968 3340 τοῦτο
990 3307 1058 3350 μὲν
1084 3307 1130 3339 M
1131 3308 1173 3348 ς]’
1194 3302 1285 3341 ὅσον

201 3357 272 3391 LB
298 3355 310 3399 ΙΙ
333 3354 442 3388 τοῦτο
467 3373 509 3378 -
538 3355 580 3387 15
605 3349 723 3395 ἄνδρα
746 3365 804 3385 om.
829 3352 899 3384 LB
926 3350 938 3394 ΙΙ
971 3353 1012 3385 16
1037 3348 1178 3385 δίδοται
1202 3352 1249 3386 Bl
1274 3353 1285 3395 Ιξ

201 3400 294 3444 ἤτοι]
319 3399 390 3433 εἴτε
407 3400 455 3432 B⁸
470 3398 483 3437 ΙΙ
503 3400 542 3432 21
562 3395 743 3442 ἐμφανής]
762 3396 932 3442 ἐμφανής,
949 3391 1038 3430 ὅσον
1053 3398 1179 3440 μέντοι
1195 3396 1285 3443 πρὸς

201 3445 269 3488 τὴν
291 3446 452 3492 γυναῖκα.
486 3439 580 3476 Ἀλλ’
603 3439 727 3484 ἐπειδὴ
746 3441 784 3481 ἐξ
808 3438 918 3483 αὐτῆς
939 3441 1002 3483 τῆς
1025 3441 1101 3475 τῶν
1119 3441 1285 3488 πραγμά-

201 3503 279 3526 των
298 3486 522 3533 εὑρίσκοντες
538 3490 661 3531 πείρας
672 3506 715 3512 -
729 3484 867 3521 ἄτοπον
883 3483 968 3529 ἡμῖν
985 3484 1079 3520 εἶναι
1094 3483 1192 3521 δοκεῖ
1207 3489 1285 3520 add.

203 3537 273 3570 BL
290 3548 328 3569 ex
344 3548 415 3568 nov.
433 3533 616 3568 CXXVII
629 3545 655 3566 c.
670 3533 702 3573 2,
719 3534 775 3565 ubi
789 3533 854 3565 vid.
871 3531 883 3575 ΙΙ
910 3532 953 3564 22
972 3533 1004 3564 in
1021 3544 1123 3576 πται-9.
1140 3535 1190 3576 βι.
1207 3531 1286 3566 τῶν

204 3578 405 3624 βασιλικῶν
424 3578 483 3624 μη’
505 3581 551 3612 τί.
569 3575 619 3614 κς’
645 3575 756 3620 νεαρὰ
774 3575 852 3620 ριθ·’
876 3587 924 3609 κε.
964 3573 973 3584 ’
995 3576 1028 3610 L
1054 3576 1067 3619 ΙΙ
1095 3578 1137 3611 25
1163 3573 1287 3611 αὐτῶν

205 3638 264 3659 om.
290 3637 309 3662 ἔ
336 3625 349 3664 ΙΙ
379 3626 420 3659 26
443 3621 592 3678 μηδένα]
617 3624 677 3655 καὶ
699 3618 838 3665 μηδένα
859 3621 914 3665 ῌΡ
939 3588 965 3663 ff!

208 3672 239 3711 1,
253 3677 269 3704 6
286 3675 302 3709 §
320 3677 335 3704 7
354 3669 368 3714 ΙΙ
390 3667 604 3710 κωλυοντος]
628 3664 744 3712 μόνον
769 3665 835 3700 ἐὰν
859 3666 927 3700 ὦσι
949 3663 993 3698 ιδ’
1015 3666 1192 3701 ἐνιαυτῶν
1209 3668 1286 3701 add.

207 3715 239 3754 L
261 3714 472 3763 (interpolata
495 3727 534 3752 ex
558 3714 695 3756 Tkeod„
719 3713 776 3746 ubi
799 3713 918 3747 citatur
947 3712 1024 3747 eod.
1039 3712 1071 3754 6,
1085 3719 1131 3754 22,
1146 3714 1175 3755 4)

982 3622 1024 3655 28
1048 3619 1173 3665 νόμου]
1205 3622 1286 3656 Inst.

1406 3129 1425 3161 3
1450 3128 1641 3160 contractus
1672 3125 1717 3159 sit
1741 3126 1774 3158 R
1798 3125 1811 3168 ΙΙ
1834 3126 1856 3158 4
1882 3123 2032 3164 diversis]
2065 3122 2184 3157 ceteris
2203 3123 2238 3156 V
2257 3122 2270 3165 ss
2298 3123 2318 3155 6
2340 3132 2434 3164 prae-

1352 3173 1450 3213 fecto]
1488 3183 1542 3215 pp.
1571 3172 1604 3204 T
1633 3181 1709 3213 ppo.
1732 3171 1766 3204 V
1782 3170 1794 3212 ΙΙ
1821 3171 1839 3203 7
1867 3171 2060 3211 praetorum
2082 3169 2115 3201 R
2140 3166 2153 3212 ΙΙ
2183 3168 2202 3201 8
2227 3167 2435 3209 spiritualem

1354 3218 1405 3251 Τ1
1422 3218 1433 3261 ΙΙ
1461 3219 1502 3251 10
1526 3217 1632 3258 legem
1656 3214 1842 3248 sanccimus
1866 3214 1899 3247 Τ
1920 3213 1932 3257 ΙΙ
1958 3215 1995 3248 11
2021 3212 2205 3254 aequalitas
2229 3212 2262 3243 R
2279 3212 2378 3255 ωας]
2402 3213 2435 3244 et

1354 3262 1516 3305 equalitas
1537 3261 1598 3295 VT
1610 3259 1623 3304 ΙΙ
1641 3261 1799 3292 offeratur
1821 3257 1875 3303 VH
1904 3259 1943 3293 13
1968 3260 2077 3299 suum]
2101 3257 2174 3290 siue
2197 3256 2246 3289 12¹
2264 3255 2277 3298 ΙΙ
2295 3257 2337 3290 16
2359 3266 2434 3298 per·

1353 3319 1432 3340 sona
1457 3305 1592 3339 donatio
1617 3324 1660 3328 —
1688 3306 1728 3338 19
1751 3304 1852 3337 sicuti
1875 3316 1938 3337 scr.
1955 3302 2002 3335 R²
2022 3304 2055 3336 in
2077 3315 2141 3336 ras.
2160 3303 2180 3335 2
2200 3313 2252 3333 vv.
2270 3300 2283 3344 ΙΙ
2311 3302 2350 3335 17
2376 3301 2435 3334 do-

1354 3354 1524 3385 nationem
1548 3349 1735 3383 conscribat
1759 3349 1833 3391 R(²)
1848 3349 1932 3391 vulq.
1959 3348 1972 3392 ΙΙ
1996 3348 2059 3380 hoc
2082 3346 2288 3389 R(²)vulq.n
2315 3345 2435 3379 habere

1359 3400 1391 3431 T
1410 3397 1422 3441 ΙΙ
1448 3398 1490 3431 22
1508 3398 1595 3430 rubr.
1621 3395 1689 3432 Qui
1708 3404 1822 3427 seruos
1854 3404 1931 3427 suos
1954 3393 2188 3425 manumittere
2219 3392 2360 3433 possunt
2379 3390 2436 3424 uel

1354 3453 1422 3476 non
1448 3442 1522 3475 ΒΤ
1540 3442 1574 3475 in
1598 3453 1701 3483 marq.
1727 3441 1779 3480 (ex
1802 3439 1880 3481 Iul.)
1906 3437 1918 3482 ΙΙ
1951 3437 2189 3471 constitutione
2212 3434 2377 3468 sancimus
2409 3436 2444 3469 V

1356 3489 1440 3531 vulq.
1457 3486 1470 3531 ΙΙ
1497 3487 1540 3520 24
1565 3485 1595 3518 ei
1619 3485 1667 3517 1³¹
1691 3484 1703 3528 ΙΙ
1727 3495 1840 3517 seruos
1859 3495 1935 3516 suos
1961 3484 1992 3517 T
2013 3482 2026 3528 ΙΙ
2049 3484 2090 3517 27
2116 3483 2198 3516 haec
2221 3480 2377 3524 primitus
2408 3480 2444 3515 V

1355 3531 1512 3576 primitus
1535 3531 1599 3563 hoc
1623 3530 1656 3562 R
1681 3528 1693 3574 ΙΙ
1715 3530 1890 3572 prohibeat
1912 3528 1948 3562 R
2498 3542 2500 3544 ·
