2618 4010
304 132 408 175 Nov.
426 131 627 175 LXXVII
648 131 670 173 1

1368 124 1454 178 382

2010 146 2070 181 UT
2099 147 2188 182 Non
2216 147 2512 181 Luxussm'run

1307 299 1464 337 CAPUT
1488 299 1517 335 Ι.

345 373 489 419 Ἐπειδὴ
510 373 554 410 δέ
574 387 667 411 τινες
689 373 759 411 ὑπὸ
782 377 844 421 τῆς
866 375 1071 422 διαβολικῆς
1094 379 1270 424 ἐνεργείας
1292 390 1373 414 συν·

303 419 463 501 εχόῧνοι
491 423 552 454 καὶ
582 425 659 456 ταῖς
683 424 895 467 βαρυτίραις
924 420 1118 469 ἀσελγείαις
1133 421 1280 458 ἑαυτούς
1302 425 1374 458 ἐνέ-

301 469 350 510 βα
450 470 510 500 καὶ
541 463 648 510 αὐτῆς
681 467 742 510 τῆς
777 466 917 513 φύσεως
951 464 1129 502 τάναντία
1164 467 1375 515 πράττουσι,

269 535 273 538 -
303 514 362 545 καὶ
391 510 530 546 τούτοις
559 512 818 559 παρεγγυῶμεν
840 511 966 558 λαβεῖν
992 511 1083 547 κατὰ
1106 513 1194 548 νοῦν
1223 512 1289 548 τὸν
1311 514 1376 548 τοῦ

305 557 393 591 θεοῦ
412 555 529 602 φόβον
551 560 612 591 καὶ
634 556 703 600 τὴν
723 556 924 602 μέλλουσαν
948 562 1067 612 κρίσιν
1093 561 1152 592 καὶ
1175 556 1378 601 ἀπέχεσθαι

301 603 379 636 τῶν
398 600 576 637 τοιούτων
596 600 656 636 δια
682 600 815 637 ολικῶν
834 605 894 636 καὶ
917 599 1070 638 droam
1089 599 1296 650 ἀσελγειῶν,
1317 603 1378 638 ἵνα

301 646 350 690 μὴ
374 645 434 682 διὰ
462 648 540 682 τῶν
562 660 739 682 τοιουτων
768 644 914 692 ἀσεβῶν
939 647 1106 694 πράξεων
1134 644 1206 683 ὑπὸ
1230 645 1291 702 τῆς
1314 648 1377 683 τοῦ

303 692 393 727 θεοῦ
413 690 553 727 δικαίας
575 690 677 742 ὄργῆς
700 690 880 739 εὖρεθῶσι
904 696 964 726 καὶ
989 692 1027 727 αι’
1045 691 1164 728 πόλεις
1187 706 1278 738 μετα
1300 695 1378 728 τῶν

303 737 500 773 οἰκούντων
532 740 572 772 ἐν
596 736 719 773 αὐταῖς
743 734 995 782 ἀπολλύμεναι.
1037 736 1289 783 διδασκόμεθα
1312 737 1379 786 γὰρ

1489 378 1610 430 Ιςὶῐιιιζ
1621 377 1787 422 quoniam
1799 379 1955 431 ,quidam
1974 381 2151 418 diabolica
2169 382 2400 425 instigatione
2420 391 2517 417 com-

1445 422 1613 467 prehensi
1633 426 1698 475 ‘et‘
1711 424 1925 467 gravissimis
1960 425 2108 463 luxuriis
2140 428 2349 473 semetipsos
2378 426 2518 462 inseru-

1446 472 1550 520 erunt
1572 470 1609 502 et
1630 477 1701 520 ipsi
1724 470 1876 521 naturae
1899 471 2079 506 contraria
2196 475 2222 516 t,
2245 478 2282 509 et
2298 472 2377 508 istis
2401 471 2531 510 iniun-⁴

1446 522 1561 557 gimus
1584 521 1749 557 accipere
1771 524 1808 548 ιιι
1833 514 1996 551 sensibus
2025 516 2081 552 dei
2109 520 2269 554 umorem
2300 522 2337 553 et
2359 516 2518 552 futurum

1414 561 1432 592 5
1447 557 1615 593 iudicium
1651 562 1688 593 et
1720 557 1901 594 abstinere
1931 559 1985 595 ab
2022 560 2224 599 huiusmodi
2262 561 2445 598 diabolicis
2483 565 2521 595 et

1447 602 1579 638 illicitis
1602 602 1764 645 luxuriis,
1798 607 1839 638 ut
1862 614 1933 639 non
1955 615 2019 649 per
2041 605 2241 643 huiusmodi
2264 607 2392 652 impios
2416 609 2518 642 actus

1448 648 1493 683 ab
1512 648 1566 683 ira
1589 648 1645 683 dei
1667 648 1762 684 iusta
1786 649 2011 684 inveniantur
2035 654 2070 685 et
2090 651 2248 688 civitates
2273 663 2353 688 cum
2376 652 2517 687 habita-

1447 692 1586 729 toribus
1620 702 1744 729 earum
1780 698 1940 739 pereant.
1995 694 2175 731 Docemur
2209 697 2301 733 enim
2336 707 2360 732 a
2393 696 2521 732 divinis

1448 737 1645 784 scripturis,
1674 739 1758 783 quia
1782 749 1826 774 ex
1848 739 2054 775 huiusmodi
2073 740 2190 786 impiis
2213 742 2352 779 actibus
2375 746 2413 778 et
2434 741 2519 777 civi-

303 780 373 837 διὰ,
385 784 463 818 τῶν
481 781 596 831 ἁγίων
619 784 783 831 γραφῶν,
807 779 863 817 ὅτι
883 785 921 816 ἐκ
938 784 1015 818 τῶν
1032 781 1211 818 τοιούτων
1233 782 1380 828 ἀσεβῶν
1395 787 1435 819 10
1449 785 1542 820 tates
1568 794 1649 819 cum
1673 783 1874 820 hominibus
1903 784 2038 830 pariter
2061 787 2253 830 perierunt.

303 828 471 876 πραξεων
505 832 565 869 καὶ
599 827 718 863 πόλεις
752 831 825 862 τοῖς
859 825 1072 874 ἀνθρώποις
1107 827 1379 864 συναπώλοντο.

302 876 323 910 l
366 871 513 916 Ἐπειδὴ
544 872 586 908 δέ
615 885 708 908 τινες
739 872 828 920 πρὸς
860 876 931 908 τοῖς
960 875 992 908 εἰ
1015 876 1155 917 ημένοις
1185 878 1245 909 καὶ
1272 874 1379 919 βλάσ·

303 932 404 974 φημα
439 918 581 965 ῥήματα
616 921 676 952 καὶ
707 915 828 967 ὅρκους
863 922 946 964 περὶ
1014 920 1074 953 εοῦ
1109 916 1282 963 ὀμνύουσι
1298 919 1381 973 -τὸν

307 965 395 1017 θεον
411 977 465 998 πα
488 965 700 1011 οργίζοντες,
724 966 783 1018 καὶ
803 962 943 998 τούτοις
966 968 1099 1008 ομοίως
1121 977 1381 1020 παρεγγυωμεν

1448 878 1468 911 1
1515 875 1566 910 Et
1601 874 1768 919 quoniam
1804 874 2027 920 quidam‘ad
2057 875 2150 911 haec
2207 886 2273 912 uae
2305 876 2454 912 diximus
2487 878 2523 911 et

1450 920 1660 966 blasphema
1683 920 1792 955 verba
1815 921 1853 955 ct
1871 924 2095 956 sacramenta
2119 920 2162 956 de
2211 931 2252 956 eo
2275 921 2396 956 iurant
2418 922 2523 957 deum

1451 965 1498 1001 ad
1520 965 1742 1001 iracundiam
1764 970 2013 1010 provocantes,
2045 968 2082 1001 et
2112 966 2191 1001 istis
2219 965 2431 1011 iniungimus
2459 967 2521 1002 ab·

302 977 531 1052 αποσχέσθαι
561 1010 640 1043 τῶν
661 1020 839 1063 τοιούτων
866 1007 1095 1054 βλασφήμων
1118 1010 1292 1056 ῥηματων
1322 1013 1381 1044 καὶ
1397 1013 1435 1046 15
1451 1011 1583 1047 stinere
1618 1010 1663 1046 ab
1696 1009 1901 1046 huiusmodi
1931 1010 2150 1056 blasphemis
2185 1010 2302 1047 verbis
2334 1014 2372 1046 et
2405 1011 2523 1047 iurare

305 1056 366 1088 τοῦ
402 1051 555 1098 ὀμνύναι
589 1052 680 1088 κατὰ
711 1065 829 1100 τριχος
864 1067 904 1088 τε
940 1057 999 1088 καὶ
1031 1054 1183 1109 κεφαλῆς
1215 1059 1275 1090 καὶ
1304 1056 1382 1090 τῶν

303 1098 440 1134 τούτοις
471 1097 738 1146 παραπλησίων
762 1097 943 1144 ῥημάτων,
991 1101 1023 1134 εἰ
1044 1113 1114 1147 γαρ
1147 1100 1187 1134 αἱ
1209 1098 1293 1135 κατ’
1320 1098 1381 1135 ἀν-

305 1144 474 1191 θρώπων
496 1142 684 1191 γινόμεναι
707 1142 935 1190 βλασφημίαι
959 1142 1183 1189 ἀνεκδίκητοι
1207 1144 1248 1180 ού
1273 1160 1380 1180 κατα·

304 1188 555 1234 λιμπάνονται,
574 1187 697 1232 πολλῷ
718 1187 853 1233 μᾶλλον
873 1187 893 1224 ὁ
915 1190 963 1225 εἰς
984 1188 1073 1225 αύτὸ
1091 1189 1132 1225 τὸ
1147 1191 1253 1225 θεῖον
1270 1190 1380 1236 βλασ-

304 1236 436 1290 φημῶν
450 1233 547 1288 ἄξιός
569 1236 646 1269 ἐστι
669 1239 843 1289 τιμωρίας
867 1233 1080 1279 ὑποστῆναι.
1117 1234 1178 1270 διὰ
1194 1238 1300 1271 τοῦτο
1317 1229 1382 1271 οὖν
1395 1239 1437 1271 20
1450 1238 1613 1273 omnibus
1627 1237 1802 1281 ‚huiusmo
1829 1248 1843 1289 1
1863 1237 2102 1289 praecipimus
2127 1247 2149 1272 a
2172 1247 2237 1282 pra

305 1291 443 1315 παντας
475 1291 558 1314 τους
591 1291 773 1315 τοιουτους
801 1283 1052 1328 προτρέπομεν
1083 1283 1122 1315 ἐκ
1137 1283 1223 1335 ςτῶν
1247 1283 1380 1334 εἰρημεξ

304 1338 382 1360 νων
412 1323 727 1379 πλημμελημάτων
756 1324 987 1368 ἀποσχέσθαι
1018 1329 1078 1360 καὶ
1107 1340 1173 1361 τον
1205 1328 1268 1362 τοῦ
1289 1327 1381 1362 θεου
1408 1333 1410 1335 ’

306 1368 423 1417 φόβον
454 1384 544 1405 κατα
567 1383 654 1405 νουν
678 1369 876 1424 λαμβάνειν
899 1374 959 1405 καὶ
982 1368 1197 1406 ἀκολουθεῖν
1225 1375 1298 1407 τοῖς
1321 1386 1382 1406 κα-

1451 1066 1515 1101 per
1533 1055 1683 1101 capillos
1707 1059 1742 1091 et
1758 1060 1868 1101 caput
1891 1059 1929 1092 et
1949 1055 2006 1092 his
2031 1056 2194 1102 proxima
2217 1056 2335 1092 verba.
2373 1055 2525 1091 Sienim

1451 1104 1578 1137 contra
1608 1101 1770 1137 homines
1803 1101 1923 1137 iactae
1954 1101 2194 1146 blasphemiae
2222 1100 2419 1146 impunitae
2453 1111 2525 1136 non

1450 1147 1539 1182 relin
1565 1148 1711 1189 uuntur,
1735 1146 1847 1182 multo
1872 1146 1981 1191 magis
2007 1146 2067 1191 qui
2090 1147 2207 1192 ipsum
2232 1146 2336 1182 deum
2357 1145 2524 1191 blasphe-

1449 1194 1524 1227 mat
1573 1192 1674 1236 ‘gnus
1700 1194 1755 1227 est
1771 1191 1947 1244 suplicia
1969 1192 2153 1228 sustinere.
2196 1191 2407 1272 PrgAEtei-ead
2410 1191 2525 1271 {131th

2296 1246 2363 1271 c1s
2444 1246 2475 1271 ic
2492 1246 2523 1270 is

1451 1282 1630 1318 abstinere
1662 1286 1698 1317 et
1728 1282 1786 1318 dei
1817 1285 1978 1318 timorem
2010 1293 2047 1317 ιιι
2072 1282 2178 1318 corde
2201 1282 2384 1327 percipere
2411 1285 2447 1316 et
2469 1291 2524 1316 se-

1452 1328 1511 1372 qui
1543 1338 1606 1363 eos
1635 1327 1696 1372 qui
1723 1327 1819 1363 -bene
1850 1328 1983 1363 vivunt.
2040 1327 2191 1372 Propter
2221 1327 2310 1362 talia
2340 1326 2433 1362 enim
2464 1327 2524 1362 de-

1451 1374 1536 1408 licta
1560 1375 1596 1408 et
1619 1372 1731 1408 fames
1764 1376 1801 1408 et
1823 1377 1940 1408 terrae
1964 1376 2081 1408 motus
2110 1375 2148 1408 et
2177 1371 2399 1417 pestilentiae
2421 1370 2524 1415 fiunt,

306 1417 375 1451 λῶς
395 1418 550 1461 βιοῦσιν.
591 1414 651 1450 διὰ
673 1429 741 1463 γαρ
764 1430 810 1450 τα
834 1417 984 1451 τοιαῦτα
1009 1415 1294 1462 πλημμελήματα
1322 1420 1382 1451 καὶ
1451 1422 1486 1454 et
1526 1420 1717 1464 propterea
1754 1418 1984 1454 admonemus
2023 1418 2203 1454 abstinere
2241 1417 2288 1453 ab
2322 1416 2526 1452 huiusmodi

307 1461 401 1507 λιμοὶ
425 1465 485 1496 καὶ
509 1463 649 1506 σεισμοὶ
672 1464 732 1495 καὶ
757 1460 873 1515 λοιμοὶ
884 1466 1078 1516 ,γίνονταῃ
1107 1465 1166 1496 καὶ
1191 1461 1252 1496 διὰ
1275 1464 1382 1497 τοῦτο
1396 1465 1437 1498 25
1451 1463 1642 1508 praedictis
1663 1463 1807 1506 illicitis,
1831 1466 1873 1498 ut
1895 1474 1968 1499 non
1991 1473 2076 1499 suas
2100 1463 2253 1508 perdant
2275 1461 2424 1499 animas.
2462 1461 2525 1496 Sin

306 1509 561 1554 παραινοῦμεν
580 1510 653 1540 τοῖς
676 1518 848 1541 τοιουτοις
872 1507 1100 1550 αποσχέσθαι
1134 1510 1213 1542 τῶν
1247 1509 1383 1554 εἰρημέ-

308 1565 383 1587 νων
405 1549 663 1596 ἆτοπημάτων,
695 1548 784 1586 ὦςτε
806 1551 855 1595 μὴ
885 1551 947 1586 τὰς
970 1552 1094 1587 αὐτῶν
1118 1550 1293 1587 ἀπολέσαι
1316 1564 1381 1597 um-

305 1597 375 1640 χάς.
422 1597 453 1631 εἰ
475 1596 545 1644 γὰρ
567 1599 627 1631 καὶ
650 1596 740 1640 μετὰ
772 1597 839 1641 τὴν
863 1596 1036 1641 τοιαύτην
1059 1595 1162 1643 ἡμῶν
1185 1599 1383 1633 νουθεσίαν

306 1642 489 1691 εὑρεθῶσί
507 1654 601 1677 τινες
623 1639 832 1677 τοῖςαύτοῖς
847 1643 1075 1695 ἐπιμένοντες
1096 1642 1380 1697 πλημμελήμασι,

1451 1513 1569 1544 autem
1602 1514 1638 1544 et
1662 1513 1744 1554 post
1767 1503 1969 1544 huiusmodi
1992 1512 2151 1544 nostram
2174 1507 2448 1544 admonitionem
2471 1507 2524 1542 in·

1451 1554 1638 1590 veniantur
1662 1553 1773 1599 aliqui
1790 1554 1828 1589 in
1847 1553 1980 1589 talibus
2004 1558 2254 1599 permanentes
2278 1553 2427 1595 delictis,
2451 1552 2523 1596 pri-

1451 1610 1545 1634 mum
1577 1599 1717 1643 quidem
1750 1599 1914 1644 indignos
1954 1599 2163 1644 semetipsos
2201 1598 2339 1634 faciunt
2374 1598 2429 1632 dei
2460 1597 2524 1631 mi-

1451 1645 1663 1687 sericordia,
1696 1647 1779 1690 post
1810 1645 1899 1680 haec
1930 1647 2049 1680 autem
2082 1648 2119 1680 et
2150 1643 2287 1689 legibus
2320 1642 2524 1679 constitutis

306 1685 418 1736 πρότε
462 1701 483 1722 ν
505 1688 572 1731 μὲν
594 1684 759 1729 ἀναξίους
782 1687 927 1722 ἑαυτούς
949 1689 1093 1723 ποιοῦσι
1121 1701 1182 1733 της
1199 1690 1273 1737 ’τοῦΔ
1292 1689 1382 1723 θεοῦ
1395 1691 1437 1724 30
1451 1690 1678 1726 subiciuntur
1703 1689 1898 1725 tormentis.

307 1700 599 1780 φιλανθορωπίας,
623 1734 750 1768 ἔπειτα
770 1731 809 1767 δὲ
824 1735 883 1767 καὶ
906 1734 970 1767 τὰς
993 1734 1031 1767 ἐκ
1051 1734 1130 1768 τῶν
1150 1733 1275 1779 νόμων
1297 1733 1382 1769 ὑπο·

307 1779 331 1815 2
376 1775 572 1821 στήσονται
602 1781 785 1823 τιμωρίας.
840 1775 1108 1825 Ἐπετρέψαμεν
1140 1778 1208 1826 γὰρ
1242 1781 1295 1823 τῷ
1328 1781 1381 1814 έν-

307 1821 491 1867 δοξοτάτῳ
512 1823 667 1878 ,ἐπάρχῳ
696 1825 757 1868 τῆς
786 1822 971 1877 βασιλίδος
994 1822 1131 1858 πόλεως
1160 1823 1241 1859 τούς
1264 1827 1383 1868 ἐπιμέ-

1451 1781 1475 1816 2
1522 1780 1773 1826 Praecepimus
1806 1779 1898 1815 enim
1921 1778 2174 1823 gloriosissimo
2203 1778 2386 1824 praefecto
2409 1777 2526 1821 regiae

1452 1826 1606 1861 civitatis
1649 1828 1896 1871 permanentes
1932 1824 2122 1870 praedictis
2162 1824 2295 1859 illicitis
2339 1827 2375 1858 et
2408 1823 2525 1867 impiis

307 1881 435 1904 νοντας
465 1879 542 1903 ταις
570 1869 769 1914 εἰρημέναις
799 1868 946 1904 ἀτοποιε
977 1872 1037 1903 καὶ
1060 1866 1206 1914 ἀσεβέσι
1228 1868 1383 1916 πράξεσι
1451 1871 1591 1907 actibus
1617 1873 1654 1906 et
1673 1873 1756 1916 post
1778 1870 1871 1906 hanc
1894 1874 2054 1906 nostram
2078 1868 2353 1905 admonitionem
2376 1871 2413 1903 et
2429 1877 2524 1903 com-

307 1917 367 1949 καὶ
395 1914 487 1960 μετὰ
514 1913 651 1967 ταύτην
682 1911 785 1958 ἡμῶν
815 1912 882 1957 τὴν
914 1914 1113 1948 νουθεσίαν
1141 1918 1301 1969 συνέχειν
1323 1916 1382 1949 καὶ
1395 1917 1438 1950 35
1451 1915 1672 1961 prehendere
1695 1920 1732 1951 et
1755 1915 1889 1951 ultimis
1913 1914 2066 1952 subdere
2090 1914 2284 1959 suppliciis,
2317 1917 2358 1949 ut
2381 1923 2453 1948 non
2479 1922 2525 1947 ex

284 1963 384 1995 ,ταῖς
415 1958 578 2003 ἐσχάταις
606 1957 823 2003 υποβάλλειν
851 1963 1057 2005 τιμωρίαις,
1089 1960 1150 1993 ἵνα
1179 1973 1228 2003 μη
1258 1961 1296 1994 ἐκ
1319 1960 1381 1994 τοῦ

308 2003 557 2052 παραβλέπειν
578 2004 641 2039 τὰς
660 2002 828 2039 τοιαύτας
846 2003 1023 2050 ἁμαρτίας
1042 2001 1176 2051 εὑρεθῆ
1199 2007 1259 2039 καὶ
1278 2002 1300 2048 ἡ
1319 2003 1382 2040 πό-

308 2050 359 2086 λις
381 2050 441 2085 καὶ
461 2047 483 2094 ἡ
499 2048 662 2084 πολιτεία
681 2048 741 2083 διὰ
760 2050 838 2084 τῶν
853 2048 1031 2084 τοιούτων
1051 2041 1197 2094 ἀσεβῶν
1214 2048 1383 2096 πράξεων

306 2094 528 2141 ἀδικουμένη.
576 2096 607 2129 εἰ
628 2093 696 2143 γὰρ
716 2097 775 2129 καὶ
793 2092 887 2150 μετὰ
911 2094 1048 2149 ταύτην
1071 2092 1175 2139 ἡμῶν
1198 2094 1266 2139 τὴν
1290 2109 1383 2142 παρ-

308 2145 447 2176 αίνεσίν
475 2151 569 2175 τινες
597 2140 678 2174 τούς
706 2151 885 2174 τοιουτους
914 2143 1138 2186 ευρίσκοντες
1166 2139 1386 2189 συγκρύψου-
1399 2144 1442 2177 40

1452 1964 1658 2007 contemptu
1681 1960 1805 1996 talium
1828 1960 2030 1997 inveniatur
2052 1964 2088 1996 et
2112 1959 2239 1995 civitas
2262 1961 2300 1995 et
2322 1958 2527 2003 respublica

1450 2016 1515 2052 per
1544 2006 1611 2043 hos
1641 2006 1769 2051 impios
1798 2010 1901 2042 actus
1924 2005 2027 2041 laedi.
2077 2005 2115 2040 Si
2138 2004 2230 2041 enim
2260 2007 2297 2040 et
2327 2008 2410 2050 post
2432 2003 2527 2038 hanc

1451 2054 1610 2089 nostram
1646 2051 1848 2088 suasionem
1891 2050 2034 2096 quidam
2076 2050 2168 2087 tales
2202 2049 2419 2086 invenientes
2461 2048 2527 2084 hos
2587 2079 2589 2081 .

404 2296 409 2300 ,
441 2255 469 2291 Ι.
516 2254 693 2298 Quoniam
712 2259 830 2288 autem
850 2252 1015 2288 nonnulli
1039 2253 1073 2288 vi
1093 2239 1274 2289 diabolica
1293 2255 1479 2289 constricti
1503 2259 1538 2290 et
1555 2254 1793 2299 gravissimae
1813 2254 1985 2289 luwuriae
2003 2262 2043 2288 se
2062 2251 2276 2288 dediderunt
2300 2256 2335 2287 et
2353 2262 2396 2302 ea
2415 2254 2530 2297 ayunt

307 2313 400 2349 quae
421 2300 494 2347 ipsi
517 2303 673 2336 naturae
695 2298 881 2334 contraria
904 2298 989 2340 sint,
1014 2296 1071 2333 his
1094 2308 1238 2350 quoque
1257 2298 1521 2342 denuntiamus,
1545 2302 1587 2335 ut
1604 2298 1664 2334 dei
1686 2299 1848 2335 timorem
1871 2301 1905 2334 et
1921 2297 2092 2333 iudicium
2112 2297 2279 2343 futurum
2299 2307 2419 2332 animo
2435 2306 2528 2332 com-

302 2346 535 2395 prehendant
558 2349 593 2381 et
616 2343 820 2379 abstineant
843 2355 866 2379 a
889 2342 1070 2379 diabolica
1094 2343 1159 2379 illa
1183 2348 1293 2390 atque
1315 2344 1445 2380 illicita
1469 2345 1640 2387 luxuria,
1672 2354 1718 2380 ne
1735 2348 1894 2391 propter
1917 2342 2092 2379 eiusmodi
2124 2342 2256 2389 impias
2278 2342 2440 2377 actiones
2460 2352 2530 2388 per

307 2394 438 2429 iustam
468 2391 526 2427 dei
556 2391 650 2425 iram
682 2389 823 2425 eveniat
852 2393 894 2424 ut
922 2388 1025 2435 ipsae
1049 2389 1210 2425 civitates
1243 2400 1323 2425 cum
1350 2388 1616 2426 habitatoribus
1646 2390 1724 2425 suis
1743 2392 1907 2436 pereant.
1950 2387 2161 2424 'Edocemur
2183 2387 2276 2424 enim
2292 2398 2366 2434 per
2387 2398 2529 2422 sacram

307 2441 327 2475 1
380 2438 599 2484 scripturam
621 2439 782 2482 propter
811 2433 988 2470 eiusmodi
1017 2434 1151 2481 impias
1181 2435 1342 2471 actiones
1375 2435 1431 2471 vel
1465 2435 1572 2471 urbes
1605 2434 1715 2476 §mul
1749 2445 1830 2470 cum
1865 2433 2069 2469 hominibus
2091 2433 2258 2480 periisse.
2350 2431 2529 2476 Quoniam

308 2494 391 2520 vero
415 2481 581 2519 nonnulli
597 2486 750 2534 praeter
780 2490 823 2515 ea
847 2490 941 2533 quae
964 2479 1125 2515 diximus
1154 2480 1262 2516 etiam
1285 2479 1494 2527 blasphema
1522 2479 1630 2517 verba
1653 2485 1690 2516 et
1710 2483 1938 2516 sacramenta
1962 2489 2035 2525 per
2058 2477 2164 2514 deum
2194 2479 2317 2514 iurant
2346 2477 2406 2514 dei
2436 2477 2528 2513 iram

309 2528 542 2570 concitantes,
573 2525 630 2562 lus
653 2535 798 2572 quoque
819 2524 985 2560 similiter
1008 2525 1273 2568 denuntiamus,
1305 2531 1346 2561 ut
1367 2525 1575 2562 abstineant
1605 2526 1651 2561 ab
1683 2524 1859 2561 eiusmodi
1882 2523 2100 2571 blasphemis
2123 2523 2239 2560 verbis
2268 2527 2304 2559 e't
2327 2534 2350 2559 α
2372 2522 2528 2559 iurando

302 2585 374 2621 per
397 2572 551 2620 capillos
573 2577 611 2607 et
633 2577 743 2616 caput
766 2574 875 2616 atque
897 2569 1074 2606 similibus
1096 2569 1226 2606 horum
1250 2570 1376 2607 ve'rbis.
1431 2571 1526 2607 Nam
1549 2570 1582 2615 si
1605 2570 1797 2606 maledicta
1827 2570 1867 2605 in
1890 2569 2051 2605 homines
2074 2568 2207 2605 collata
2235 2579 2309 2605 non
2333 2568 2450 2605 inulta
2473 2579 2528 2604 re-

309 2620 533 2666 linquuntur,
564 2616 676 2653 multo
707 2617 825 2696 madqis
858 2616 889 2651 is
918 2615 982 2662 qui
1011 2615 1130 2662 ipsum
1161 2615 1266 2651 deum
1289 2615 1514 2663 blasphemat
1538 2616 1676 2662 diqnus·
1699 2620 1755 2651 est
1782 2615 1846 2662 qui
1866 2614 2049 2667 supplicio
2071 2614 2280 2665 subiciatur.
2327 2613 2529 2666 hepterea

309 2667 421 2712 iqitur
453 2674 577 2699 omnes
607 2663 742 2698 eiusmo
768 2672 780 2695 ι
813 2660 973 2696 homines
1003 2660 1193 2696 hortamur
1223 2665 1264 2697 ut
1294 2673 1317 2697 a
1345 2662 1509 2709 peccatis
1539 2672 1634 2708 quae
1656 2660 1818 2697 diaeimus
1841 2660 2048 2696 abstineant
2074 2663 2111 2695 et
2141 2659 2197 2695 det
2223 2663 2385 2695 timorem
2408 2670 2528 2695 ammo

309 2707 614 2757 comprehendant
643 2711 679 2743 et
708 2710 907 2752 sequantur
936 2717 999 2742 eos
1029 2707 1093 2752 qui
1121 2711 1219 2742 recte
1249 2706 1382 2743 vivunt.
1429 2706 1599 2754 ‘Propter
1630 2705 1806 2742 eiusmodi
1834 2706 1926 2742 enim
1951 2708 2108 2752 peccata
2139 2709 2175 2740 et
2202 2705 2322 2749 fames
2350 2708 2388 2740 et
2411 2709 2530 2740 terrae

310 2760 427 2792 motus
450 2758 484 2791 et
505 2758 625 2801 pestes
649 2753 830 2795 oriuntur,
854 2750 1008 2797 ideoque
1029 2762 1212 2787 monemus
1234 2751 1315 2788 illos
1338 2756 1379 2788 ut
1397 2752 1603 2788 abstineant
1626 2763 1650 2787 a
1669 2750 1864 2787 sceleribus
1887 2761 1982 2797 quae
2005 2749 2176 2791 diximus,
2200 2760 2245 2785 ne
2263 2759 2351 2785 suas
2367 2749 2529 2796 perdant

310 2801 458 2836 animus.
506 2798 601 2835 Nam
624 2798 657 2834 si
679 2797 743 2844 qui
764 2797 872 2833 etiam
891 2800 978 2843 post
1001 2797 1107 2832 istam
1131 2796 1411 2833 admonitionem
1435 2801 1597 2834 nostram
1616 2808 1637 2832 r
1682 2797 1848 2832 eriantur
1870 2797 1909 2831 in
1923 2795 2051 2832 iisdem
2067 2795 2228 2841 peccatis
2243 2799 2528 2841 perseverantes,

310 2847 338 2882 ii
357 2846 513 2893 primum
537 2843 679 2891 quidem
704 2842 763 2879 dei
785 2842 972 2878 clementia
995 2853 1034 2878 se
1052 2842 1152 2889 ipsos
1173 2842 1345 2889 indiqnos
1362 2842 1530 2885 reddunt,
1554 2842 1613 2878 dei
1706 2846 1826 2877 autem
1849 2840 2039 2888 suppliciis
2061 2850 2206 2892 quoque
2228 2839 2261 2875 le
2287 2850 2307 2891 e
2326 2840 2531 2876 constitutis

311 2892 334 2927 2
378 2891 611 2928 subicientur.
705 2886 1085 2934 Praecepimus.enim
1141 2888 1379 2923 loriosissimo
1403 2888 1600 2934 praefecto
1631 2887 1755 2933 reqiae
1785 2886 1896 2929 urbis,
1929 2891 1969 2921 ut
1998 2895 2061 2921 eos
2091 2896 2152 2931 qui
2179 2886 2217 2920 in
2240 2885 2256 2919 i
2268 2885 2377 2920 licitis
2400 2885 2472 2921 illis·
2494 2889 2531 2922 et

311 2937 430 2984 impiis
459 2934 661 2971 actionibus
691 2933 799 2970 etiam
828 2931 1041 2979 posthanc
1071 2898 1350 2970 adinonitionem
1382 2939 1542 2969 nostram
1567 2933 1840 2979 perseveraturi
1866 2932 1956 2974 sint,
1992 2929 2299 2982 comprehendant
2327 2934 2364 2966 et
2396 2930 2530 2983 ultimis

311 2981 498 3030 suppliciis
522 2979 720 3022 subiciant,
751 2989 796 3013 ne
827 2989 877 3014 ex
908 2978 1173 3025 contemptione
1203 2978 1329 3014 talium
1350 2983 1582 3025 peccatorum
1605 2978 1747 3014 eveniat
1776 2981 1816 3012 ut
1847 2981 1884 3013 et
1906 2976 1993 3012 urbs
2021 2981 2056 3012 et
2078 2975 2281 3022 respublica
2298 3020 2304 3027 ι
2309 2986 2378 3022 per
2400 2986 2530 3030 impias

313 3026 486 3064 eiusnwdi
516 3025 678 3062 actiones
708 3023 844 3059 iniuria
875 3023 1078 3069 afficiatur.
1129 3020 1175 3059 Si
1195 3024 1259 3069 qui
1287 3024 1380 3059 enim
1402 3024 1510 3059 etiam
1536 3027 1625 3070 post
1646 3023 1740 3059 lianc
1762 3021 2053 3058 adhortationem
2086 3025 2248 3056 nostram
2271 3020 2443 3057 eiusmodi
2465 3020 2528 3057 ho-

371 3146 385 3178 1
411 3139 495 3183 ὑπὸ]
524 3137 598 3175 ἀπὸ
627 3142 656 3175 C'
677 3140 690 3184 fl
721 3142 740 3175 3
766 3136 873 3184 αὐτῆς
903 3139 963 3180 τῆς
987 3136 1139 3183 φύσεως]
1174 3138 1235 3180 τῆς
1257 3134 1386 3171 τούτου

313 3186 451 3234 φύσεως
464 3188 495 3221 L
514 3186 526 3230 fl
549 3188 571 3220 4
593 3184 732 3220 τούτοις
744 3186 807 3225 Le]
830 3181 976 3218 τούτους
992 3184 1066 3218 Mo
1074 3185 1128 3227 (ef.
1141 3195 1172 3216 υ.
1188 3185 1241 3222 14)
1257 3181 1270 3227 fl
1295 3179 1388 3215 κατὰ

314 3233 402 3268 νοῦν
425 3246 483 3267 om.
504 3232 531 3266 C'
543 3231 555 3275 ΙΙ
582 3233 602 3265 9
626 3228 823 3264 οἰκούντων
847 3230 886 3263 ἐν
909 3224 1043 3270 αὐταῖς]
1068 3225 1307 3266 ἐνοικούντων
1327 3228 1356 3261 C'
1375 3226 1387 3271 ΙΙ

317 3282 354 3314 11
371 3276 493 3314 πόλοις
507 3278 549 3310 Μ
562 3276 574 3320 ΙΙ
591 3279 664 3310 τοῖς
678 3272 891 3321 ἀνθρώποις
907 3271 1170 3308 συναπώλοντο
1184 3269 1386 3315 (συναπώλ-

315 3324 420 3360 λοντο
446 3324 504 3365 Μ)
529 3322 619 3363 ML]
654 3319 722 3355 σὺν
744 3318 964 3365 ἀνθρώπων
986 3321 1058 3360 (sic)
1090 3316 1282 3353 ἀπώλοντο
1310 3318 1338 3351 C
1413 3338 1418 3342 -

317 3373 359 3405 14
383 3367 530 3404 τούτους
562 3367 591 3401 C
615 3366 628 3412 ss
655 3364 786 3410 ὁμοίως
817 3378 875 3399 om.
900 3378 919 3402 ς
947 3363 959 3408 ΙΙ
988 3362 1279 3419 παρεγγυώμεθα
1311 3363 1342 3396 L
1376 3363 1381 3405 ί

1456 3137 1531 3170 dere
1550 3150 1570 3174 ς·
1588 3137 1601 3182 ΙΙ
1624 3141 1665 3172 3ῖ
1686 3134 1861 3182 ἁμαρτίας
1877 3150 1935 3190 om.
1949 3149 1968 3173 ς
1985 3138 1998 3176 ΙΙ
2021 3138 2063 3171 38
2081 3134 2141 3170 διὰ
2159 3137 2237 3169 τῶν
2250 3133 2446 3191 [τοιούτων]
2469 3143 2528 3188 per

1455 3183 1514 3215 1¹0⁵
1530 3194 1550 3220 ς
1567 3182 1640 3236 11139
1656 3185 1716 3216 καὶ
1729 3190 1758 3216 et
1773 3184 1816 3217 40
1829 3192 1911 3215 τους
1926 3195 1985 3216 om.
2003 3182 2033 3216 Ο
2046 3181 2059 3226 ΙΙ
2075 3183 2118 3216 40
2131 3190 2393 3234 συγκρυψουσιν
2402 3187 2527 3211 amove

1457 3227 1513 3270 Μ]
1536 3239 1683 3262 τούτους
1705 3225 1946 3274 συγκρύψουσι
1961 3228 1994 3261 L
2017 3226 2164 3261 τούτους
2186 3233 2416 3272 συγκρνψωσι
2432 3222 2485 3258 Ge

1502 3318 1521 3351 3
1546 3317 1609 3350 ista
1632 3317 1721 3362 13¹„
1751 3320 1772 3352 5
1796 3316 1837 3350 ab
1862 3317 1983 3351 om.R¹
2014 3316 2075 3362 116
2099 3319 2148 3358 ut]
2174 3317 2232 3348 aut
2251 3313 2302 3348 1⁷¹
2331 3311 2419 3345 uni
2443 3310 2518 3350 8¹1

1456 3365 1526 3405 per]
1545 3367 1679 3406 propter
1692 3361 1807 3406 ΒΤἸΙ
1833 3365 1852 3397 7
1867 3363 1954 3395 iusta
1970 3375 2029 3396 om.
2047 3362 2097 3395 V¹
2115 3362 2128 3405 ΙΙ
2144 3359 2363 3409 inueniuntur
2375 3354 2493 3406 IiVT¹

1433 3409 1477 3441 18
1502 3418 1614 3440 eorum
1639 3409 1672 3442 R
1687 3407 1778 3442 VT¹
1806 3408 1818 3450 ΙΙ
1848 3407 2001 3441 docemus
2024 3407 2074 3440 R²
2091 3407 2143 3440 V⁰
2212 3405 2233 3438 9
2255 3403 2410 3443 ”uptun
2430 3398 2475 3431 R'

1461 3454 1500 3485 10
1525 3453 1679 3487 omnibus
1704 3452 1820 3496 RT¹u
1847 3454 1887 3487 12
1912 3453 1974 3486 hoo
1994 3450 2060 3532 Rq
2084 3453 2124 3486 13
2145 3450 2164 3482 b
2236 3446 2342 3479 hemia
2365 3443 2489 3496 RVT’

1456 3501 1659 3531 sacramento
1678 3498 1733 3541 Vll
1762 3500 1801 3532 17
1814 3498 1903 3531 sacta
1923 3498 1972 3531 V¹
1996 3497 2009 3540 Ι
2026 3496 2047 3530 b
2061 3494 2212 3528 aeremia
2224 3490 2258 3524 R
2302 3490 2345 3523 20
2358 3488 2523 3541 omnibus]

1456 3543 1609 3576 omnibus
1621 3542 1813 3576 hominibus
1830 3543 1863 3576 Τ
1869 3543 1954 3586 vuly.
1970 3541 1984 3586 fl
2000 3537 2222 3584 praecepimus
2234 3579 2255 3587 ..
2280 3580 2287 3586 ·
2318 3534 2331 3578 fl
2347 3534 2385 3567 21
2406 3536 2524 3567 timore

1456 3588 1489 3620 lt
1506 3588 1518 3630 ΙΙ
1537 3589 1578 3622 23
1596 3591 1630 3621 et
1643 3587 1865 3631 pestilentiae]
1888 3588 1923 3620 'et
1939 3599 1996 3620 om.
2021 3583 2159 3660 lnksso
2170 3579 2390 3631 mbucxentur
2405 3579 2497 3631 Beclf
2511 3577 2525 3624 Ι

1457 3633 1499 3666 32
1522 3634 1748 3677 praecepimus
1770 3633 1815 3673 V]
1848 3631 2067 3675 praecipimus
2115 3626 2239 3668 Tvutq.
2268 3623 2281 3668 ΙΙ
2311 3626 2411 3664 emm]
2436 3634 2523 3657 emm

1456 3681 1489 3710 et
1509 3678 1597 3711 ΒΤ*
1627 3681 1661 3712 et
1679 3677 1818 3721 1'2133
1841 3676 1982 3716 unna-1
2005 3676 2038 3707 οι
2060 3670 2188 3705 anniti·
2211 3669 2288 3713 ειη
2316 3671 2359 3704 34
2384 3673 2415 3702 et
2439 3670 2524 3712 pont]

1456 3725 1489 3756 et
1513 3724 1574 3757 del.
1589 3723 1669 3767 T’fl
1693 3723 1736 3757 38
1756 3721 1856 3755 talem
1874 3720 1909 3754 V

318 3418 358 3450 15
377 3413 578 3457 ἀπέχεσθαι
603 3412 658 3454 011
681 3414 723 3446 16
741 3408 916 3454 ὀμνῦντος
928 3410 960 3443 L
976 3410 989 3453 fl
1006 3419 1124 3454 τριχος
1142 3411 1194 3450 τε]
1217 3406 1388 3463 τρυγόστε

317 3464 352 3500 (a
364 3473 435 3494 ετν
448 3461 542 3500 corr.)
566 3458 607 3491 ‘n'
629 3457 661 3490 L
683 3457 696 3500 ΙΙ
720 3458 758 3490 21
781 3457 820 3488 ἑκ
841 3457 1005 3489 delendum
1027 3456 1153 3489 videtur
1170 3454 1184 3499 ΙΙ
1200 3454 1243 3488 22
1266 3455 1389 3495 απέχε·

317 3505 411 3538 σθαι
434 3506 501 3539 LG
521 3504 535 3548 Ι
565 3505 608 3537 25
633 3500 740 3546 λιμοὶ]
765 3500 801 3535 οἱ
823 3498 938 3553 λοιμοὶ
966 3501 996 3534 C
1016 3500 1029 3543 fl
1053 3497 1191 3553 lotulfi]-
1207 3497 1302 3542 λιμοὶ
1330 3500 1358 3532 C
1376 3497 1390 3586 u

319 3551 361 3584 26
384 3549 464 3583 τοὺς
485 3545 664 3583 τοιούτους
693 3548 722 3582 C'
743 3546 756 3587 ΙΙ
787 3548 828 3581 27
855 3545 978 3579 αυτῶν
1001 3547 1058 3587 (ς)]
1094 3557 1217 3578 αυτων
1243 3543 1351 3578 MLG'

319 3592 489 3627 ἀπολέσαι
502 3595 603 3633 ΕΟς]
620 3590 827 3626 ἀπολέσθαι
842 3592 882 3625 Μ
898 3590 911 3635 ΙΙ
935 3592 977 3624 28
994 3589 1194 3624 νουθεσίαν
1206 3590 1309 3630 Lot]
1332 3599 1390 3622 νο·

318 3638 498 3680 μοθεσίαν
512 3639 556 3670 Μ
565 3642 577 3681 u
597 3639 639 3671 29
655 3640 727 3671 τοῖς
750 3633 879 3678 αὐτοῖς]
904 3635 1028 3668 talibus
1045 3637 1079 3676 (i.
1092 3649 1119 3668 ε.
1139 3632 1325 3674 τοιούτοις)
1345 3631 1392 3677 ςΙ

319 3684 525 3725 ἐμμένοντες
542 3683 570 3715 C
583 3683 596 3725 fl
614 3684 655 3715 33
670 3683 887 3725 ἐμμένοντας
903 3681 955 3724 CH
972 3682 1014 3715 35
1027 3677 1112 3724 ἡμῖν
1124 3681 1156 3714 L
1166 3679 1179 3724 Η
1191 3678 1390 3713 νουθεσίαν

320 3728 351 3761 L
358 3728 422 3769 Ge]
437 3726 660 3769 νομοθεσίαν
670 3727 713 3759 Μ
723 3726 736 3770 u
754 3727 926 3767 συνέχειν]
939 3727 1078 3767 ἐπέχειν
1091 3727 1119 3760 C'
1129 3728 1163 3758 et
1174 3725 1387 3767 eomprehen-
