2618 4010
134 131 193 163 DE
222 132 250 162 N
254 132 398 164 UP'rus

1205 117 1284 165 167

2022 120 2128 164 Nov.
2159 120 2286 163 ΧΧΠ
2316 123 2369 162 26

1063 278 1220 314 CAPUT
1244 277 1377 313 XXVI.

185 342 331 387 Ἐπειδὴ
364 342 404 378 δὲ
435 342 581 390 ἀκύρους
615 341 884 391 ἀπεφηνάμεθα
920 346 982 380 τὰς
1018 345 1216 388 ἐκποιὴσεις

133 388 195 423 ’τὰς
223 388 321 434 παρὰ
349 391 427 424 τῶν
449 393 588 436 γονέων
619 393 678 425 ἐπὶ
710 396 781 425 τοῖς
811 390 986 426 τοιούτοις
1015 394 1213 437 γινομενας,

134 433 354 481 λεπτοτέραν
387 435 573 470 ἐπιθεῖναι
606 434 768 480 προςήκει
800 439 853 480 τῷ
885 437 1070 482 πράγματι
1099 435 1212 476 τάξιν.

133 481 179 512 Εἰ
208 481 276 522 μὲν
309 480 390 534 γὰρ]
413 479 545 533 πάντεξ
580 485 757 525 περίεισιν
785 482 820 516 οἱ
848 483 972 517 παῖδες
1001 481 1036 516 οἱ
1068 484 1105 515 ἐκ
1138 483 1215 515 τιῦν

1331 344 1504 388 Quoniam
1529 344 1687 379 infirmas
1713 344 1970 380 declaravimus
2002 345 2235 380 alienationes
2260 356 2281 380 a
2305 356 2367 390 pa-

1285 390 1447 425 rentibus
1478 400 1587 434 super
1609 389 1741 424 talibus
1766 390 1900 432 factas,
1934 390 2157 426 subtiliorem
2184 391 2368 434 imponere

1285 436 1449 469 convenit
1474 444 1604 469 causae
1629 435 1798 469 ordinem.
1850 436 1887 470 Si
1912 436 2004 469 enim
2029 446 2152 470 omnes
2175 442 2369 479 supersunt

1284 481 1347 514 filii
1381 491 1423 514 ex
1453 481 1634 524 prioribus
1665 481 1740 514 nati
1772 481 1921 525 nuptiis,
1961 484 1996 514 et
2029 482 2288 524 praemoriatur
2318 482 2367 516 eis

132 527 321 578 προτέρων
345 537 473 579 ᾳίυντες
496 539 641 571 planans,
675 530 733 560 καὶ
759 527 1072 580 προτελευτὴσειεν
1098 524 1215 578 αὐτοῖς
1252 530 1433 570 5parenS‚
1470 525 1612 559 infirma
1648 526 1791 560 omnino
1828 525 1985 560 manebit
2021 526 2199 567 alienatio,
2237 537 2366 561 secun-

132 583 150 602 o
175 581 314 615 yovevs,
351 584 463 616 ακυρα
493 575 677 605 παντοίως
706 577 806 615 μενεῖ
835 587 879 606 τα
909 575 970 615 τῆς
997 575 1215 615 ἐκποιησεως

132 614 222 648 κατὰ
246 613 287 648 τὸ
312 617 524 661 ἔμπροσθεν
555 613 638 660 ἡμῖν
663 619 860 663 εἰρημένον.
916 619 962 650 Εἰ
993 616 1031 651 δὲ
1054 616 1213 659 τελευτή-

132 671 235 692 σαιεν
254 659 387 694 πάντες
406 664 466 693 καὶ
487 659 597 695 πάλιν
616 663 663 696 εἰς
681 661 860 696 ἀπαιδίαν
881 662 922 696 τὸ
946 664 1093 708 πρᾶγμα
1115 675 1212 707 περι-

132 708 256 747 σταίη,
291 706 488 747 τηνικαῦτα
521 707 558 746 ἐξ
589 704 876 761 ἀποτελέσματος
900 707 1021 753 κύριον
1045 710 1148 740 ἔσται
1172 706 1213 740 τὸ

1285 571 1369 605 dum
1400 571 1494 614 quod
1521 571 1619 614 prius
1651 580 1672 604 a
1703 571 1807 606 nobis
1839 571 1973 605 dictum
2005 573 2069 605 est.
2120 571 2156 605 si
2183 582 2264 605 vero
2290 583 2366 606 mo-

1283 617 1421 650 riantur
1447 626 1567 650 omnes
1592 619 1628 650 et
1652 626 1776 651 rursus
1808 616 1854 650 ad
1889 616 2078 651 orbitatem
2104 626 2213 650 causa
2237 618 2366 658 veniat,

1283 667 1369 695 tunc
1405 671 1449 695 ex
1493 661 1621 695 effectu
1663 663 1779 695 ratum
1825 662 1893 695 erit
1936 661 2030 714 quod
2068 661 2261 695 alienatum
2299 668 2364 696 est.

1284 706 1371 747 Quis
1396 706 1490 740 enim
1516 706 1583 740 hoc
1609 706 1715 740 etiam
1738 706 1911 750 infringat
1931 706 2023 748 tiliis,
2051 706 2180 749 quibus
2205 707 2366 741 videlicet

132 750 340 792 ἐκποιηθέν.
366 754 420 784 τίς
439 750 506 798 γὰρ
526 750 570 785 ἂν
591 752 679 786 αυτό
705 756 763 786 καὶ
784 756 1011 797 ανατρέψειε,
1032 753 1109 785 τῶν
1131 757 1212 786 παί-
1231 756 1268 786 10
1283 751 1368 785 solis
1405 751 1474 785 hoc
1511 752 1744 795 servavimus,
1787 762 1860 787 non
1895 751 2154 786 existentibus?
2202 751 2269 785 Sed
2308 752 2366 786 hic

132 793 219 836 διον,
252 795 303 828 οἷς
327 793 370 839 δὴ
394 799 453 829 καὶ
476 796 598 840 μόνοις
617 799 724 831 τοῦτο
749 796 984 842 ἐφυλάξαμεν,
1017 795 1080 839 οὐχ
1104 794 1212 831 bno-u-
1284 796 1426 839 quidam
1457 797 1560 831 nobis
1593 797 1730 841 pridem
1762 797 1945 841 ingressus
1983 801 2037 831 est
2066 807 2192 831 sensus
2226 797 2365 831 subtilis

130 853 222 880 των;
257 837 353 874 Ἀλλ’
376 840 541 875 ἐνταῦθά
565 854 619 876 τις
639 841 727 887 ἡμᾶς
751 841 880 888 πρώην
905 841 1069 885 εἰςῆλθεν
1089 844 1213 875 ἔννοια
1282 846 1317 875 et
1342 841 1514 876 sollicitus
1549 844 1584 875 et
1607 842 1761 876 medium
1794 847 2026 886 utrorumque
2057 851 2202 876 casuum
2228 846 2365 885 pertra-

132 883 243 928 λεπτή
278 900 318 919 τε
353 890 413 919 καὶ
447 891 735 934 μεμεριμνημενη
773 891 831 921 καὶ
863 888 904 921 τὸ
936 891 1047 931 μέσον
1079 886 1212 932 ἀμφοῖν
1284 891 1395 920 ctans.
1454 886 1544 929 Quia
1569 887 1660 921 enim
1692 888 1854 923 omnibus
1889 887 2029 932 quidem
2055 887 2258 921 extantibus
2284 887 2366 921 filiis

130 933 208 964 τοῖν
237 928 415 974 θεμάτοιν
446 935 758 979 περιεργαζομένη.
807 931 931 975 ἐπειδὴ
962 934 1029 979 γὰρ
1060 933 1212 966 πάντων
1282 933 1318 965 et
1351 932 1614 975 praemoriente
1648 933 1808 976 genitore
1843 933 1942 967 nulla
1978 932 2247 976 relinquebatur
2282 943 2365 976 pars

129 977 196 1019 μὲν
220 974 393 1010 ὑπόντων
418 979 494 1010 τῶν
519 976 665 1012 παίδων
689 981 747 1011 καὶ
773 976 1121 1025 προτελευτῆσαντος
1147 978 1210 1010 τοῦ
1230 981 1266 1012 15
1282 977 1331 1010 eis
1352 987 1395 1010 ex
1412 977 1559 1011 lucratis
1584 978 1703 1019 rebus,
1730 979 1894 1013 omnibus
1917 982 2035 1013 autem
2057 977 2287 1012 morientibus
2310 980 2364 1012 to-

129 1020 379 1066 γεγεννηκότος
410 1020 516 1056 οὐδὲν
539 1020 771 1057 ὑπελέλειπτο
802 1026 907 1068 μέρος
932 1021 1049 1056 αὐτοῖς
1073 1026 1110 1056 ἐκ
1134 1024 1212 1056 τῶν
1280 1024 1356 1055 tum
1380 1021 1417 1054 in
1443 1032 1503 1056 eos
1529 1024 1784 1065 revertebatur,
1818 1023 2049 1067 cogitavimus
2073 1022 2228 1057 medium
2254 1033 2362 1066 quen-

130 1064 430 1110 κερδανθέντων,
468 1067 620 1102 πάντων
652 1066 691 1101 δὲ
721 1066 1015 1110 τελευτησάντων
1047 1066 1132 1101 ὅλον
1164 1069 1212 1101 εἰς
1281 1067 1361 1100 dam
1388 1077 1517 1101 causae
1542 1067 1700 1101 ordinem
1721 1068 1889 1103 invenire.
1940 1068 2042 1103 Unde
2067 1068 2096 1103 si
2117 1068 2279 1112 pluribus
2307 1079 2365 1102 ex-

131 1109 260 1145 αὐτοὺς
284 1112 450 1158 ἐπανῄει,
484 1111 755 1158 ὃιεσκεψιὶμεθα
778 1117 891 1157 μέσην
915 1112 997 1146 τινα
1021 1115 1074 1156 τῷ
1101 1111 1209 1159 πράγ-
1279 1111 1471 1146 istentibus
1509 1112 1588 1146 filiis
1628 1113 1801 1147 moriatur
1836 1125 1947 1156 unus,
1989 1114 2018 1148 Si
2055 1113 2196 1157 quidem
2234 1113 2365 1147 habeat

130 1170 219 1199 ματι
239 1156 343 1197 τάξιν
367 1159 571 1200 ἐπινοῆσαι·
613 1155 700 1192 ὥςτε
724 1159 755 1191 εἰ
780 1157 960 1192 πλειόνων
985 1157 1105 1192 ὄντων
1130 1162 1210 1191 παί-
1280 1157 1392 1199 filios,
1427 1157 1472 1190 ad
1509 1157 1588 1191 illos
1625 1157 1709 1191 ferri
1744 1159 1976 1194 hereditatem
2014 1159 2096 1201 (hoc
2132 1158 2227 1202 quod
2258 1169 2366 1202 saepe

131 1200 208 1235 ὃων
231 1201 472 1245 τελευτήσειεν
496 1203 562 1244 εἷς,
599 1205 630 1236 εἰ
661 1205 728 1246 μὲν
758 1206 832 1245 ἔχοι
857 1202 1004 1244 παῖδας,
1037 1201 1097 1237 ἐπ’
1126 1205 1210 1236 ἐκεί·
1225 1206 1266 1237 20
1281 1202 1460 1244 diximus);
1499 1202 1529 1236 si
1554 1212 1635 1236 vero
1661 1213 1732 1237 non
1757 1204 1890 1238 habeat
1914 1204 2018 1245 filios,
2054 1215 2126 1239 non
2152 1204 2293 1239 omnino
2320 1204 2366 1238 ad

130 1259 209 1280 νους
233 1248 412 1292 φέρεσθαι
443 1247 509 1281 τὸν
536 1246 683 1293 κλῆρον,
717 1250 824 1283 τοῦτο
857 1245 946 1295 ὅπερ
971 1247 1139 1283 πολλάκις
1164 1249 1209 1281 εἰ-
1280 1247 1410 1281 fratres
1443 1250 1560 1281 totum
1592 1247 1728 1290 venire,
1770 1248 1832 1283 sed
1864 1254 2037 1293 quantum
2076 1259 2119 1283 ex
2151 1253 2258 1293 pacto
2291 1259 2364 1283 non

130 1293 301 1337 ρι’]καμεν·
343 1293 373 1325 εἰ
397 1290 437 1325 δὲ
460 1291 523 1326 οὐκ
546 1295 620 1334 ἔχοι
645 1292 786 1334 παῖδας,
807 1294 859 1348 μὴ
884 1294 1031 1328 πάντως·
1057 1295 1104 1327 εἰς
1128 1293 1209 1327 τοὺς

131 1334 303 1382 ἀδελφοὺς
323 1336 364 1371 τὸ
390 1339 463 1372 πᾶν
487 1339 674 1383 ἔρχεσθαι,
701 1337 780 1372 ἀλλ’
804 1336 891 1372 όσον
916 1341 953 1372 ἐκ
977 1340 1040 1372 τοῦ
1063 1337 1209 1384 συμφώ-

129 1395 191 1416 νου
224 1384 287 1416 rcof)
319 1382 357 1420 ἐξ
385 1380 555 1417 ἀπαιδίας
579 1386 719 1428 ἐγένετο
750 1386 804 1427 τῷ
829 1383 1073 1430 γεγεννηκότι,
1103 1385 1210 1418 τοῦτο

1281 1292 1509 1327 existentium
1530 1291 1683 1326 filiorum
1703 1294 1957 1337 acquirebatur
1977 1294 2170 1337 generanti,
2197 1295 2266 1329 hoc
2286 1305 2367 1328 eum

1280 1337 1426 1379 lucrari,
1461 1337 1634 1381 reliquum
1660 1348 1742 1372 vero
1769 1339 1965 1374 concedere
1993 1340 2030 1373 in
2054 1339 2119 1373 filii
2142 1339 2261 1373 venire
2287 1350 2365 1374 suc-

1282 1393 1462 1421 cessores,
1496 1383 1570 1417 sive
1597 1383 1728 1417 fratres
1761 1384 1833 1418 sint
1856 1384 1929 1419 sive
1955 1384 2115 1419 extranei
2139 1384 2232 1419 forte
2258 1385 2366 1428 (quod

130 1425 240 1461 αὐτὸν
272 1426 483 1471 κερδαίνειν,
515 1428 557 1462 τὸ
588 1429 716 1463 λοιπὸν
748 1428 787 1463 δὲ
817 1433 1012 1475 συγχωρεῖν
1036 1430 1209 1475 ἔρχεσθαι
1224 1432 1265 1463 25
1279 1428 1431 1462 maxime
1451 1428 1488 1462 in
1508 1433 1621 1462 matre
1642 1429 1841 1472 contingit),
1869 1430 1941 1464 Sive
1959 1430 2151 1474 disponant
2176 1440 2259 1464 suas
2281 1431 2364 1464 Sub-

129 1474 188 1506 ἐπὶ
221 1472 301 1506 τοὺς
332 1474 395 1506 τοῦ
429 1472 558 1508 παιδὸς
590 1472 790 1516 διαδόχους,
832 1489 903 1508 ειτε
938 1463 1086 1520 αδελφοὶ
1118 1475 1208 1508 καθ’·

128 1517 310 1560 εστὴκοιεν
334 1519 404 1552 εἴτε
436 1519 599 1559 ἐξωτικοὶ
624 1519 730 1562 τυχόν
761 1519 864 1566 (ὅπερ
883 1518 1039 1572 μαλιστα
1062 1523 1122 1554 ἐπὶ
1146 1534 1209 1564 μη-

1280 1474 1432 1509 stantias
1458 1474 1530 1508 sive
1556 1473 1662 1508 etiam
1693 1473 1857 1509 intestati
1882 1475 2091 1510 moriantur.
2138 1474 2188 1509 Et
2208 1476 2276 1509 hoc
2301 1486 2365 1509 nos

1280 1519 1488 1563 scripsimus
1522 1518 1560 1553 in
1590 1523 1716 1553 nostra
1745 1520 1839 1563 lege,
1874 1521 2072 1564 cogitantes
2097 1519 2186 1554 illud
2211 1524 2246 1553 et
2270 1520 2365 1554 inve-

128 1562 210 1610 τρὸς
229 1567 444 1607 συμβαίνει),
469 1565 539 1598 εἴτε
561 1563 752 1599 ὃιάθοιντο
780 1567 851 1607 [εἰς]
877 1578 939 1599 τας
964 1568 1088 1599 αυτιῦν
1112 1578 1208 1611 περι·
1279 1566 1416 1608 nientes
1449 1564 1552 1608 primi
1584 1567 1619 1598 el:
1648 1564 1841 1599 Clementer
1872 1566 2086 1600 sancientes.
2137 1564 2366 1609 Quapropter

128 1612 249 1642 ουσίας
273 1610 344 1643 εἴτε
375 1613 434 1643 καὶ
466 1607 658 1644 ἄδιάθετοι
689 1610 948 1653 τελευτήσαιεν.
1006 1614 1078 1644 Καὶ
1102 1613 1209 1645 τοῦτο
1280 1611 1384 1644 etiam
1416 1610 1506 1644 haec
1537 1609 1567 1644 si
1601 1609 1808 1645 alienaverit
1837 1621 1969 1654 parens
2003 1613 2195 1654 antequam
2234 1610 2279 1644 ad
2310 1621 2365 1645 se-

129 1651 168 1687 δὲ
191 1651 286 1697 ἡμεῖς
310 1653 517 1701 ἐγράψαμεν
541 1653 701 1702 ἡμετέρῳ
735 1656 835 1700 νόμῳ
864 1654 1146 1702 μεριμνήσαντές
1170 1670 1210 1690 τε
1224 1658 1265 1689 30
1281 1655 1416 1690 cundas
1438 1655 1557 1689 veniat
1577 1655 1732 1698 nuptias,
1756 1656 1882 1690 deinde
1899 1659 2073 1691 moriatur
2089 1655 2242 1690 filiorum
2260 1666 2364 1695 unus,

130 1696 217 1732 αὐτὸ
251 1703 310 1733 καὶ
343 1699 543 1746 ἐξευρόντες
576 1702 717 1746 πρῶτοι
753 1705 811 1734 καὶ
845 1700 1122 1747 φιλανθρώπως
1151 1714 1209 1735 νο-
1278 1701 1316 1735 in
1337 1705 1476 1734 tantum
1495 1700 1589 1734 valet
1610 1701 1830 1736 solummodo
1845 1702 1939 1745 quod
1957 1702 2152 1736 alienatum
2166 1704 2230 1741 est,
2254 1712 2365 1745 quan-

126 1743 405 1788 μοθετὴσαντες.
455 1742 541 1780 ὥςτε
566 1745 776 1787 κάνταῦθα,
810 1748 909 1792 εἴπερ
942 1746 1164 1788 ἐκποιήσειεν
1189 1743 1207 1780 ὁ
1278 1751 1353 1780 tum
1386 1746 1431 1780 ad
1464 1746 1678 1780 alienantem
1711 1756 1753 1780 ex
1785 1751 1891 1791 pacto
1924 1758 1996 1782 non
2021 1746 2250 1782 existentium
2274 1746 2364 1780 filio-

127 1789 249 1836 γονευς
272 1793 360 1836 πρὶν
384 1792 431 1824 εἰς
455 1789 636 1838 δευτέρους
659 1789 862 1837 ἀφικέσθαι
886 1790 1027 1838 γάμους,
1051 1792 1130 1825 εἶτα
1153 1805 1207 1826 τε·
1278 1803 1355 1826 rum
1373 1791 1550 1835 pervenit3
1577 1790 1736 1834 alioquin
1762 1792 1958 1826 secundum
1984 1793 2074 1827 alias
2096 1795 2228 1836 partes,
2256 1801 2364 1835 quae-

128 1833 305 1878 λευτήσειε
336 1837 414 1870 τῶν
446 1835 590 1871 παίδων
622 1836 686 1877 εἷς,
719 1836 811 1871 κατὰ
842 1839 1019 1871 τοσοῦτον
1050 1840 1209 1883 ἔρρωται
1279 1847 1428 1881 cumque
1470 1836 1516 1870 ad
1554 1835 1617 1870 filii
1652 1836 1802 1872 heredes
1834 1838 2000 1879 veniunt,
2043 1838 2186 1872 omnino
2227 1837 2366 1870 infirma

127 1880 240 1924 μόνον
260 1879 306 1914 τὰ
325 1882 571 1925 ἐκποιηθέντα
592 1881 685 1915 καθ’
709 1879 794 1916 ὅσον
815 1883 862 1916 εἰς·
882 1883 947 1917 τὸν
965 1882 1209 1925 έκποιήσαντα
1224 1885 1264 1917 35
1279 1888 1393 1917 erunt.
1443 1881 1547 1918 Unde
1571 1881 1786 1917 alienatione
1818 1883 1916 1918 facta
1940 1888 2060 1918 manet
2085 1892 2197 1918 causa
2220 1882 2258 1916 in
2285 1893 2363 1918 sus-

128 1924 220 1959 κατά
238 1924 280 1959 τὸ
303 1926 340 1965 ἐξ
359 1923 531 1961 ἀπαιδίας
548 1931 771 1973 περιέρχεται
790 1925 1004 1973 σύμφωνον·
1030 1931 1209 1974 ἐπείτοιγε

128 1968 219 2004 κατὰ
243 1970 288 2004 τὰ
311 1970 401 2005 ἄλλα
424 1975 530 2018 μέρη,
563 1970 681 2006 ὁπόσα
705 1974 753 2006 εἰς
776 1972 857 2006 τους·
888 1975 952 2007 τοῦ
977 1972 1105 2007 παιδὸς
1130 1972 1209 2016 κλη-

128 2013 299 2061 ρονόμους
332 2020 457 2062 χωρεῖ,
493 2022 676 2052 παντοίως
708 2017 840 2064 ἄκυρον
872 2020 985 2052 ἔσται.
1037 2015 1124 2053 ὥςτε
1157 2021 1208 2052 ἐκ·

128 2058 304 2104 ποιήσεως
333 2066 525 2108 γενομένης
554 2066 656 2107 μενεῖ
687 2063 729 2096 τὸ
767 2065 915 2109 πρᾶγμα
951 2066 990 2097 ἐν
1025 2062 1209 2111 μετεώρῳ,

175 2155 214 2187 19
239 2153 270 2186 εἰ
294 2151 475 2187 πλείονων
500 2174 542 2178 —
568 2157 608 2189 28
623 2168 670 2198 sq.
697 2154 767 2188 εἴτε
792 2158 851 2187 καὶ
874 2150 1065 2187 ἀδιάθετοι
1090 2151 1339 2196 τελευτήσαιεν
1363 2153 1434 2187 εἴτε
1459 2151 1651 2187 &acteonem
1678 2162 1788 2187 extant
1817 2155 1865 2187 B⁸
1885 2168 1920 2198 p.
1940 2157 2002 2188 195
2015 2169 2062 2198 sq.
2089 2155 2192 2190 Zach.

262 2265 392 2301 XXVI.
452 2265 631 2307 Quoniam
664 2277 746 2301 vero
780 2267 904 2301 irritas
936 2264 1199 2300 declaravimus
1231 2264 1469 2299 alienationes
1506 2267 1542 2300 in
1576 2266 1754 2301 eiusmodi
1785 2265 1893 2300 rebus
1924 2277 1947 2300 a
1978 2267 2197 2311 parentibus
2230 2268 2365 2311 factas,

126 2310 350 2346 subtiliorem
385 2311 438 2345 rei
475 2310 637 2345 ordinem
674 2311 859 2356 imponere
894 2310 1003 2345 decet.
1066 2308 1208 2343 Etenim
1242 2309 1274 2342 si
1303 2320 1425 2344 omnes
1455 2316 1651 2355 supersunt
1682 2310 1785 2345 liberi
1820 2322 1870 2345 ex
1896 2310 2085 2355 prioribus
2115 2312 2254 2346 nantis
2275 2324 2366 2358 pro-

130 2356 261 2396 creati,
298 2360 334 2390 et
361 2366 502 2401 parens
538 2362 621 2389 ante
657 2366 719 2390 eos
754 2361 918 2390 mortuus
947 2355 1012 2396 sit,
1050 2354 1157 2388 irrita
1191 2354 1335 2388 omnino
1362 2355 1520 2389 manebit
1551 2355 1724 2390 alienatio
1763 2355 1957 2390 secundum
1997 2355 2037 2389 id
2072 2367 2159 2401 quot
2201 2357 2307 2402 prius
2343 2369 2366 2391 a

129 2400 231 2435 nobis
265 2400 398 2435 dictum
429 2404 489 2435 esti
564 2399 605 2434 Si
634 2411 717 2435 vero
751 2411 873 2435 omnes
905 2398 1122 2434 decesserint
1155 2402 1191 2433 et
1221 2410 1350 2433 rursus
1381 2398 1431 2433 ad
1461 2399 1652 2435 orbitatem
1685 2411 1743 2435 res
1775 2399 1926 2435 redacta
1957 2401 2022 2442 sit,
2057 2405 2129 2435 tum
2159 2413 2208 2436 ex
2240 2407 2367 2437 eventu

128 2450 248 2480 ratum
273 2446 343 2480 erit
366 2445 466 2491 quod
488 2446 684 2480 alienatum
709 2450 771 2480 est.
834 2445 921 2488 Quis
952 2445 1045 2479 enim
1073 2443 1112 2477 id
1139 2448 1278 2478 evertat
1305 2443 1445 2486 tiber-ts,
1506 2444 1608 2479 uibus
1640 2445 1784 2496 quidem
1812 2445 1902 2479 solis
1926 2444 1993 2479 lioc
2017 2447 2255 2487 servavimus,
2292 2458 2366 2481 non

129 2490 364 2526 extantibus?
410 2489 484 2525 Sed
507 2490 565 2525 Ιιίο
589 2501 655 2525 nos
680 2502 796 2536 nuper
819 2489 960 2525 subtilis
984 2488 1162 2534 quaedam
1193 2492 1228 2523 et
1251 2489 1408 2523 sollicita
1432 2456 1542 2525 subiit
1566 2490 1742 2535 coqctatio
1767 2501 1932 2535 quaeque
1956 2496 2193 2536 utrorumque
2217 2503 2366 2526 casuum

128 2535 280 2571 medium
298 2537 439 2571 curiose
458 2536 618 2571 rimetur.
668 2536 762 2570 Nam
781 2536 954 2581 quoniam
976 2533 1140 2569 omnibus
1158 2534 1300 2579 quidem
1319 2533 1443 2568 liberis
1461 2535 1719 2580 superstitibus
1742 2540 1777 2570 et
1799 2539 1953 2580 parente
1976 2539 2084 2570 antea
2101 2542 2244 2571 mortuo
2264 2536 2366 2571 nulla

124 2592 218 2627 pars
241 2592 290 2616 ex
314 2581 426 2615 lucris
450 2581 522 2615 illis
546 2581 672 2616 relicta
696 2586 794 2622 erat,
829 2580 991 2616 omnibus
1015 2590 1098 2614 vero
1130 2579 1284 2613 mortuis
1308 2583 1421 2625 totum
1446 2580 1494 2614 ad
1525 2591 1587 2615 eos
1610 2580 1769 2621 redibat,
1805 2580 2043 2626 coqitaoimus
2077 2581 2231 2615 medium
2255 2593 2365 2626 quen—

128 2626 211 2661 dam
232 2626 285 2661 rei
310 2626 472 2661 ordinem
504 2626 742 2661 comminisci:
779 2630 820 2661 ut
848 2626 880 2660 si
904 2625 1076 2671 pluribus
1100 2623 1338 2658 existentibus
1366 2624 1488 2659 liberis
1513 2626 1694 2660 moriatur
1718 2637 1828 2667 umis,
1865 2625 2042 2670 siquidem
2067 2625 2200 2661 liberos
2224 2626 2365 2669 haheat,

128 2671 178 2706 ad
201 2682 262 2706 eos
286 2671 478 2715 deferatur
502 2671 701 2712 hereditas,
735 2671 775 2706 id
798 2671 898 2716 quod
920 2681 1028 2716 saepe
1053 2669 1236 2710 diximus;
1270 2669 1302 2703 si
1326 2680 1410 2704 vero
1436 2681 1510 2704 non
1535 2669 1666 2705 liabeat
1697 2670 1845 2712 liberos,
1878 2681 1951 2704 non
1978 2671 2122 2705 omnino
2148 2671 2198 2706 ad
2225 2672 2367 2716 fratres

130 2720 242 2752 totum
266 2717 475 2763 perveniat,
507 2716 572 2751 sed
599 2720 774 2761 quantum
801 2727 850 2751 ex
873 2720 988 2762 pacto
1023 2715 1060 2749 in
1086 2725 1207 2748 casum
1239 2713 1406 2748 orbitatis
1428 2715 1534 2759 facto
1568 2716 1616 2750 ad
1639 2716 1840 2761 qenitorem
1864 2715 2085 2760 pertinebat,
2121 2720 2258 2751 tantum
2289 2717 2366 2762 ipse

129 2762 300 2804 lucretur,
325 2762 502 2807 reliquum
528 2773 611 2797 vero
638 2761 859 2796 concedatur
884 2761 1003 2796 venire
1028 2760 1076 2795 ad
1097 2759 1167 2805 filii
1189 2770 1433 2801 successoreS,
1466 2761 1540 2795 sive
1562 2761 1705 2805 fratres
1727 2761 1801 2794 sint
1832 2762 1906 2795 sive
1928 2761 2030 2804 forte
2057 2762 2227 2797 extranei
2251 2762 2368 2807 (quod

128 2807 284 2842 maxime
308 2807 345 2841 in
369 2811 484 2842 matre
507 2807 710 2852 continqit),
735 2807 811 2842 sive
836 2806 879 2841 de
903 2805 1006 2841 bonis
1026 2806 1101 2840 suis
1126 2805 1248 2839 testati
1265 2804 1340 2838 sint
1362 2805 1435 2839 sive
1459 2805 1566 2840 etiam
1591 2805 1754 2840 intestati
1777 2805 2001 2840 decesserint.
2064 2807 2181 2851 Atque
2206 2806 2275 2841 lioc
2298 2818 2367 2841 nos

129 2852 407 2897 conscripsimus
430 2857 558 2887 nostra
583 2852 671 2897 leffe,
699 2852 814 2897 primi
835 2851 927 2886 illud
950 2855 985 2885 et
1008 2850 1170 2885 meditati
1193 2853 1227 2883 et
1250 2850 1501 2894 etecoqitantes
1531 2853 1566 2885 et
1590 2850 1741 2896 benique
1772 2851 1982 2885 sancientes.
2040 2850 2172 2896 Itaque
2196 2851 2254 2886 liic
2278 2864 2364 2897 quo-

129 2909 199 2942 que
222 2898 254 2931 si
278 2897 420 2943 quidem
444 2898 657 2932 alienaverit
676 2908 816 2942 parens
841 2903 924 2931 ante
949 2907 1056 2941 quam
1082 2895 1131 2930 ad
1152 2894 1329 2929 secundas
1353 2895 1503 2939 nuptias
1527 2897 1673 2936 venerit,
1705 2895 1833 2930 deinde
1857 2906 1950 2930 uitus
1974 2907 2024 2931 ex
2055 2896 2178 2931 liberis
2202 2903 2367 2932 mortuus

127 2942 187 2984 sit,
213 2943 250 2976 in
277 2947 415 2977 tantum
438 2943 556 2977 solum
577 2943 686 2987 firma
710 2946 855 2977 manent
880 2953 973 2987 quae
998 2941 1159 2976 alienata
1183 2945 1278 2981 sunt,
1311 2944 1485 2984 quantum
1509 2939 1558 2974 ad
1581 2951 1659 2974 eum
1683 2941 1746 2985 qui
1771 2940 1946 2975 alienavit
1969 2952 2018 2975 ex
2037 2946 2152 2986 pacto
2178 2942 2217 2976 in
2243 2953 2365 2977 casum

129 2987 296 3022 orbitatis
322 2989 523 3032 perveniat.
587 2987 687 3022 Certe
711 2987 905 3022 secundum
935 2986 1097 3031 reliquas
1115 2989 1263 3031 partes,
1297 2995 1541 3030 quaecumque
1566 2985 1615 3019 ad
1639 2984 1787 3020 heredes
1813 2985 1884 3029 filii
1909 2986 2074 3027 veniunt,
2110 2987 2256 3022 omnino
2281 2988 2364 3021 irri-

130 3036 202 3067 tum
230 3032 307 3066 erit.
370 3031 501 3077 Itaque
532 3032 750 3067 alienatione
783 3032 889 3077 facta
920 3042 979 3065 res
1012 3031 1050 3065 in
1085 3041 1260 3075 suspenso
1301 3029 1473 3070 manebit,
1508 3041 1581 3075 per
1614 3030 1790 3074 fortunas
1823 3030 1993 3076 deinceps
2025 3030 2176 3075 futuras
2213 3043 2366 3066 commu-

1331 3125 1338 3153 l
1367 3123 1455 3152 rubr.
1487 3121 1536 3152 De
1560 3120 1654 3152 lucro
1680 3120 1766 3152 dotis
1800 3123 1832 3153 et
1856 3123 1933 3153 ante
1958 3121 2093 3163 nuptias
2118 3122 2309 3154 donationis
2332 3123 2366 3155 R

178 3125 191 3155 1
220 3119 330 3154 δὲκαὶ
344 3119 490 3166 ἀκύρους
504 3124 534 3154 L
554 3123 564 3162 11
582 3125 600 3156 2
628 3123 687 3156 ἐπὶ
707 3134 764 3155 τοι
776 3120 951 3155 τοιούτοις
966 3122 1034 3165 ΜΗ
1052 3124 1070 3155 3
1096 3121 1212 3163 §nc-ffb

129 3170 201 3208 (sic)
229 3169 274 3200 L²
293 3168 304 3207 11
332 3170 351 3200 4
385 3168 427 3208 εἰ]
454 3166 489 3199 οἱ
517 3168 563 3200 Μ
583 3169 594 3210 ΙΙ
626 3169 644 3200 7
678 3164 920 3208 τελευτήσειεν
945 3168 975 3199 L
1007 3166 1018 3210 ΙΙ
1050 3169 1087 3199 12
1126 3162 1210 3208 ἡμῖν

132 3213 182 3246 ΒΓ
198 3213 209 3256 ΙΙ
231 3215 268 3245 13
295 3208 429 3255 ἇμφοῖν
453 3214 574 3256 (αφοιν
598 3213 645 3244 L¹
670 3208 736 3256 ἀφ’
764 3210 819 3244 οἶν
844 3212 905 3251 L2)
931 3214 1009 3244 τοῖν
1032 3208 1210 3252 θεμάτοιν

130 3259 211 3298 LB]
238 3253 372 3302 ἀμφοῖν
394 3257 471 3290 τῶν
496 3253 673 3299 θεμάτων
689 3257 732 3289 M
744 3257 755 3298 H
775 3260 813 3290 1ss
839 3252 1071 3290 ὑπελέλειπτο
1100 3259 1209 3289 lleim-

131 3304 223 3344 bach]
248 3300 484 3336 ὑπολέλειπτο
511 3303 586 3334 libri
612 3302 623 3343 ΙΙ
653 3298 752 3343 αὐτῷ
778 3302 813 3334 Β
841 3301 852 3344 ΙΙ
886 3305 922 3334 17
951 3299 1210 3346 κερδαθέντων

130 3349 161 3381 L
177 3347 189 3392 ΙΙ
219 3350 256 3381 18
282 3344 394 3379 αὐτὸν
417 3347 463 3379 Bt
489 3344 633 3379 ἑαυτοὺς
658 3345 708 3379 Bs
723 3347 734 3386 11
758 3347 905 3387 ἐπανείη
931 3347 961 3379 L
979 3347 989 3390 Ι1
1008 3349 1118 3388 μέσον
1145 3347 1175 3379 L

132 3396 172 3427 19
198 3392 427 3426 ἐπινοεῖσθαι
458 3391 505 3424 ΒΓ
531 3392 542 3433 Η
571 3393 612 3424 20
637 3389 695 3431 εἷς]
718 3390 799 3424 ἴσον
826 3391 870 3423 L¹
900 3391 911 3435 ΙΙ
943 3388 1018 3431 ἐπ’]
1044 3392 1091 3424 εἰς
1115 3391 1166 3424 ΒΓ

131 3440 170 3471 21
204 3438 312 3470 τοῦτο
338 3437 416 3477 Βῑς]
441 3437 571 3469 τοῦτον
601 3436 735 3468 MLBss
767 3436 778 3480 ΙΙ
809 3432 898 3480 ὅπερ
923 3434 1024 3469 πολλ.
1054 3437 1115 3479 εἰρ.
1150 3450 1207 3469 om.

133 3484 180 3516 B⁸
208 3482 219 3527 ΙΙ
251 3486 293 3516 22
319 3480 368 3522 δὲ]
395 3480 434 3514 δὲ
456 3480 524 3527 γὰρ
546 3481 627 3523 13111
657 3482 727 3521 ἔχει
754 3481 845 3513 MBt
873 3483 883 3522 2}
913 3484 953 3514 23
978 3483 1016 3512 ἐκ
1039 3483 1114 3521 τοῦ]
1136 3477 1208 3514 ἀπὸ

131 3528 179 3559 L2
197 3527 267 3572 1125
291 3526 333 3560 τὸ
359 3525 398 3560 δὲ
419 3525 545 3560 λοιπὸν
570 3526 640 3568 13811
661 3529 701 3559 25¹
727 3525 774 3558 εἰς
788 3527 836 3566 M,
862 3539 920 3559 om.
936 3527 1026 3561 LBe
1042 3526 1052 3569 ΙΙ
1074 3529 1114 3558 29
1139 3525 1210 3558 εἴτε

131 3574 201 3613 καὶ]
226 3575 286 3605 καὶ
312 3586 369 3606 om.
394 3572 444 3606 Bt
473 3573 483 3611 11
516 3569 761 3612 τελευτήσοιεν
787 3572 827 3603 Μ
863 3568 1106 3611 τελευτήσειεν
1130 3572 1161 3603 L
1197 3570 1208 3613 Η

131 3619 172 3648 30
198 3615 237 3650 δὲ
256 3626 285 3650 et
298 3630 338 3650 τε
359 3631 416 3651 om.
429 3618 498 3650 LB
518 3616 529 3661 ΙΙ
545 3614 659 3659 νόμῳ]
674 3617 756 3649 Νου.
766 3616 809 3648 ΙΙ
820 3617 830 3657 ΙΙ
852 3619 889 3649 31
919 3612 1004 3647 αὐτὸ
1021 3616 1091 3657 Me]
1108 3612 1209 3648 αὐτοὶ

132 3662 200 3694 LB
219 3663 230 3704 ΙΙ
247 3663 286 3695 32
308 3659 512 3702 κάνταῦθα]
527 3663 624 3694 etiam
638 3662 718 3693 haec
732 3663 764 3703 (i.
778 3674 803 3694 e.
820 3663 878 3692 καὶ
892 3660 1021 3702 ταῦτα)
1035 3673 1054 3696 ς
1070 3661 1081 3703 ΙΙ
1102 3663 1142 3694 35
1164 3659 1208 3693 τὰ

131 3706 373 3748 έκποιηθέντα
395 3706 508 3750 μόνον
531 3708 564 3739 Β

1280 3180 1339 3209 my.
1364 3168 1375 3207 ΙΙ
1403 3166 1580 3205 Quoniam]
1608 3168 1718 3197 autem
1742 3167 1819 3198 add.
1836 3167 1921 3208 vute.
1948 3165 1959 3209 ΙΙ
1991 3177 2010 3198 a
2034 3167 2239 3207 parentibus]
2265 3178 2366 3209 appa—

1279 3211 1429 3243 rentibus
1452 3211 1485 3242 R
1502 3210 1513 3253 [Ι
1544 3211 1563 3243 3
1589 3213 1766 3252 supersunt
1787 3211 1835 3250 V]
1861 3211 2028 3252 supersint
2053 3212 2084 3243 R,
2099 3213 2184 3254 vulfs.
2210 3213 2221 3254 ΙΙ
2249 3214 2270 3245 4
2294 3213 2366 3244 nati

1280 3270 1337 3290 om.
1353 3256 1385 3288 R
1412 3257 1422 3298 ΙΙ
1447 3256 1504 3295 eis]
1531 3256 1589 3296 qui
1616 3256 1663 3287 12¹
1694 3255 1706 3299 ss
1739 3259 1756 3289 5
1783 3254 2009 3300 infirlinfirma
2034 3256 2083 3287 R²
2109 3256 2120 3299 ΙΙ
2149 3259 2168 3289 6
2194 3258 2283 3297 quod
2308 3271 2365 3291 om.

1287 3302 1335 3334 V¹
1355 3302 1401 3342 118
1428 3302 1548 3332 affectu
1571 3300 1648 3344 3111
1667 3303 1686 3332 9
1713 3301 1811 3332 etiam
1837 3301 1899 3332 hoc
1925 3301 1958 3333 R
1977 3300 1988 3344 ΙΙ
2012 3303 2048 3333 12
2075 3312 2186 3333 casum
2212 3302 2245 3334 R
2264 3303 2275 3341 ΙΙ
2291 3313 2365 3344 Per-

1278 3348 1434 3385 tractans]
1459 3347 1518 3386 leq.
1532 3346 1768 3386 perscrutans?
1785 3345 1796 3389 ΙΙ
1819 3347 1860 3378 14
1884 3345 2131 3386 relinqnabitur
2145 3347 2192 3378 [ἐι
2210 3346 2222 3390 ΙΙ
2247 3350 2283 3380 15
2309 3347 2362 3380 lu-

1278 3391 1424 3423 cratibus
1446 3391 1498 3422 Va
1516 3389 1527 3433 st
1550 3393 1588 3422 16
1614 3391 1797 3432 cogitamus
1816 3391 1849 3422 R
1869 3390 1880 3434 ΙΙ
1902 3393 1940 3423 19
1966 3391 2181 3423 hereditatem
2208 3405 2265 3424 om.
2279 3393 2327 3424 Β*
2355 3392 2365 3436 Η

1278 3436 1377 3476 quod]
1403 3446 1466 3476 que
1491 3435 1539 3466 13¹
1557 3434 1567 3476 ΙΙ
1594 3437 1632 3469 21
1660 3436 1715 3467 sed
1740 3438 1872 3467 tantum
1899 3436 1974 3478 lt¹11
1995 3437 2037 3468 22
2061 3435 2220 3477 filiorum]
2248 3438 2365 3470 uenire

1281 3485 1315 3522 (u
1330 3494 1367 3513 ea:
1381 3482 1396 3512 f
1406 3482 1502 3519 corr.)
1521 3480 1581 3519 V¹,
1596 3482 1657 3512 del.
1676 3481 1726 3513 V³
1744 3481 1756 3523 ΙΙ
1773 3482 1814 3514 25
1836 3481 2040 3521 contingerit
2052 3481 2100 3513 R*
2121 3481 2132 3524 ΙΙ
2149 3482 2363 3523 substantias]

1279 3536 1329 3557 res
1352 3525 1406 3566 Vll
1431 3527 1472 3557 26
1494 3525 1576 3564 siue]
1603 3526 1751 3557 extranei
1777 3526 1861 3557 forte
1887 3527 1963 3557 (ald.
1980 3526 2026 3557 12¹
2046 3525 2056 3567 ΙΙ
2076 3536 2136 3557 nos
2161 3527 2363 3569 scripsimus]

1278 3569 1529 3611 conscripsimus
1552 3570 1586 3602 R
1605 3569 1616 3613 ΙΙ
1641 3572 1680 3603 27
1708 3570 1794 3602 illud
1819 3572 1862 3609 et]
1887 3570 1973 3601 illud
1999 3571 2098 3603 etiam
2124 3571 2157 3603 R
2173 3572 2183 3614 ΙΙ
2211 3573 2253 3605 29
2277 3573 2359 3605 haec

1277 3616 1324 3655 R]
1354 3616 1407 3646 hic
1428 3615 1525 3658 vuly„
1552 3628 1608 3648 om.
1631 3616 1694 3648 VT
1720 3616 1731 3659 ΙΙ
1760 3615 1933 3655 antiquam
1955 3615 2004 3647 Β*
2034 3616 2046 3659 ΙΙ
2075 3617 2117 3650 30
2142 3618 2278 3659 nuptias
2303 3629 2361 3650 ue-

1278 3661 1349 3692 niat
1375 3661 1405 3692 H
