2580 4022
2050 163 2299 194 GENERALIS
2328 163 2481 195 FORMA

261 152 368 193 Nov.
394 151 541 193 0va
1314 145 1408 191 752-
1530 205 1562 210 ,-

1268 257 1424 292 CAPUT
1448 258 1473 291 I.

394 325 459 359 Διὸ
492 325 727 369 θεσπίζομεν,
759 320 925 360 ἅπαντας
955 321 1135 369 ἀφθόνως
1165 324 1243 357 τῶν
1273 324 1413 358 οἰκείων
1445 321 1643 359 ἀπολαύειν
1673 324 1900 372 πραγμάτων
1930 338 1970 360 τε
2001 330 2060 361 καὶ
2090 325 2243 361 δικαίων
2275 330 2334 361 καὶ
2366 329 2483 362 ταῦτα

261 372 516 414 παραπέμπειν
546 371 607 404 ἐπὶ
636 370 719 404 τοὺς
749 371 854 416 σφῶν
886 366 1009 402 αύτῶν
1041 366 1293 413 κληρονόμους,
1325 371 1465 404 ἐπιέναι
1498 367 1537 402 δὲ
1566 372 1643 403 τῶν
1675 369 1829 404 πάντων
1855 368 1992 414 μηδένα
2022 372 2198 413 καθάπαξ
2226 375 2304 406 ταῖς
2335 373 2483 407 ἐκείνων

260 418 476 459 περιουσίαις
509 412 531 457 ἢ
563 414 644 449 τοὺς
675 414 818 448 τούτων
848 412 1033 455 διαδόχους
1066 415 1206 457 ζημίαις
1237 413 1469 460 περιβάλλειν
1500 410 1523 457 ἢ
1547 413 1686 449 τίτλους
1708 413 1731 458 ἢ
1756 414 1952 461 σφραγῖδας
1976 416 2183 452 ἐπιτιθέναι
2201 420 2274 452 τοῖς
2298 415 2482 463 πράγμασι

260 459 358 505 παρὰ
387 460 430 492 τὸ
464 462 536 493 τοῖς
567 458 748 504 ἡμετέροις
770 458 891 502 νόμοις
916 456 1055 492 δοκοῦν.
1103 461 1162 491 καὶ
1186 457 1249 493 τὰς
1274 459 1312 499 ἐξ
1334 456 1530 492 ἄδιαθέτου
1553 459 1622 505 γὰρ
1645 459 1783 503 κλήσεις
1807 463 1867 494 ἐπὶ
1891 463 1967 495 ταῖς
1990 459 2132 496 τούτων
2156 460 2336 505 διαδοχαῖς
2350 466 2481 517 βεβαι-

259 505 367 546 οὖμεν
390 507 450 537 καὶ
473 504 534 538 τὰς
554 503 755 538 τελευταίας
777 504 920 538 τούτων
944 502 1127 546 βουλήσεις
1151 507 1308 547 νομίμως
1332 501 1522 549 προϊούσαις
1545 501 1609 538 οὐκ
1630 501 1859 550 ἄναιροῦμεν.
1906 506 1937 539 εἰ
1956 505 2025 551 γὰρ
2058 503 2308 552 ἀγρυπνοῦμεν
2339 510 2395 540 αεὶ
2422 510 2482 540 καὶ
2507 512 2526 543 5

257 549 486 592 μεριμνᾱίμεν
519 547 579 582 διὰ
611 548 677 592 τὴν
704 550 782 583 τῶν
813 545 1003 583 ὑποτελῶν
1033 546 1204 591 εὐνομίαν
1222 551 1281 582 καὶ
1304 549 1367 592 τῆς
1387 548 1509 583 αὐτῶν
1533 549 1729 593 θεραπείας
1753 548 1866 592 πολλή
1890 561 1944 584 τις
1968 552 2020 593 τῷ
2045 550 2206 596 ἡμετέρῳ
2230 549 2353 597 κράτει
2373 551 2483 585 καθέ-

259 604 364 635 στηκε
396 598 553 638 φροντίς,
586 596 663 629 πῶς
693 591 758 627 οὐκ
780 590 827 628 ἂν
846 596 906 627 καὶ
930 596 1012 639 περὶ
1035 594 1143 627 τοῦτο
1166 593 1208 627 τὸ
1230 596 1333 638 μέρος
1357 591 1623 639 προνοήσαιμεν
1647 591 1770 628 αὐτῶν
1791 597 1852 627 καὶ
1875 596 1937 638 τῆς
1959 593 2130 640 ἡμετέρας
2153 597 2352 642 προθύμως
2374 609 2482 640 μετα-

259 636 404 681 δοίημεν
428 636 642 685 εύεργεσίαςς
670 640 787 672 ταῦτα
810 639 877 684 γαρ
901 638 981 680 θεῷ
1006 634 1168 682 ἀρέσκειν
1192 640 1424 682 πεπείσμεθα
1445 642 1504 672 καὶ
1527 641 1665 683 ταύτην
1689 637 1921 682 δικαιοσύνην
1945 639 2040 673 εἶναί
2061 654 2188 685 φαμεν,
2209 645 2268 674 καὶ
2291 642 2482 686 τὴνὰβασι-

257 682 357 716 λείαν
388 680 474 728 ἡμῖν
504 686 542 717 ἐκ
574 682 717 718 τούτων
742 680 884 729 ἀσφαλῆ
909 695 949 716 τε
972 685 1032 716 καὶ
1056 680 1235 727 ἀτάραχον
1258 684 1411 717 ἔσεσθαι
1435 682 1734 728 πεπιστεύκαμεν.
1783 685 2087 729 συναριθμείσθω
2108 689 2231 720 τοίνυν
2254 690 2313 720 καὶ
2336 687 2438 720 οὗτος
2461 685 2481 718 ὁ

257 725 364 771 νόμος
393 731 465 762 τοῖς
495 728 615 763 ἄλλοις
644 728 750 773 ἡμῶν
779 725 1057 773 κατορθώμασι,
1090 731 1149 761 καὶ
1180 726 1223 761 τὸ
1255 726 1415 771 ὑπήκοον
1446 730 1524 762 τῶν
1554 729 1681 774 πρώην
1711 728 1882 784 λυπηρῶν
1914 726 2187 775 ἀπηλλαγμένον
2218 734 2278 764 καὶ
2310 732 2484 772 τοσαύτης
2513 735 2548 767 10

256 769 459 817 ἠξιωμένον
486 775 551 808 τοῦ
582 771 753 817 ἡμετέρου
782 773 931 818 κράτους
962 776 1132 817 προνοίας
1159 772 1239 816 θεῷ
1270 784 1310 806 τε
1330 777 1389 806 καὶ
1406 770 1482 817 μετ’
1509 775 1644 807 ἐκεῖνον
1667 772 1688 816 ἦ
1717 777 1754 808 ῖν
1776 785 1922 819 χαριτας
1947 772 2148 821 ὁμολογοίη,
2171 773 2214 809 τὸ
2240 775 2344 810 θεῖον
2368 775 2483 818 εὐχαῖς

258 816 512 862 έξιλεούμενον,
538 819 598 852 ἵνα
621 822 680 852 καὶ
700 819 778 853 τῶν
801 817 986 861 πολεμίων
1009 816 1250 862 κρατήσαντες
1274 817 1405 861 πολλῆς
1429 815 1528 862 αὐτῷ
1554 822 1613 853 καὶ
1638 817 1683 852 ἄλ
1705 830 1743 862 ης
1765 817 2004 863 μεταδοίημεν
2025 816 2230 864 ἀσφαλείας.

391 860 508 907 (Ἐπί
517 862 564 897 λο
571 863 672 908 yos.)
726 864 774 897 Ta
804 867 928 897 τοίνυν
954 860 1197 907 παραστάντα
1227 859 1315 906 ἡμῖν
1345 866 1404 897 καὶ
1429 861 1490 896 διὰ
1513 862 1618 898 τοῦδε
1641 865 1704 897 τοῦ
1729 865 1832 898 θείου
1856 864 1968 908 νόμου
1993 862 2194 908 δηλούμενα
2217 864 2483 910 φυλαξάτωσαν

256 908 294 940 οῗ
316 921 354 941 τε
378 906 609 948 ἐνδοξότατοι
633 906 855 954 κουράτιορες
875 908 953 941 τῶν
977 908 1096 941 θείων
1119 908 1228 941 οἴκων
1252 909 1290 941 οἵ
1309 921 1348 941 τε
1370 908 1436 942 τὰς
1457 913 1626 955 μεγίστας
1648 907 1671 951 ἢ
1696 912 1754 942 καὶ
1781 907 1948 943 ἐλάττους
1969 906 2078 954 άρχὰς
2101 909 2245 943 ἰθύνειν
2269 910 2481 955 ἐπιτετραμ-

255 955 357 995 μένοι
389 953 479 987 κατά
511 966 551 987 τε
580 953 649 996 τὴν
682 951 878 998 εὐδαίμονα
910 951 1020 986 πόλιν
1043 950 1181 995 ταύτην
1202 955 1262 986 καὶ
1285 952 1359 996 μὴν
1381 956 1440 986 καὶ
1466 955 1505 988 ἐν
1528 957 1604 987 ταῖς
1628 955 1823 999 ἐπαρχίαις,
1845 951 2015 998 δήμευσίν
2038 967 2077 988 τε
2101 958 2161 988 καὶ
2184 953 2377 1000 κεφαλικην
2397 951 2481 999 utpo-
2511 959 2550 991 15

256 998 410 1041 ρώμενοι
439 1002 630 1042 τιμωρίαν,
659 998 691 1031 εἰ
720 1001 925 1043 παραβαῖεν
950 997 997 1030 τὰ
1028 994 1112 1041 παρ’
1142 996 1249 1040 ἡμῶν
1280 998 1546 1033 θεσπισθέντα.
1595 996 1616 1041 ἦ
1649 999 1693 1042 σὴ
1725 1003 1847 1033 τοίνυν
1878 998 2067 1041 ἐνδοξότης
2094 999 2163 1033 τὸν
2187 1000 2354 1044 παρόντα
2378 999 2484 1032 θεῖον

256 1041 359 1086 ἡμῶν
379 1042 494 1086 νόμον
518 1044 557 1075 ἐν
581 1045 654 1076 τοῖς
677 1045 864 1088 ἐπισήμοις
887 1039 1012 1077 τύποις
1035 1043 1098 1085 τῆς
1121 1039 1331 1096 εὐδαίμονος
1353 1043 1485 1086 ταύτης
1508 1043 1646 1078 πόλεως
1670 1044 1863 1088 προθήσει,
1896 1043 2011 1078 στελεῖ
2034 1043 2073 1078 δὲ
2096 1047 2154 1077 καὶ
2178 1044 2270 1078 κατὰ
2294 1044 2355 1077 τὰς
2374 1045 2483 1088 ἐπαρ-

254 1091 331 1129 χίας
350 1090 427 1121 ταῖς
451 1087 627 1129 συνήθεσι
650 1092 814 1134 χρωμένη
838 1090 921 1133 περὶ
948 1085 1078 1122 τούτου
1099 1087 1318 1132 προςταξεσι.
1366 1087 1474 1132 (Dat.
1501 1115 1510 1123 .
1530 1114 1538 1123 .
1557 1115 1565 1124 .
1589 1088 1676 1124 Dec.
1702 1088 1837 1124 Tiberii
1862 1088 2085 1142 Constantini
2108 1089 2300 1125 felicissimi
2321 1089 2485 1124 Caesaris

255 1142 348 1167 anno
371 1132 400 1167 I.
425 1133 496 1168 ind.
510 1132 630 1176 VIII.)
2328 1137 2373 1175 [a.
2398 1136 2486 1174 574]

348 1323 672 1377 ΓΕΝΙΚΟΣ
721 1322 963 1375 ΤῩΠΟΣ
1010 1322 1188 1376 ΠΕΡΙ
1236 1258 1597 1377 ΑΙῖὃιῒΨΕῼΣ
1647 1323 2041 1377 ΘΑΛΑΣΣΗΣ
2089 1324 2394 1379 ΓΡΑΦΕΙΣ
2509 1262 2552 1296 20

621 1401 991 1455 ΔΟΜΝΙΚΩΙ
1039 1401 1163 1455 ΤῼΙ
1212 1403 1725 1459 ΕΝΔΟΞΟΤΑΤῼΙ
1773 1404 2121 1458 ΕΠΑΡΧῼΙ.

386 1480 571 1523 Ἐδίδαξεν
594 1479 685 1524 ἡμᾶς
709 1481 908 1526 Δημήτριος
933 1507 1074 1516 .....
1266 1520 1282 1528 ⁹

388 1527 433 1562 ‘II
465 1530 525 1563 ἐπὶ
561 1526 755 1561 θάλασσαν
787 1526 889 1561 ἐντὸς
923 1525 1054 1560 ἑκατὸν
1085 1524 1211 1561 ποδῶν
1239 1529 1329 1560 οὐσα
1360 1526 1496 1571 ἄποψις
1526 1524 1568 1560 οὗ
1600 1528 1716 1568 μόνον
1745 1525 1821 1562 κατ’
1853 1526 2015 1572 εὐθεῖαν,
2051 1527 2140 1562 ἀλλὰ
2171 1531 2231 1561 καὶ
2262 1529 2300 1563 ἐκ
2332 1526 2484 1574 πλαγίου

523 1569 659 1618 ὀφείλει
689 1572 783 1606 εἶναι
814 1570 1106 1615 ἀκαινοτόμητος,
1153 1572 1260 1605 τοῦτο
1289 1571 1357 1618 γὰρ
1388 1572 1628 1616 προςτίθησιν
1658 1571 1677 1606 ὁ
1706 1574 1838 1618 παρών
1860 1572 1973 1609 τύπος
2005 1572 2201 1619 φυλάττων
2224 1573 2292 1616 τὴν
2316 1573 2484 1616 Ζήνωνος
2509 1578 2550 1611 25

514 1615 682 1658 διάταξιν
703 1619 764 1650 καὶ
787 1616 855 1660 τὴν
878 1617 1013 1660 νεαρὰν
1035 1617 1250 1662 ἑρμηνεύων.

388 1697 475 1730 Νου.
499 1697 637 1730 CLXV
655 1697 835 1730 Iustiniani
856 1704 889 1729 ut
912 1698 978 1729 vicl.
1003 1697 1090 1738 (olim
1106 1698 1250 1740 formam
1271 1699 1381 1740 praef.
1407 1698 1482 1731 urbi
1505 1705 1560 1731 aut
1580 1701 1691 1741 praef
1713 1711 1767 1742 pr.
1788 1701 1970 1742 putabant:
1999 1700 2043 1742 cf.
2070 1699 2194 1732 Biener
2219 1700 2261 1733 98
2277 1699 2333 1740 ss.)
2359 1699 2485 1742 inteyra

255 1755 318 1775 non
344 1749 446 1779 exiam
473 1742 638 1774 Theodori
659 1743 814 1784 epitomen
840 1743 988 1774 exhibent
1014 1743 1026 1773 l
1048 1749 1078 1774 et
1103 1743 1138 1774 B
1159 1743 1212 1782 58,
1231 1749 1269 1782 11,
1286 1749 1329 1775 14.

388 1830 417 1864 Ι.
466 1827 553 1864 Ideo
584 1829 777 1871 sancimus,
810 1832 851 1863 ut
883 1839 1004 1864 omnes
1032 1828 1109 1863 sine
1133 1828 1269 1863 invidia
1302 1828 1404 1862 bonis
1426 1829 1502 1863 suis
1525 1834 1560 1864 et
1583 1829 1721 1864 iuribus
1743 1830 1922 1874 fruantur
1945 1840 2060 1875 eaque
2082 1829 2132 1864 ad
2153 1839 2375 1865 successores
2398 1839 2484 1865 suos

256 1874 514 1915 transmittant,
538 1873 687 1908 invadat
711 1876 830 1908 autem
853 1884 956 1908 nemo
979 1883 1132 1919 prorsus
1156 1873 1313 1907 omnium
1338 1873 1431 1908 bona
1455 1884 1577 1908 eorum
1602 1877 1667 1908 aut
1690 1883 1915 1908 successores
1937 1884 2059 1908 eorum
2084 1874 2225 1909 damnis
2248 1874 2406 1919 implicet
2421 1878 2487 1910 aut

257 1919 380 1955 titulos
403 1918 462 1954 vel
481 1918 604 1963 siqilla
627 1918 734 1954 rebus
764 1918 926 1964 imponat
950 1922 1078 1952 contra
1104 1917 1202 1963 quod
1226 1918 1362 1963 leqibus
1385 1918 1519 1952 nostris
1540 1918 1689 1964 placuit.
1739 1917 1833 1952 Nam
1856 1919 1962 1953 etiam
1989 1917 2206 1954 hereditates
2246 1918 2291 1952 ab
2315 1919 2484 1954 intestato

254 1966 292 1999 in
322 1974 446 2000 eorum
475 1962 760 1997 successionibus
789 1963 1053 2007 confirmamus,
1083 1963 1300 2008 ultimasque
1323 1972 1446 1996 eorum
1468 1963 1669 1998 voluntates
1693 1962 1848 2008 leqilime
1865 1963 2105 2008 procedentes
2127 1973 2200 1998 non
2226 1962 2393 1999 tollimus.
2442 1964 2485 1998 Si

253 2009 346 2044 enim
377 2018 519 2053 semper
541 2007 732 2053 viqilamus
755 2011 791 2042 et
811 2007 957 2042 solliciti
977 2017 1100 2042 sumus
1122 2006 1166 2041 ob
1190 2006 1414 2041 subditorum
1440 2006 1570 2041 bonum
1593 2011 1726 2042 statum
1750 2011 1859 2051 atque
1881 2017 2006 2042 eorum
2028 2007 2156 2042 salutis
2178 2018 2312 2053 maqna
2336 2012 2484 2043 nostrae

247 2053 433 2099 potentiae
463 2063 552 2087 cura
583 2055 653 2093 est,
686 2051 813 2097 quidni
842 2052 950 2086 etiam
983 2050 1028 2085 ab
1063 2050 1131 2085 lzac
1161 2054 1268 2096 parte
1291 2051 1343 2085 eis
1360 2051 1632 2096 providebimus
1654 2055 1852 2096 nostraque
1876 2052 2046 2096 beneficia
2063 2056 2233 2098 prompte
2258 2053 2482 2098 larqiemur?

253 2099 356 2133 Haec
377 2097 470 2131 enim
494 2096 560 2132 deo
579 2096 730 2142 placere
754 2095 968 2140 confidimus
990 2099 1026 2130 et
1049 2094 1142 2130 hanc
1165 2095 1341 2130 iustitiam
1364 2105 1440 2130 esse
1463 2095 1624 2138 dicimus,
1649 2099 1758 2141 atque
1781 2096 1970 2142 imperium
1986 2107 2059 2142 per
2082 2095 2170 2132 haec
2192 2097 2295 2133 nobis
2317 2107 2482 2133 securum

252 2147 287 2179 et
310 2144 357 2178 im
386 2141 605 2177 erturbatum
634 2141 721 2186 sore
751 2141 937 2176 credimus.
984 2139 1248 2175 Adnumeretur
1277 2140 1390 2183 igitur
1414 2139 1502 2175 llaec
1526 2151 1668 2186 quoque
1691 2144 1753 2176 tex
1776 2145 1903 2175 nostra
1922 2141 1990 2176 reli
2016 2141 2072 2176 uis
2094 2142 2228 2177 nostris
2251 2141 2337 2178 bene
2359 2143 2482 2188 qestis,

252 2191 288 2224 et
309 2153 442 2223 suffuiti
458 2186 648 2232 prioribus
671 2184 844 2221 molestiis
867 2185 1010 2221 liberati
1032 2189 1205 2231 tantaque
1221 2184 1454 2231 providentia
1478 2195 1502 2220 a
1522 2186 1688 2232 potentia
1711 2190 1836 2221 nostra
1859 2185 1962 2232 diyni
2009 2186 2098 2221 abiti
2121 2186 2187 2221 deo
2217 2190 2254 2222 et
2267 2191 2358 2233 post
2381 2187 2481 2222 illum

252 2233 354 2268 nobis
377 2233 517 2311 qrptias
540 2233 664 2277 ayant,
688 2230 793 2266 deum
810 2230 982 2277 precibus
1003 2230 1259 2277 propitiantes,
1292 2232 1332 2265 ut
1355 2230 1462 2265 etiam
1486 2229 1647 2266 hostibus
1670 2230 1818 2267 devictis
1842 2231 1989 2267 multam
2013 2232 2064 2266 eis
2087 2230 2195 2266 aliam
2219 2241 2361 2277 quoque
2383 2242 2480 2267 secu-

252 2278 395 2313 ritatem
435 2287 478 2311 ar
505 2276 633 2311 iamur.

389 2321 424 2356 E
429 2287 527 2367 piqo
534 2331 628 2366 qus.
675 2318 776 2363 Quae
804 2319 918 2364 iqitur
947 2319 1050 2355 nobis
1074 2319 1298 2366 placuerunt
1328 2322 1363 2354 et
1393 2329 1501 2355 sacra
1525 2317 1593 2354 hac
1612 2319 1690 2365 [σφε
1714 2318 1959 2365 declarantur,
1983 2330 2062 2355 cum
2086 2321 2338 2367 qloriosissimi
2359 2331 2481 2357 sacra-

252 2378 332 2403 rum
364 2366 534 2402 domuum
565 2368 753 2401 curatores
785 2364 972 2400 observent
1005 2368 1077 2399 tum
1107 2363 1178 2407 illi,
1209 2364 1338 2409 quibus
1368 2365 1523 2399 maiores
1555 2368 1619 2399 aut
1642 2366 1799 2400 minores
1822 2366 2057 2412 maqistratus
2072 2376 2198 2411 yerere
2223 2370 2295 2401 tam
2320 2367 2356 2401 in
2379 2366 2484 2411 felici

253 2413 321 2448 lzac
344 2412 487 2448 civitate
511 2421 620 2456 quam
644 2411 682 2446 in
704 2409 904 2456 provinciis
926 2411 1149 2445 commissum
1174 2413 1237 2452 est,
1268 2412 1303 2444 et
1319 2409 1601 2454 publicationem
1627 2409 1802 2444 bonorum
1826 2414 1862 2446 et
1885 2410 2075 2457 capitalem
2097 2421 2252 2457 poenam
2276 2415 2481 2453 metuenteS,

252 2458 284 2492 si
308 2469 331 2492 a
353 2457 457 2492 nobis
479 2456 621 2491 sancita
644 2455 787 2491 violent.
837 2453 915 2489 Tua
939 2455 1051 2500 iqitur
1080 2454 1203 2500 qloria
1225 2464 1366 2489 sacram
1389 2453 1483 2490 banc
1507 2454 1619 2499 leoem
1644 2458 1806 2490 nostram
1829 2455 1867 2489 in
1892 2456 2097 2502 conspicuis
2120 2455 2209 2491 locis
2229 2455 2352 2501 felicis
2375 2455 2484 2491 liuius

252 2502 351 2538 urbis
372 2504 566 2548 proponet,
589 2500 707 2536 mittet
729 2503 848 2535 autem
870 2499 978 2535 etiam
1001 2499 1039 2534 in
1061 2500 1271 2545 provincias
1294 2499 1475 2535 consuetis
1495 2491 1547 2534 ad
1566 2498 1655 2534 haec
1677 2510 1745 2534 usa
1762 2501 1986 2546 praeceptis.

257 2724 660 2777 GENERALIS
717 2722 960 2775 FORMA
1028 2721 1129 2772 DE
1185 2654 1587 2774 PROCZZOTU
1642 2722 1877 2773 MARJS
1925 2722 2225 2775 SCRIPTA
2275 2723 2484 2774 DOMI-

755 2802 844 2853 NI
845 2802 926 2852 CO
976 2801 1061 2852 GL
1068 2801 1198 2852 ΟΒ]
1199 2800 1317 2853 OSI
1313 2801 1430 2852 SSI
1426 2802 1487 2853 M
1492 2801 1532 2853 0
1574 2801 1988 2853 PRAEFECTO.

388 2883 522 2919 Docuit
545 2891 612 2917 nos
636 2882 837 2918 Demetrius
861 2906 1007 2916 .....

388 2928 610 2975 Prospectus
639 2928 678 2962 in
708 2937 807 2961 mare
836 2927 936 2961 intra
967 2929 1107 2960 centum

524 2983 634 3019 opere
667 2971 834 3017 impediri
862 2981 936 3005 non
966 2970 1075 3006 decet.

522 3022 559 3054 et
579 3016 755 3053 novellam
778 3016 1049 3062 interpretatur.

1166 2924 1248 2960 edes
1277 2935 1352 2960 non
1382 2925 1496 2960 solum
1527 2936 1576 2961 ex
1607 2925 1766 2970 directo,
1796 2925 1861 2960 sed
1890 2925 1997 2961 etiam
2028 2935 2096 2971 per
2120 2928 2363 2960 transversum
2386 2935 2481 2960 novo

1164 2980 1207 3005 oc
1237 2970 1329 3006 enim
1358 2970 1462 3006 addit
1485 2970 1573 3006 haec
1593 2971 1731 3016 forma,
1756 2981 1850 3016 quae
1876 2970 2031 3006 Zenonis
2053 2970 2340 3006 constitutionem
2362 2973 2484 3005 servat

302 3123 316 3154 1
347 3119 568 3162 Θεσπίζομεν
593 3113 759 3152 ἅπαντας
783 3119 843 3150 inc.
869 3116 972 3161 13112
997 3113 1121 3150 αὐτῶν
1146 3118 1193 3158 Β]
1219 3129 1277 3150 om.
1297 3115 1335 3161 [Ι]

256 3168 275 3200 5
299 3163 494 3208 προϊούσας
510 3165 558 3204 Β]
575 3161 766 3208 περιούσας
783 3163 794 3195 l
808 3162 896 3205 vulq.
915 3161 928 3205 ΙΙ
944 3158 1186 3206 άγρυπνῶμεν
1202 3162 1214 3194 l
1228 3161 1241 3205 ΙΙ
1259 3162 1279 3195 6
1294 3172 1335 3194 τε

255 3218 329 3244 ante
346 3211 405 3242 καὶ
425 3210 501 3242 add.
516 3222 583 3242 cum
603 3209 679 3241 Hal.
694 3209 779 3251 vuly.
797 3214 809 3250 u
828 3209 845 3240 7
864 3204 1118 3251 προνοήσαμεν
1134 3205 1148 3240 l
1163 3206 1175 3250 ΙΙ
1193 3208 1213 3241 9
1229 3203 1334 3260 ἡμῶν

255 3256 358 3288 Attal.
383 3254 395 3298 ss
421 3250 714 3296 πεπιστεύκαμεν
735 3253 782 3292 Β]
807 3251 1039 3294 πεπείσμεθα
1056 3252 1069 3284 ί
1082 3253 1168 3294 vulq.
1194 3251 1207 3295 ΙΙ
1229 3250 1334 3294 ημῶν

257 3307 330 3333 ante
360 3296 380 3331 ὁ
416 3300 492 3332 add.
521 3299 651 3342 lvulq‚
677 3310 735 3331 om.
762 3298 797 3330 B
828 3297 840 3339 ΙΙ
877 3299 914 3330 11
948 3296 1012 3328 τοῦ
1037 3296 1152 3337 Attal]
1183 3296 1333 3336 τοῦτοί,

256 3343 354 3388 παρὰ
377 3343 441 3378 τοῦ
467 3344 502 3376 Β
521 3342 533 3387 ΙΙ
557 3340 777 3388 ὁμολογείτω
801 3342 902 3374 Attal.
928 3341 940 3384 ΙΙ
968 3342 1008 3375 12
1033 3339 1277 3383 ἐξιελούμενον
1295 3341 1307 3373 l
1323 3339 1335 3384 ΙΙ

258 3385 355 3430 aira*
382 3390 441 3421 καὶ
466 3388 513 3428 Β]
537 3384 688 3421 αύτῶνί
715 3387 727 3431 ss
760 3388 797 3420 18
826 3388 949 3419 subscr.
974 3387 1063 3418 deest
1086 3387 1119 3419 in
1145 3387 1174 3426 l,-
1201 3385 1332 3429 ἐξεφω-

256 3432 356 3475 νήθη
387 3435 474 3474 μηνὶ
495 3433 703 3476 Δεκεμβρίῳ
729 3428 796 3464 ἰνδ.
821 3428 853 3473 η’
877 3431 936 3463 ἐπὶ
961 3430 1023 3472 τῆς
1046 3428 1229 3473 βασιλείας
1250 3426 1332 3463 Ἰου-

258 3480 380 3510 στίνου
409 3479 567 3521 Τιβερίου
591 3479 771 3520 Καίσαρος
794 3476 927 3516 ΤΙιεοά.,
954 3488 992 3508 ex
1016 3487 1078 3518 quo
1102 3477 1228 3508 restitui
1250 3474 1262 3518 ΙΙ
1289 3476 1332 3509 22

259 3519 417 3562 δομνίκω
438 3523 557 3554 Tlteod.
576 3523 603 3563 l]
629 3519 796 3564 δομνήκω
820 3522 886 3554 ind.
913 3520 956 3561 L,
979 3520 1034 3561 τῷ
1052 3519 1236 3562 Δομινικῷ
1251 3521 1330 3553 Hal.

257 3564 270 3608 1]
287 3565 513 3605 ἐντοξοτάτω
531 3567 542 3599 l
558 3567 569 3609 ΙΙ
587 3566 730 3611 ἐπάρχῳ
753 3578 811 3598 om.
837 3565 955 3598 Theod.
973 3566 994 3606 l,
1019 3566 1115 3597 lzabet
1138 3566 1203 3598 imi.
1222 3565 1253 3597 L
1277 3566 1335 3608 qui

261 3611 353 3643 addit
369 3612 450 3654 περὶ
468 3607 655 3655 διαφόρων
671 3608 887 3655 κεφαλαίων.
902 3628 946 3634 -
962 3604 1113 3655 ὓπάρχῳ
1132 3609 1210 3643 τῶν
1227 3621 1331 3654 πραι-

1403 3110 1550 3151 τωρίων
1565 3108 1644 3140 Hal.
1662 3108 1674 3150 n
1694 3108 1736 3139 23
1762 3103 1927 3145 ἐδίδαξεν
1943 3103 2034 3149 ἡμᾶς
2047 3102 2249 3149 Δημήτριος
2266 3106 2318 3138 cit.
2336 3106 2455 3138 Theod.
2473 3105 2484 3137 l

1404 3151 1474 3194 (qui
1501 3148 1523 3193 ἦ
1554 3147 1672 3195 μήτηρ
1705 3152 1839 3194 itemque
1862 3152 1944 3184 Hal.
1968 3152 2069 3195 vulq.)
2094 3152 2160 3184 ind.
2186 3150 2218 3182 L
2245 3149 2257 3192 ΙΙ
2287 3151 2330 3183 24
2359 3145 2405 3182 ‘H
2422 3150 2483 3183 ἐπὶ

1403 3219 1464 3251 inc.
1486 3219 1521 3251 Β
1538 3218 1550 3261 11
1569 3215 1765 3251 θάλασσαν
1791 3219 1912 3251 ΤΙιεοά.
1929 3218 1976 3258 Β,
1998 3208 2100 3251 θαλα
2119 3218 2139 3259 l,
2164 3213 2352 3259 θαλάσσης
2373 3216 2455 3249 Ηαί.
2470 3215 2482 3259 ΙΙ

1404 3261 1548 3304 ἑκατὸν]
1565 3263 1642 3296 τῶν
1655 3259 1685 3307 ρ’
1708 3263 1826 3296 Theod.
1845 3261 1875 3306 ρ’
1894 3263 1926 3295 Β
1943 3262 1955 3306 11
1973 3261 2117 3296 εὐθείας
2138 3263 2261 3295 Theoti>
2275 3263 2344 3295 cod.
2362 3260 2375 3304 Ι]
2392 3259 2480 3295 πλα-

1402 3310 1480 3352 γίας
1498 3309 1510 3341 l
1530 3308 1542 3347 ΙΙ
1568 3309 1609 3341 25
1634 3304 1926 3351 ἀκαινοτομήτως
1954 3309 2072 3341 Theod.
2093 3308 2162 3340 cod.
2180 3306 2192 3350 ΙΙ
2210 3304 2334 3348 ζήνων
2351 3306 2371 3338 I.
2418 3306 2481 3338 Est

1407 3353 1484 3385 Cod.
1502 3353 1589 3385 VIII
1609 3355 1661 3394 10,
1680 3360 1711 3386 12
1740 3357 1755 3392 §
1775 3361 1791 3386 4
1818 3355 1830 3396 ΙΙ
1864 3354 1906 3386 26
1930 3351 1998 3395 τὴν
2021 3349 2168 3396 νεαρὰν]
2195 3359 2291 3384 const.
2318 3349 2450 3383 LXIII
2468 3349 2479 3392 Il

1401 3399 1522 3431 subscr.
1548 3398 1650 3436 dee-sn
1672 3399 1703 3431 si
1727 3398 1894 3430 Theodoro
1905 3398 2007 3438 fides,
2031 3404 2105 3440 post
2128 3409 2199 3429 nov.
2226 3394 2361 3429 LXIII
2378 3394 2479 3435 (VII.

1403 3443 1446 3474 id.
1466 3442 1567 3475 Mart.
1594 3456 1625 3475 a.
1645 3443 1723 3482 538)
1750 3443 1830 3475 data
1855 3449 1900 3475 est
1914 3443 2038 3483 forma.
2077 3442 2267 3474 Dominicus
2293 3440 2386 3471 annis
2411 3440 2476 3472 535

1401 3488 1511 3520 —540
1533 3499 1586 3530 pr.
1602 3499 1655 3530 pr.
1679 3487 1810 3529 Illyrici
1824 3487 1887 3525 fuit
1906 3487 1988 3526 (nov.
2007 3487 2060 3520 VI
2074 3499 2109 3529 p.
2126 3487 2180 3526 47,
2194 3492 2229 3518 34
2252 3483 2324 3516 VII
2338 3495 2373 3525 p·
2389 3484 2444 3523 64,
2459 3491 2475 3516 2

1409 3532 1501 3564 VIII
1508 3545 1544 3575 p.
1562 3533 1616 3574 91,
1632 3537 1670 3565 3ο
1684 3531 1864 3564 ΧΧΧΙΙΙ.
1885 3531 2025 3564 CLXII
2041 3533 2147 3574 app.);
2173 3530 2209 3562 id
2230 3528 2379 3570 temporis
2404 3529 2474 3564 for·

1400 3588 1481 3608 mam
1518 3577 1564 3609 ad
1598 3589 1666 3610 eum
1701 3578 1785 3610 mitti
1808 3577 1952 3620 potuisse
1985 3588 2023 3609 ea:
2056 3575 2131 3609 Cod.
2155 3572 2246 3606 VIII
2262 3574 2313 3613 10,
2332 3579 2360 3605 13
2391 3578 2474 3605 recte

1400 3621 1561 3655 concludit
1580 3621 1777 3655 Zachariae.
