2618 4010
98 184 101 187 ,
137 147 198 183 ΒΕ
221 148 410 182 ‘namn
433 149 684 183 mmmmm·

147 249 297 286 πολλῶν,
323 250 417 297 γοῦν
439 245 639 293 ἠκούσαμεν
669 247 793 291 δικῶν,
825 251 923 285 ἔνθα
954 251 990 286 οἱ
1013 251 1220 295 θαυμαστοὶ

91 311 96 315 ·
146 292 333 340 κηδεμῦηες
352 296 594 340 ὀκχωροῦνται
616 294 707 328 κατὰ
736 297 812 329 τῶν
835 299 940 338 νέων,
972 298 1043 331 εἴτε
1072 294 1220 340 ἀνήβων

146 341 216 377 εἴτε
301 339 311 352 ’
341 353 394 374 ων
415 341 482 384 μὲν
508 341 568 375 ἐπὶ
598 338 638 374 δὲ
660 341 721 383 τῆς
746 338 909 388 δευτέρας
932 339 1065 385 ἡλικίας
1088 340 1219 382 ὄντων,

146 383 333 421 naarai-‘hie
344 381 460 431 κύριοι
480 385 541 428 τῆς
557 387 705 419 ἐκείνων
720 390 885 433 γίνονται
901 391 1115 433 περιουσίας,
1135 384 1158 431 ἢ
1173 386 1218 421 τὰ

146 428 209 465 οὐκ
239 428 329 465 ὄντα
357 429 443 464 ἴσως
473 426 687 465 ὖπειςιόντες
717 435 802 476 χρέα
833 428 855 475 ἣ
882 429 1001 480 ὀλίγου
1024 432 1219 477 τιμήματος

146 474 400 520 ἐκχωρούμενοι
431 474 476 509 τὰ
507 476 744 518 πανταχόθεν
774 476 913 523 σαθρά,
945 477 1045 521 ἢκαί
1066 477 1217 523 ἀποκρύ-

145 531 294 556 πτοντες
312 519 508 561 ἀποδείξεις
527 523 604 555 τῶν
622 524 737 569 χρεῶν
756 520 861 556 οὔσας
879 523 919 557 ἐν
936 527 1010 558 τοῖς
1028 525 1106 558 τῶν
1124 526 1219 558 νέων

144 564 345 621 πράγμασι,
374 569 434 600 καὶ
456 564 552 601 οὕτω
575 566 637 601 τὰς
661 566 869 615 ,ἐκχωρήσεις
893 567 1137 613 λαμβάνοντες
1159 572 1217 603 καὶ

144 624 234 647 κατα
257 608 387 646 πολλὰς
410 610 516 646 ἄλλας
540 611 733 659 προφάσεις
753 617 803 656 (τί
825 611 865 647 δὲ
879 611 942 647 οὐκ
966 611 1045 668 (ἂν)
1070 613 1216 659 ἅνθρω-

1189 155 1194 162 ’
1211 135 1296 184 359

1938 137 2046 180 Nov.
2063 135 2238 178 LXXII
2271 138 2307 176 1.
2338 136 2363 174 2

1289 251 1451 295 imperat.
1500 250 1634 285 Multas
1665 250 1786 295 itaque
1816 258 1946 285 causas
1976 248 2185 290 audivimus,
2214 246 2276 281 ubi
2299 245 2361 281 ad-

1272 295 1571 331 ·ministrantibus
1596 296 1819 331 curatoribus
1845 295 2023 330 cessiones
2047 294 2165 329 factae
2191 294 2276 328 sunt
2298 291 2362 327 ad—

1288 348 1411 376 versus
1434 342 1598 385 minores,
1630 341 1703 376 sive
1726 341 1924 386 impuberes
1949 340 2022 376 sive
2045 339 2198 384 puberes
2246 337 2363 373 uidem

1288 386 1326 421 in
1342 388 1501 422 secunda
1520 389 1639 423 tamen
1659 389 1778 421 aetate
1800 386 2024 428 constitutos,
2047 387 2083 420 et
2101 395 2185 420 mox
2201 394 2220 419 e
2235 382 2362 419 ficiun-

1256 436 1274 467 5
1289 435 1347 467 tur
1363 442 1484 468 eorum
1501 432 1635 468 domini
1658 431 1879 476 facultatum,
1903 434 1968 467 aut
1983 442 2054 469 non
2080 429 2269 466 existentia
2287 427 2362 464 for-

1289 488 1354 513 san
1378 478 1497 513 debita
1521 478 1713 513 subeuntes
1738 480 1801 512 aut
1823 488 1933 522 parvo
1958 477 2072 522 pretio
2098 475 2277 511 cessiones
2300 483 2360 509 ac-

1290 523 1461 568 cipientes
1499 534 1620 559 eorum
1659 533 1749 568 quae
1784 527 1866 558 sunt
1902 522 2058 566 undique
2093 520 2255 564 fragiles,
2299 522 2363 554 aut

1289 572 1394 604 etiam
1413 569 1571 606 celantes
1590 569 1800 613 desuscepta
1817 567 2006 604 existentia
2017 567 2054 602 in
2067 566 2242 602 minorum
2255 565 2362 600 robus

1287 617 1324 649 et
1346 615 1398 650 ita
1422 615 1599 650 cessiones
1632 615 1860 658 accipientes,
1889 616 1925 648 et
1948 611 2144 648 secundum
2173 611 2302 646 multas
2328 613 2364 646 et

144 667 208 692 πος
227 656 314 703 πρὸς
333 661 462 691 κακίαν
477 654 576 698 ἅπαξ
594 657 754 693 ἐκκλίνας
777 654 910 706 ἐξεύροι
917 661 942 702 ,·)
967 672 1013 693 τα
1031 672 1108 694 των
1123 663 1217 694 νέων
1234 663 1273 694 10
1287 660 1408 704 plures
1425 660 1630 695 occasiones
1654 659 1751 703 (quid
1766 659 1860 694 enim
1875 658 1981 693 homo
2001 657 2047 692 ad
2063 656 2232 691 malitiam
2257 655 2363 690 semel

143 701 357 737 οἰκειοῦνται
381 703 586 749 πράγματα.
638 730 640 733 .

1287 704 1432 784 declitvis
1455 715 1529 740 11011
1552 704 1794 747 adinveniat?)
1831 704 2004 739 minorum
2035 712 2092 738 res
2121 702 2286 747 proprias
2308 700 2362 735 fa-

1287 759 1369 785 01011
1389 778 1396 784 .

1147 850 1302 886 CAPUT
1322 850 1349 883 Ι.

203 919 321 952 Ταῦτα
353 915 500 953 ἅπαντα
531 918 631 964 νόμῳ
664 917 867 965 διορθῶσαι
901 917 1124 962 βουλόμεθα,
1162 922 1221 951 καὶ

146 963 433 1021 πρόςῖγεκέκεῖνο
458 963 500 998 τὸ
532 965 566 998 εἴ
592 976 644 998 τις
667 962 877 998 ὑπεύθυνον
902 967 975 1006 ἔχοι
1005 963 1070 997 τὸν
1094 966 1176 997 νέον
1200 960 1221 1006 ἢ

1332 917 1433 952 Haec
1463 917 1580 952 omnia
1612 917 1688 962 lege
1719 918 1895 961 corrigere
1918 918 2080 953 volumus
2113 920 2149 952 et
2172 917 2364 963 praecipue

1288 962 1394 1007 illud,
1431 965 1472 998 ut
1502 963 1532 998 si
1563 963 1642 1008 quis
1673 963 1865 1007 obligatum
1898 963 2064 998 habuerit
2095 963 2265 999 minorem
2301 967 2365 998 aut

145 1023 189 1042 τα
209 1022 317 1062 αυτου
343 1010 544 1065 πράγματα,
575 1010 705 1043 τοῦτον
725 1008 816 1053 μηδὲ
841 1013 1010 1062 παριέναι
1033 1007 1275 1044 namsi-<5915
1287 1009 1364 1044 eius
1388 1019 1464 1052 res,
1489 1009 1586 1044 hunc
1609 1019 1680 1044 non
1706 1008 1848 1044 omnino
1874 1008 1919 1043 ad
1943 1009 2164 1044 curationem
2189 1009 2277 1051 eius,
2308 1009 2365 1044 vel

145 1055 192 1088 εἰς
223 1069 289 1098 την
321 1068 429 1089 αυτου
454 1053 681 1099 κηδεμονίαν,
711 1053 778 1088 κᾶν
802 1056 832 1088 εἰ
865 1067 964 1101 παρα
995 1056 1073 1088 τῶν
1096 1052 1220 1110 νόμων

145 1099 298 1134 καλοῖτο.
343 1103 382 1134 τί
401 1099 468 1148 γὰρ
499 1099 545 1134 ἂν
576 1096 615 1134 οὗ
640 1099 807 1146 πράξειεν
839 1097 928 1145 ὑπὲρ
953 1101 1080 1134 ἑαυτοῦ
1104 1111 1221 1145 κυριος

147 1143 256 1179 αὐτοῦ
279 1159 319 1179 τε
344 1142 396 1180 ὧν
426 1148 484 1179 καὶ
511 1147 587 1179 τῶν
611 1146 672 1179 τοῦ
705 1143 888 1179 ἀντιδίκου
921 1143 1147 1192 πραγμάτων
1170 1159 1220 1193 γι-

146 1189 311 1235 νόμενος,·
346 1189 403 1225 διὰ
427 1193 542 1225 ταῦτα
564 1189 631 1237 γὰρ
654 1190 804 1244 κάκεῖνοε
817 1191 1088 1245 νομοθετοῦμεν
1120 1187 1218 1233 cgere,

1288 1055 1319 1089 si
1342 1065 1364 1089 a
1386 1054 1524 1099 legibus
1549 1058 1706 1097 vocetur,
1731 1055 1913 1090 accedere.
1952 1054 2044 1099 Quid
2069 1054 2161 1089 enim
2184 1065 2256 1090 non
2280 1057 2364 1098 agat

1287 1110 1353 1145 pro
1386 1109 1424 1135 se
1457 1099 1618 1135 dominus
1648 1099 1805 1135 eiusdem
1837 1100 1993 1135 existens
2025 1103 2060 1135 et
2090 1100 2284 1135 adversarii
2307 1109 2362 1135 re-

1287 1156 1366 1180 rum
1385 1146 1586 1181 detentator
1605 1145 1777 1181 effectus?
1814 1145 1968 1191 Propter
1990 1146 2082 1181 haec
2105 1146 2198 1182 enim
2223 1149 2259 1181 et
2275 1145 2364 1181 illud

1288 1192 1479 1234 sancimus,
1512 1195 1552 1226 ut
1580 1192 1611 1227 si
1642 1191 1864 1236 apertissime
1894 1191 2102 1226 manifestus
2135 1195 2189 1227 est
2221 1191 2304 1236 quia
2332 1191 2363 1226 is

147 1237 188 1291 εἰἶ
207 1239 489 1290 προφανέστατα
521 1234 621 1278 δῆλός
653 1236 752 1270 ἐστιν
788 1249 807 1269 o
838 1248 1022 1283 γινομενας
1053 1235 1218 1282 κηδεμών
1233 1240 1273 1272 20
1289 1237 1349 1283 qui
1373 1237 1413 1271 fit
1437 1237 1703 1272 administrator
1734 1237 1810 1281 ipse
1835 1239 1890 1271 est
1913 1237 1981 1272 iuri
2005 1237 2149 1272 minoris
2176 1237 2363 1279 obnoxius,

148 1293 251 1315 αυτος
288 1279 488 1316 ὑπεύθυνος
524 1278 577 1315 ὢν
611 1284 684 1315 τοῖς
718 1283 781 1315 τοῦ
817 1285 896 1315 νέου
933 1280 1098 1324 δικαίοις,
1138 1279 1220 1316 οὐδὲ

147 1328 275 1361 ἐκεῖνος
298 1325 383 1370 κηδε
412 1325 463 1361 ὠν
487 1328 599 1367 ἔσται,
623 1325 672 1370 μή
695 1340 782 1361 ποτε
804 1324 824 1368 ἢ
840 1331 1084 1374 γραμματεῖον
1104 1326 1218 1362 ἐκκλέ-

146 1382 248 1416 ψειεν
278 1367 300 1415 ἢ
329 1371 373 1407 ἄλ
396 1383 435 1406 ας
466 1369 663 1412 ἀποδείξεις
702 1371 809 1407 οὔσας
843 1371 1029 1418 ἀφανίσειε
1060 1374 1114 1417 τῷ
1147 1376 1217 1416 νέῳ

145 1420 205 1465 καὶ
228 1414 250 1460 ἡ
273 1415 465 1462 κηδεμονία
487 1421 627 1463 γένοιτο
651 1416 768 1460 τούτῳ
793 1420 870 1452 τῶν
891 1419 1032 1453 οἰκείων
1057 1420 1217 1466 πραγμά-

1289 1293 1403 1327 neque
1426 1283 1503 1327 ipse
1528 1286 1673 1318 curator
1697 1282 1774 1325 erit,
1801 1282 1931 1317 necubi
1955 1286 2019 1318 aut
2043 1284 2243 1327 cautionem
2268 1282 2362 1317 fure-

1289 1333 1349 1363 tur
1372 1332 1435 1363 aut
1457 1328 1548 1363 alias
1572 1329 1802 1373 probationes
1827 1338 1918 1372 quae
1934 1331 2041 1364 erant
2060 1328 2187 1364 minori
2206 1338 2362 1364 corrum-

1289 1378 1353 1419 pat
1384 1377 1420 1409 et
1451 1374 1587 1409 curatio
1619 1374 1682 1408 fiat
1714 1374 1747 1408 ei
1777 1383 1895 1408 rerum
1925 1374 2089 1409 interitus
2125 1375 2362 1419 propriarum.

1288 1420 1366 1455 Hoc
1390 1420 1509 1464 itaque
1533 1420 1610 1464 lege
1634 1419 1839 1454 cautissima
1869 1419 2065 1465 colligetur,
2096 1424 2136 1454 ut
2159 1420 2280 1456 nullus
2304 1429 2361 1455 eo-

145 1460 541 1516 των,ὅλεθρος’”τοῦτο
556 1463 645 1508 γοῦν
660 1461 707 1497 oio
738 1462 815 1496 αλεῖ
829 1462 1091 1499 καταδεδέσθαι
1116 1466 1217 1519 νόμῳ
1233 1468 1366 1500 25111111
1401 1467 1462 1510 qui
1497 1465 1671 1509 obligatas
1713 1465 1845 1500 habere
1878 1465 2068 1510 perhibent
2110 1476 2167 1500 res
2203 1465 2362 1502 defuncti

144 1506 186 1542 τὸ
208 1506 346 1551 μηδένα
373 1522 451 1543 των
481 1506 672 1543 ὑπεύθυνα
741 1507 884 1555 γόντων
913 1511 1007 1551 ἔχειν
1037 1509 1083 1544 τὰ
1108 1524 1218 1558 πραγ-

143 1565 242 1596 ματα
263 1556 328 1588 τοῦ
350 1550 625 1596 τελευτήσαντος
656 1558 715 1587 καὶ
746 1553 811 1588 τὸν
841 1558 925 1589 νεόν
950 1552 1060 1589 αὐτὸν
1091 1561 1149 1590 καὶ
1174 1556 1218 1590 τὰ

120 1603 123 1605 ’
143 1596 271 1632 τούτου
296 1598 489 1646 πράγματα
519 1597 541 1641 ἢ
571 1602 632 1632 καὶ
656 1602 864 1645 περιφανῶς
887 1598 1098 1636 ὑπεύθυνον
1130 1602 1219 1637 ὄντα

144 1647 313 1689 παριέναι
343 1643 430 1688 πρὸς
452 1642 519 1687 τὴν
544 1642 758 1687 κηδεμονίαν
781 1644 847 1688 τὴν
871 1643 982 1680 αὐτοῦ
1013 1645 1104 1690 μηδὲ
1126 1649 1220 1690 ἕξειν

144 1693 349 1735 παρρησίαν
370 1687 512 1724 τοιοῦτό
536 1704 572 1724 τι
597 1687 781 1736 πράττειν.

1288 1511 1473 1556 ipsumque
1489 1511 1661 1546 minorem
1686 1512 1722 1546 et
1742 1511 1819 1546 eius
1842 1521 1911 1552 res,
1939 1515 2002 1546 aut
2026 1511 2131 1546 etiam
2155 1511 2216 1556 qui
2239 1513 2363 1556 aperte

1289 1557 1467 1601 obligatus
1492 1556 1623 1599 existit,
1650 1557 1695 1591 ad
1721 1556 1941 1591 curationem
1971 1557 2048 1592 eius
2070 1558 2220 1593 accedat
2249 1566 2364 1601 neque

1289 1602 1421 1637 habeat
1443 1602 1624 1638 licentiam
1647 1604 1719 1636 tale
1743 1601 1876 1647 aliquid
1899 1612 2014 1647 agere.

1141 1793 1298 1829 CAPUT
1323 1794 1368 1829 ΙΙ.

189 1862 262 1893 Καὶ
286 1858 327 1892 τὸ
348 1858 508 1893 καθόλου
531 1859 567 1892 εἴ
584 1871 638 1894 τις
661 1858 727 1903 ἤδη
748 1861 808 1903 τῆς
824 1859 1034 1905 κηδεμονίας
1058 1862 1115 1904 έχό
1143 1874 1219 1895 ενος

142 1902 349 1940 ὑπεύθυνον
372 1903 472 1948 αὐτῷ
497 1903 667 1948 κτήσαιτο
690 1905 755 1939 τὸν
776 1909 868 1947 νέον,
893 1905 1020 1950 κλήρου
1045 1921 1108 1950 τυχ
1129 1921 1152 1940 ν
1172 1907 1220 1941 εἰς

144 1948 254 1985 αὐτὸν
284 1950 569 1993 «κατενεχθέντος
603 1949 698 1985 τινὸς
734 1947 770 1986 ὃς
803 1948 1015 1986 ὑπεύθυνον
1050 1952 1119 1995 εἶχε
1153 1951 1220 1987 τὸν

143 1999 225 2030 νέον
248 1992 270 2038 ἢ
290 1994 395 2038 ἄλλης
417 1993 584 2049 τοιαύτης
607 1996 835 2042 προφάσεως,
860 2000 1000 2054 μηκέτι,ἱ
1022 1997 1136 2042 μόνον
1161 1996 1218 2032 αὗ-

1343 1862 1412 1897 Sed
1444 1864 1480 1897 et
1509 1862 1539 1896 si
1569 1861 1646 1907 quis
1678 1863 1747 1897 iam
1774 1873 1895 1898 curam
1920 1873 2046 1908 gerens
2074 1862 2267 1908 obligatum
2298 1863 2363 1898 sibi

1287 1907 1453 1942 effectum
1485 1907 1618 1943 habeat
1648 1908 1838 1953 minorem,
1874 1908 1911 1943 in
1944 1919 1983 1944 se
2013 1907 2137 1944 forsan
2168 1908 2364 1944 hereditate

1287 1953 1427 1998 perlata
1463 1953 1661 1998 cuiuspiam
1703 1953 1763 1998 qui
1805 1954 1977 1990 minorem
2012 1954 2138 1990 habuit
2173 1954 2363 1998 obligatum

1289 2001 1352 2033 aut
1384 1999 1453 2034 alia
1482 1998 1685 2034 huiusmodi
1716 2000 1916 2041 occasione,
1948 2010 2021 2036 non
2047 2000 2117 2034 iam
2148 2000 2262 2035 solum
2286 2010 2364 2035 eum

143 2041 208 2076 τὸν
231 2041 323 2075 εἶναι
345 2052 477 2075 πιστον
501 2052 590 2087 προς
613 2041 679 2084 τὴν
703 2043 781 2076 τῶν
805 2043 953 2086 ἀνηβων
980 2055 1102 2086 neam
1126 2046 1221 2078 νέων
1234 2046 1274 2079 35
1289 2054 1368 2079 esse
1387 2044 1526 2079 fidelem
1546 2044 1591 2079 ad
1607 2045 1831 2091 impuberum
1852 2048 1916 2081 aut
1932 2044 2210 2080 adolescentium
2232 2055 2364 2087 curam,

143 2085 367 2131 κηδεμονίαν,
399 2083 487 2119 ἀλλὰ
516 2086 838 2134 παραζεύγνυσθαι
868 2091 1066 2135 ἐπίτροπον
1098 2091 1220 2137 ἕτερον

144 2129 165 2176 ἣ
187 2131 365 2175 κηδεμόνα
389 2132 507 2174 (τοῦτο
539 2127 627 2177 ὅπερ
660 2134 699 2165 ἐν
728 2132 869 2168 πολλοῖς
892 2133 1029 2177 θέμασι
1061 2135 1138 2168 τῶν
1161 2131 1218 2168 νό-

143 2191 225 2221 μων
248 2174 477 2224 εὑρίσκομεν),
506 2172 593 2210 ὦςτε
617 2175 809 2221 φυλάττειν
834 2180 971 2212 ἐκεῖνον
993 2178 1042 2223 μή
1066 2193 1100 2213 τι
1119 2183 1217 2226 γένη-

1290 2089 1354 2124 sed
1387 2090 1553 2135 coniungi
1583 2092 1737 2125 tutorem
1769 2090 1919 2126 alterum
1953 2095 2016 2126 aut
2048 2093 2249 2126 curatorem
2285 2091 2366 2134 (11οο

1289 2135 1382 2178 quod
1406 2135 1444 2169 in
1459 2135 1621 2180 plurimis
1643 2135 1760 2182 legum
1785 2136 1928 2172 casibus
1949 2136 2170 2180 invenimus),
2190 2138 2230 2172 ut
2247 2138 2365 2172 custo-

1289 2180 1364 2215 diat
1387 2180 1446 2215 ille
1470 2190 1515 2215 ne
1535 2180 1600 2215 fiat
1620 2180 1791 2217 adversus
1815 2182 2076 2218 adolescentem
2098 2183 2162 2217 aut
2185 2182 2261 2218 eius
2282 2182 2365 2218 sub-

145 2280 224 2314 dem
241 2279 320 2313 lites
336 2277 548 2319 audivimus,
573 2277 634 2311 ubi
650 2277 791 2321 mirifici
809 2289 863 2312 eut
875 2285 996 2312 atores
1013 2279 1190 2313 cessiones
1214 2280 1409 2325 impetrant
1429 2280 1602 2316 adversus
1621 2281 1788 2323 minores,
1810 2282 1883 2317 sice
1900 2282 2100 2328 impuberes
2123 2284 2196 2318 sive
2207 2283 2367 2329 puberes

172 2323 287 2359 uidem
318 2323 356 2357 in
387 2322 545 2357 secunda
579 2326 694 2356 tamen
719 2326 839 2357 aetate
870 2322 1101 2364 constitutae,
1133 2334 1177 2359 ac
1199 2324 1321 2360 statim
1345 2324 1490 2367 :domini
1518 2325 1730 2370 efficiuntur
1760 2325 1985 2363 substantiae
2016 2327 2177 2371 illorum,
2209 2338 2288 2364 cum
2312 2329 2368 2365 v'el

146 2336 264 2405 {abita
294 2368 428 2413 forsan
460 2378 553 2413 quae
582 2366 683 2402 nulla
711 2367 784 2402 sint
806 2367 975 2408 subeant,
1009 2367 1064 2403 vel
1084 2368 1221 2414 exiyuo
1247 2369 1370 2415 pretio
1402 2380 1502 2405 cessa
1526 2370 1711 2416 accipiant
1742 2381 1836 2416 quae
1859 2371 2018 2417 undique
2042 2373 2167 2408 inania
2189 2372 2280 2415 sint,
2312 2374 2368 2409 vel

146 2415 252 2450 etiam
275 2412 436 2460 apochas
459 2411 677 2455 debitorum,
713 2422 806 2457 quae
836 2412 929 2447 inter
959 2423 1018 2448 res
1048 2413 1224 2448 minorum
1255 2418 1358 2456 sunt,
1387 2415 1637 2467 supprimant,
1674 2419 1709 2452 et
1741 2417 1794 2451 ita
1826 2417 2046 2453 cessionibus
2071 2418 2229 2464 acceptis
2259 2421 2367 2454 etex

146 2459 267 2540 mugitis
297 2458 379 2493 aliis
409 2457 527 2492 causis
556 2457 656 2503 (quid
678 2457 771 2492 enim
795 2456 899 2492 lzomo
925 2457 974 2492 ad
995 2458 1261 2506 improbitatem
1291 2459 1400 2496 semel
1422 2459 1619 2496 inclinatus
1648 2471 1722 2496 non
1746 2462 1968 2508 excoqite't?)
2001 2474 2059 2499 res
2090 2464 2268 2501 minorum
2297 2464 2368 2500 sibi

146 2505 204 2541 vin
230 2504 338 2539 icant.

279 2549 307 2583 1.
355 2547 459 2583 Haec
482 2548 602 2583 omnia
627 2547 702 2594 leqe
726 2547 915 2587 emendare
939 2548 1113 2592 volumus,
1145 2560 1189 2584 ac
1205 2553 1402 2595 praeterea
1425 2550 1535 2586 illud:
1564 2552 1597 2587 si
1620 2552 1701 2599 quis
1725 2550 1922 2598 obliqatum
1944 2553 2013 2588 sibi
2035 2553 2207 2590 minorem
2231 2553 2287 2590 vel
2308 2565 2367 2591 res

146 2594 386 2636 eiuslzabeat,
413 2604 457 2628 ne
480 2593 511 2627 is
536 2594 678 2628 omnino
703 2592 752 2627 ad
773 2593 996 2628 curationem
1019 2595 1095 2629 eius
1120 2594 1285 2638 accedat,
1320 2596 1461 2632 etiamsi
1477 2608 1549 2644 per
1574 2597 1605 2633 le
1632 2608 1670 2632 es
1694 2602 1849 2632 vocetur.
1897 2596 1994 2641 Quid
2016 2600 2108 2634 enim
2159 2610 2202 2635 ro
2227 2611 2265 2636 se
2288 2600 2366 2647 ipso

146 2652 220 2676 non
251 2639 366 2686 eqerit
399 2639 464 2687 qui
493 2638 600 2673 simul
634 2638 731 2673 illius
767 2642 802 2674 et
832 2649 952 2673 rerum
984 2639 1184 2675 adversarii
1215 2640 1272 2675 sui
1295 2645 1516 2687 potestatem
1547 2642 1594 2678 Ιια
1619 2643 1700 2678 eat?
1747 2641 1951 2695 Propterea
1982 2644 2075 2679 enim
2103 2645 2116 2678 i
2132 2644 2197 2680 lud
2225 2656 2295 2691 quo
2322 2657 2367 2682 uc

144 2686 335 2726 sancimus,
359 2684 391 2719 si
412 2683 635 2732 apertissime
656 2686 795 2719 constet
812 2695 890 2718 eum
911 2684 974 2730 qui
992 2689 1140 2719 curator
1158 2686 1309 2729 futurus
1331 2686 1378 2721 sit
1399 2686 1517 2733 ipsum
1537 2687 1676 2723 iuribus
1695 2688 1847 2723 minoris
1871 2688 2069 2736 obliqatum
2088 2700 2175 2732 csse,
2199 2701 2244 2726 ne
2268 2691 2294 2725 a
2308 2702 2367 2726 um

146 2731 286 2777 quidem
311 2733 515 2769 curatorem
534 2729 632 2774 fore,
664 2740 710 2764 ne
730 2729 833 2774 forte
857 2736 921 2764 aut
945 2730 1215 2765 instrumentum
1238 2730 1417 2777 subripiat
1447 2736 1512 2767 aut
1535 2732 1629 2767 alias
1647 2733 1884 2780 probationes
1915 2745 2009 2780 quae
2031 2735 2105 2771 sint
2128 2735 2262 2772 minori
2281 2747 2366 2783 sup-

139 2777 292 2825 primat,
324 2778 432 2820 atque
461 2785 549 2809 cura
580 2773 663 2809 huic
694 2774 732 2808 in
761 2785 909 2808 suarum
939 2786 1059 2810 rerum
1090 2775 1272 2810 interitum
1304 2781 1429 2812 vertat.
1477 2776 1556 2813 Iam
1580 2777 1647 2813 lzoc
1677 2777 1819 2824 quidem
1848 2786 1947 2815 certa
1972 2779 2051 2827 leqe
2076 2786 2296 2824 coerceatur,
2326 2785 2367 2816 ut

145 2832 248 2858 nemo
272 2831 396 2856 eorum
427 2819 490 2865 qui
515 2819 695 2865 obliqatas
724 2830 762 2854 se
793 2819 923 2855 habere
946 2820 1068 2855 dicant
1098 2831 1156 2855 res
1181 2819 1345 2866 defimcti
1368 2826 1401 2856 et
1424 2823 1597 2858 minorem
1621 2823 1738 2870 ipsum
1763 2823 1881 2860 eiusce
1904 2836 1973 2867 res,
2006 2829 2071 2862 aut
2093 2826 2125 2863 si
2149 2826 2230 2872 quis
2253 2827 2365 2863 mani-

143 2867 241 2911 festo
266 2866 319 2900 illi
344 2865 525 2911 obliqatus
547 2865 607 2905 sit,
632 2864 682 2899 ad
703 2875 828 2899 curam
852 2866 928 2900 eius
953 2865 1100 2900 accedat
1122 2877 1208 2901 neve
1233 2866 1411 2901 licentiam
1437 2867 1610 2904 eiusmodi
1634 2868 1723 2916 quid
1745 2869 1878 2915 aqendi
1902 2869 2043 2907 habeat.

288 2911 335 2946 Π.
379 2912 497 2956 Atque
533 2909 677 2957 omn-ino
708 2911 744 2944 si
776 2910 834 2944 cui
870 2920 959 2945 cura
994 2911 1064 2945 iam
1098 2914 1266 2958 suscepta
1302 2911 1471 2957 obtiqerit
1505 2917 1545 2948 ut
1578 2914 1694 2950 minor
1729 2914 1800 2961 ipsi
1837 2914 2019 2955 obnoxius
2046 2916 2137 2968 fiat,
2169 2917 2367 2955 hereditate

143 2957 306 3002 fortasse
335 2956 383 2991 ad
413 2955 531 3001 ipsum
563 2954 684 2990 delata
708 2955 862 2990 alicuius
891 2955 954 3001 qui
985 2956 1157 2991 minorem
1189 2956 1386 3002 obtiqatum
1417 2956 1569 2993 habebat
1601 2958 1660 2996 vel
1696 2970 1745 2996 ex
1772 2959 1849 2996 alia
1879 2961 2051 2997 eiusmodi
2077 2972 2206 3005 causa,
2238 2963 2271 2998 is
2293 2974 2363 2999 non

147 3002 302 3048 amplius
325 3001 426 3036 solus
449 3000 582 3080 dlz’iqnus
611 3001 660 3035 sit
688 3000 748 3034 cui
775 3000 998 3046 impuberum
1028 3001 1082 3037 vel
1105 3002 1283 3036 minorum
1315 3012 1402 3036 cura
1434 3002 1614 3046 credatur,
1646 3003 1711 3039 sed
1739 3004 1961 3050 adiunqatur
1994 3006 2029 3041 ei
2060 3006 2151 3043 alter
2184 3011 2280 3043 tutor
2312 3009 2368 3044 vel

147 3050 294 3081 curator
322 3045 373 3089 (id
395 3056 466 3092 quo
515 3046 554 3079 in
576 3045 697 3080 multis
721 3044 838 3091 Zequm
862 3045 1004 3080 casibus
1027 3048 1251 3092 reperimus),
1283 3051 1323 3082 ut
1354 3047 1414 3082 itte
1437 3051 1562 3083 caveat
1592 3059 1637 3084 ne
1666 3060 1739 3096 qua
1771 3044 1900 3086 conira
1924 3052 2097 3087 minorem
2127 3053 2182 3089 vel
2208 3064 2267 3089 res
2289 3053 2366 3089 eius

194 3150 208 3180 1
226 3146 445 3189 θαυμαστοὶ]
469 3147 777 3180 administrantibus
791 3159 810 3182 ς
825 3146 837 3191 ΙΙ
858 3150 874 3180 7
890 3147 966 3180 τῶν
978 3148 1094 3192 χρεῶν
1108 3162 1163 3182 om,
1181 3162 1199 3185 ς
1212 3149 1223 3193 Η

148 3194 167 3226 9
188 3190 318 3226 πολλὰς
338 3189 455 3233 ἄλλας]
479 3192 602 3225 multas
622 3194 655 3224 et
673 3192 785 3236 plures
800 3204 820 3228 ς
835 3190 847 3235 ΙΙ
865 3190 911 3224 ἂν
926 3194 1045 3226 addidi
1059 3192 1071 3236 ΙΙ
1091 3196 1133 3228 14
1152 3196 1223 3236 ἔχει

149 3239 196 3270 Bs
212 3238 223 3280 Ι]
245 3238 284 3271 18
306 3233 414 3270 αὐτοῦ
431 3236 480 3270 Β*ἶ
488 3239 528 3278 ς]
543 3235 669 3271 ἑαυτοῦ
694 3238 766 3270 ML
783 3236 796 3281 ΙΙ
819 3234 1015 3283 γινόμενος]
1037 3239 1223 3279 detentator

148 3284 282 3315 effectus
315 3295 333 3318 ς
361 3281 373 3326 ΙΙ
404 3284 447 3316 22
478 3279 644 3324 κηδεμών
673 3285 786 3323 ἔσται]
822 3279 1095 3325 κηδεμονεύεται
1127 3286 1176 3318 13⁸
1211 3287 1222 3328 ΙΙ

148 3330 191 3362 24
210 3324 337 3360 τούτου
351 3328 381 3360 L
399 3327 411 3370 ΙΙ
430 3329 472 3360 25
489 3327 624 3360 *τοῦτο
642 3327 741 3372 γοῦν]
761 3325 867 3360 τοῦτό
882 3339 922 3360 τε
938 3321 1002 3361 οὖν
1017 3325 1071 3370 (ὃν
1085 3330 1128 3372 L)
1151 3331 1222 3364 ML

146 3374 209 3406 hoc
228 3374 342 3414 itaque
363 3384 382 3408 ς
405 3373 511 3406 τοῦτο
532 3374 655 3406 τοίνυν
670 3373 863 3407 Haloander
881 3372 894 3414 ΙΙ
911 3374 950 3406 27
971 3374 1034 3408 τοῦ
1052 3386 1091 3406 τε
1109 3373 1221 3409 τελευ-

147 3415 322 3460 τήσαντος
335 3419 366 3451 L
383 3418 394 3456 ΙΙ
415 3419 456 3451 28
469 3417 664 3462 προφανῶς
678 3418 871 3452 Haloander
886 3420 941 3460 (cf
957 3421 1003 3452 ad
1014 3420 1090 3460 360,
1106 3428 1133 3455 8.
1150 3424 1195 3462 23)
1211 3422 1214 3464 Ι

136 3459 369 3498 ὑπευθύνων
402 3461 491 3497 ὄντα
516 3464 547 3495 L
582 3458 804 3499 ὑπευθύνων
833 3459 952 3496 ὄντων
984 3465 1177 3499 Haloander
1211 3465 1214 3508 Ι

148 3510 186 3543 31
212 3511 285 3541 Καὶ
309 3507 351 3542 τὸ
375 3506 547 3550 καθόλου]
572 3507 636 3540 Sed
662 3510 694 3541 et
718 3520 737 3544 ς
765 3509 778 3550 ΙΙ
807 3509 849 3542 32
876 3505 973 3551 αὐτῷ
999 3510 1086 3551 Ε’Ξς]
1122 3508 1220 3554 αὐτῷ

148 3553 340 3587 ῙΙἈΒΠῘΜΛ)
365 3551 453 3586 αὐτὸ
469 3554 510 3586 Μ
531 3553 542 3599 ΙΙ
567 3551 739 3599 κτήσαιτο
753 3552 945 3595 LBfflP'lffl]
969 3551 1134 3598 κτήσαιτο
1148 3557 1195 3591 Μ
1210 3556 1222 3601 ΙΙ

125 3603 129 3606 ’
150 3600 190 3632 3ῖ
211 3595 329 3633 τούτω
355 3599 401 3632 Μ
420 3599 432 3644 ΙΙ
462 3602 504 3642 cf.
532 3599 607 3632 cod.
628 3602 659 3640 5,
678 3607 724 3640 62,
739 3607 753 3632 7

197 3687 220 3726 1¹
238 3686 403 3730 imperant
426 3689 459 3721 R
487 3688 499 3732 ΙΙ
531 3688 614 3720 *ltas
646 3687 699 3721 V¹
722 3687 734 3733 ΙΙ
763 3688 1050 3725 ministrantibus
1069 3690 1139 3724 ΒΤ
1165 3691 1221 3724 ad-

150 3728 393 3764 ministratin*
418 3733 465 3766 V¹
482 3731 494 3778 ΙΙ
520 3734 539 3766 2
566 3733 730 3766 censiones
755 3733 803 3766 R¹
829 3733 840 3777 ΙΙ
865 3734 905 3766 ad
930 3745 1008 3767 usus
1028 3735 1079 3768 V²
1103 3736 1220 3777 aduer-

1292 3161 1362 3181 sum
1389 3149 1436 3182 V³
1453 3150 1465 3192 ΙΙ
1491 3152 1510 3183 5
1531 3150 1727 3183 facultatum
1751 3154 1810 3183 aut
1828 3153 1926 3195 vulq.]
1952 3153 2147 3188 facultatum
2169 3157 2207 3188 ut
2227 3157 2275 3196 (in
2297 3169 2363 3190 ras.

1291 3207 1353 3227 scr.
1376 3194 1438 3236 V2)
1465 3195 1540 3228 libri
1561 3194 1573 3237 ΙΙ
1600 3197 1679 3236 11011]
1704 3206 1783 3229 uero
1808 3197 1855 3230 Β]
1881 3196 1893 3240 ΙΙ
1915 3199 1935 3231 9
1958 3198 2080 3232 multas
2106 3202 2148 3241 et]
2179 3201 2302 3235 multas
2324 3212 2365 3234 ne

1291 3240 1366 3272 R¹?
1384 3240 1430 3272 Τ1
1460 3240 1471 3282 ΙΙ
1505 3242 1545 3273 10
1570 3240 1680 3280 1101110]
1711 3241 1755 3273 lis·
1779 3241 1811 3274 V
1833 3240 1846 3284 ΙΙ
1874 3244 1913 3276 11
1939 3241 2122 3277 *decliuius
2148 3245 2199 3278 Τι
2235 3246 2365 3280 deditus

1291 3285 1415 3318 RVT2
1429 3286 1514 3328 vuly.
1540 3284 1710 3318 declinans
1725 3285 1900 3321 Heimbach
1917 3286 1928 3330 Η
1945 3288 2112 3322 minorum
2130 3291 2193 3332 V¹]
2209 3292 2364 3325 11111ιί110-

1291 3341 1364 3362 rum
1387 3329 1604 3374 ΒΤ173υαι9.
1632 3329 1645 3372 1]
1675 3330 1784 3363 *facit
1815 3331 1862 3364 V¹
1899 3333 2044 3366 effitiunt
2070 3335 2121 3367 Τ1
2156 3336 2255 3369 faeiat
2277 3337 2365 3371 RT2

1300 3375 1350 3408 V³
1362 3376 1447 3418 vuly.
1467 3374 1478 3418 ΙΙ
1498 3376 1538 3409 14
1551 3377 1610 3407 aut
1634 3388 1690 3408 om.
1715 3376 1765 3407 V¹
1785 3376 1796 3418 ΙΙ
1815 3378 1854 3411 15
1867 3379 1979 3411 omino
2001 3378 2056 3423 Vfl
2075 3379 2137 3420 vel]
2162 3381 2259 3414 etiam
2282 3382 2332 3416 Vs
2353 3382 2366 3427 ss

1294 3422 1332 3454 17
1352 3421 1515 3461 dominus]
1536 3420 1591 3452 uel
1609 3420 1762 3454 dominus
1783 3422 1817 3455 V
1832 3421 1845 3465 ΙΙ
1871 3424 1912 3457 18
1929 3423 2114 3459 detentator
2131 3426 2265 3460 effectus
2279 3427 2364 3470 ΒΤ]

1292 3465 1509 3507 detemptator
1539 3465 1734 3508 (detemptor
1767 3467 1830 3509 V1)
1863 3478 1968 3515 nuper
2001 3470 2134 3503 effectus
2174 3472 2204 3508 V
2222 3473 2305 3514 vulo.
2352 3472 2366 3519 1}

1294 3512 1334 3544 19
1347 3511 1558 3543 manifestum
1578 3509 1721 3555 muna.
1740 3511 1752 3554 n
1769 3512 1820 3544 his
1834 3512 1881 3545 R¹
1898 3513 1911 3556 ιι
1930 3514 2067 3548 sciuris
2079 3515 2127 3550 R¹
2144 3515 2157 3561 ιι
2175 3509 2364 3561 21nei>ubi1

1291 3566 1332 3587 ne
1362 3555 1487 3588 alicubi
1519 3555 1569 3589 V³
1596 3554 1609 3599 ΙΙ
1639 3557 1680 3589 22
1713 3560 1807 3590 erant
1839 3571 1896 3591 om.
1923 3559 1971 3591 12¹
2000 3558 2013 3603 ss
2043 3564 2256 3604 corrumpant
2288 3564 2321 3596 V
2353 3564 2365 3608 Ιὶ

1292 3602 1332 3634 23
1350 3611 1428 3633 cura
1440 3601 1488 3634 R¹
1505 3600 1518 3643 ΙΙ
1537 3602 1581 3635 24
1605 3600 1832 3643 *cautissima1
1857 3604 2067 3642 acontissima.
2083 3607 2175 3650 libri,
2201 3609 2363 3642 tutissima

1291 3646 1375 3689 vulq.
1403 3645 1426 3696 ΙΙ·
1445 3645 1633 3688 colligetur]
1666 3647 1738 3688 lege
1762 3647 1939 3691 colligetur
1963 3649 2014 3683 Ra
2043 3651 2056 3694 Ι]
2083 3653 2125 3687 33
2149 3653 2278 3696 prolata
2303 3655 2334 3688 V
2352 3655 2364 3697 ΙΙ

1291 3691 1444 3723 habuent
1473 3690 1507 3722 V
1526 3691 1538 3734 u
1569 3692 1612 3725 34
1636 3703 1709 3724 eum
1734 3705 1791 3726 om.
1823 3694 1853 3724 V
1874 3694 1886 3737 ss
1917 3695 1960 3729 35
1985 3698 2044 3728 aut
2068 3697 2140 3738 (aot
2160 3698 2224 3741 V¹)
2250 3710 2367 3735 curam

1290 3736 1546 3769 adolescentium
1566 3737 1600 3770 V
1618 3737 1630 3781 11
1655 3738 1698 3772 38
1723 3737 1919 3772 olescentem
1942 3740 1993 3773 R²
