2580 4022
169 176 228 206 DE
258 175 542 207 MAGISTRATD
1233 156 1479 227 76¹--—-
2109 152 2185 206 Ed.
2207 162 2265 205 IV
2293 175 2353 218 pr.
2382 165 2398 205 l

1181 297 1338 334 CAPUT
1362 297 1391 333 I.

303 365 378 397 Καὶ
411 361 535 406 ἐπειδὴ
565 362 831 408 μεμαθήκαμεν
860 365 1005 411 ἔναγχος
1027 363 1255 410 βαρβαρικόν
1278 377 1363 398 τινα
1386 368 1446 398 καὶ
1471 364 1616 410 θρασὺν
1640 364 1734 398 εἶναι
1757 362 1841 409 παρ’
1871 360 1990 399 αὐτοῖς
2013 362 2130 409 νόμον
2152 360 2196 398 οὗ
2218 361 2403 408 Ῥωμαίοις

167 405 252 442 οὐδὲ
274 408 318 455 τῇ
344 406 556 455 δικαιοσύνῃ
580 409 643 452 τῆς
667 406 838 454 ἡμετέρας
861 413 1049 455 πρέποντα
1071 409 1263 451 πολιτείας,
1287 406 1389 444 ὅπως
1409 406 1456 443 ἂν
1474 409 1618 457 ἇῤῥενες
1633 411 1702 454 μὲν
1717 408 1969 455 κληρονομοῖεν
1983 411 2062 444 τῶν
2077 412 2228 456 γονέων,
2253 407 2403 452 θήλειαι

168 450 209 486 δὲ
232 455 368 497 μηκέτι,
402 451 463 487 διὰ
491 456 599 488 τοῦτο
631 454 859 498 θεσπίζομεν
890 456 943 498 τῷ
972 454 1131 499 παρόντι
1164 455 1258 498 θἐίῳ
1290 453 1468 499 χρώμενοι
1497 453 1601 499 νόμῳ
1632 454 1722 500 πρὸς
1745 454 1814 498 τὴν
1837 454 1907 498 σὴν
1929 453 2253 501 μεγαλοπρέπειαν,
2277 453 2403 498 ὁμοίας

167 497 261 531 εἶναι
281 498 345 532 τὰς
369 495 534 540 διαδοχὰς
558 502 618 532 καὶ
642 496 713 533 ὅσα
735 503 809 534 τοῖς
830 497 1018 543 Ῥωμαίων
1042 498 1275 534 διατέτακται
1297 498 1421 543 νόμοις
1443 501 1508 533 ἐπί
1527 512 1567 534 τε
1591 497 1740 544 ἀνδρῶν
1764 502 1827 534 ἐπί
1847 513 1888 534 τε
1910 502 2106 546 γυναικῶν,
2136 500 2255 534 ταῦτα
2278 502 2339 533 καὶ
2363 500 2403 532 έν

164 539 333 587 Ἀρμενίᾳ
365 547 521 588 κρατεῖν.
569 541 630 577 διὰ
661 545 770 578 τοῦτο
799 543 870 591 γὰρ
902 543 940 578 ὃ“
978 547 1037 578 καὶ
1069 545 1152 579 τοὺς
1182 543 1371 590 ἡμετέρους
1395 546 1507 578 ἐκεῖσε
1530 547 1814 599 κατεπέμψαμεν
1838 544 1977 588 νόμους,
2003 545 2064 578 ἵνα
2087 545 2136 579 εἰς
2159 542 2288 578 αὐτοὺς
2313 541 2400 589 οἷφο-
2426 550 2446 582 5

167 589 189 623 1
236 589 370 632 ρῶντες
393 584 492 622 οὕτω
517 588 775 624 πολιτεύοιντο.
822 558 967 632 Ἐπειῖδῑὴ
992 588 1032 623 δὲ
1054 589 1100 624 τὰ
1123 587 1192 633 ἤδη
1216 587 1461 634 προειληφότα
1485 584 1634 623 ἅπαντα
1654 593 1840 623 ανακινεῖν
1863 591 1941 624 τῶν
1956 587 2213 625 ἀτοπωτάτων
2229 592 2315 630 ἐστί,
2341 588 2403 622 διὰ

166 633 277 666 τοῦτο
309 633 535 677 θεσπίζομεν
567 631 675 668 τόνδε
699 634 767 668 τὸν
791 634 904 678 νόμον
928 637 1073 678 κρατεῖν
1097 631 1171 668 ἀπὸ
1196 635 1261 668 τοῦ
1290 635 1415 680 καιροῦ
1439 635 1501 675 τῆς
1521 630 1690 678 εὐσεβοῦς
1708 632 1813 677 ἡμῶν
1835 634 2030 679 βασιλείας,
2056 633 2153 669 ὥστε
2175 635 2239 669 τὰς
2262 635 2340 668 τῶν
2365 633 2403 674 ἐξ

167 678 303 710 ἐκείνου
334 677 628 720 τελευτησάντων
659 682 759 723 μέχοι
782 680 851 713 νῦν
875 677 1043 721 διαδοχὰς
1066 679 1160 714 κατὰ
1183 679 1317 713 τοῦτον
1343 676 1603 713 πολιτεύεσθαι
1627 678 1694 713 τὸν
1717 678 1867 723 τρόπον,
1891 678 1988 722 πλὴν
2009 680 2040 713 εἰ
2062 679 2111 723 μὴ
2137 681 2263 722 ἔτυχον
2283 678 2402 713 διαλυ-

167 721 318 766 σάμενοι
349 720 373 765 ἢ
405 721 522 757 ἄλλως
552 724 643 769 πρὸς
673 713 844 766 ἀλλήλους
875 722 1150 770 ἀπαλλαγέντες.
1199 723 1231 758 εἰ
1260 723 1331 770 γάρ
1364 737 1400 758 τι
1430 724 1596 758 τοιοῦτον
1624 727 1763 770 γέγονε,
1799 725 1908 759 τοῦτο
1940 726 2000 759 ἐπὶ
2026 725 2089 767 τῆς
2118 725 2248 758 οἰκείας
2279 726 2403 767 μένειν

166 767 191 802 2
238 764 358 808 ἰσχύος
392 771 452 801 καὶ
485 766 657 812 μηδαμῶς
695 765 954 803 ἇνακινεῖσθαι
990 769 1227 813 θεσπίζομεν.
1275 771 1450 810 Μετέχειν
1486 767 1526 802 δὲ
1555 765 1666 803 αὐτὰς
1697 771 1757 802 καὶ
1787 770 1866 803 τῶν
1896 769 2129 812 καλουμένων
2160 770 2403 816 γενεαρχικῶν
2429 774 2470 807 10

166 815 314 856 χωρίων
346 809 421 847 ἀπὸ
454 815 519 847 τοῦ
551 814 733 857 εἰρημένου
757 811 888 858 χρόνου
911 812 1133 858 βουλόμεθα.
1181 814 1212 847 εἰ
1234 816 1360 858 μέντοι
1383 817 1540 858 συμβαίη
1563 812 1664 848 τινὰς
1686 810 1902 858 εὑρεθῆναι,
1936 814 2039 859 οἵπερ
2062 817 2181 848 καίτοι
2204 814 2252 858 μὴ
2277 812 2400 847 καλου-

166 859 276 900 μένας
304 855 369 891 τὰς
392 858 596 904 θυγατέρας
627 859 674 892 εἰς
697 858 765 901 τὴν
789 859 827 899 ἐξ
849 857 1050 893 άὸιαθέτου
1075 855 1249 902 διαδοχὴν
1272 861 1358 904 ἔγρα
1392 872 1438 893 αν
1461 856 1560 903 ὅμως
1583 857 1835 904 κληρονόμους,
1858 861 2021 904 μετεῖναι
2044 856 2222 893 κάκείναις
2246 861 2306 892 καὶ
2331 860 2403 893 τοῖς

167 902 206 941 ἐξ
230 898 353 936 αὐτῶν
375 906 578 949 γενομένοις
600 905 663 946 τῆς
682 905 759 938 τῶν
780 904 1022 950 γενεαρχικῶν
1046 903 1274 950 πραγμάτων
1298 901 1358 937 δια
1384 904 1473 947 οχῆς.

302 944 422 992 (Ἐπί
430 947 477 982 λο
485 948 588 994 yos.)
640 947 689 982 Τὰ
722 952 846 983 τοίνυν
876 948 1119 993 παραστάντα
1141 946 1226 992 ἡμῖν
1251 952 1311 982 καὶ
1335 947 1396 983 διὰ
1421 945 1528 983 τοῦδε
1550 948 1614 982 τοῦ
1640 948 1745 982 &stov
1770 946 1970 993 δηλούμενα
1992 946 2107 1003 νόμου
2130 947 2152 992 ἦ
2178 948 2222 992 σὴ
2247 944 2403 994 ὑπεροχὴ

167 994 226 1025 καὶ
259 992 517 1038 παραφυλάξαι
546 996 606 1026 καὶ
634 996 763 1038 πέρατι
795 992 1025 1039 παραδοῦναι
1054 993 1260 1037 σπευσάτω,
1289 990 1378 1028 ὥςτε
1409 994 1492 1028 τοὺς
1522 991 1711 1039 ἡμετέρους
1742 991 1873 1038 νόμους
1900 991 1961 1028 διὰ
1993 1005 2149 1028 παντων
2172 997 2318 1041 κρατεῖν
2341 997 2401 1027 καὶ
2429 999 2470 1032 15

167 1036 260 1070 εἶναι
292 1042 447 1082 κυρίους·
479 1035 674 1083 ἀρχομένου
703 1041 770 1082 μὲν
802 1041 866 1073 τοῦ
896 1038 1076 1084 παρόντος
1106 1039 1227 1079 νόιιου,
1259 1039 1429 1085 καθάπερ
1458 1037 1622 1073 εἰπόντες
1645 1039 1825 1084 ἔφθημεν,
1850 1041 1889 1073 ἐκ
1907 1040 1985 1073 τῶν
2009 1042 2212 1085 προοιμίων
2235 1041 2296 1083 τῆς
2319 1036 2402 1083 ἦμε·

167 1083 270 1126 τέρας
298 1082 491 1126 βασιλείας,
523 1085 576 1126 τῷ
609 1087 720 1118 παντὶ
753 1082 793 1118 δὲ
816 1084 1242 1131 συμπαραταθησομένου
1264 1084 1386 1130 χρόνῳ
1411 1087 1472 1118 καὶ
1495 1085 1542 1118 εἰς
1565 1083 1607 1117 τὸ
1634 1083 1766 1119 λοιπόν
1790 1081 1908 1120 ἅπασι
1931 1083 2232 1131 πολιτευσαμένου
2256 1083 2405 1130 τρόποις

166 1129 227 1159 καὶ
250 1126 351 1173 παρὰ
376 1128 529 1162 πάντων
554 1127 887 1174 φυλαχθησομένου.
937 1131 1020 1166 Dat.
1045 1129 1091 1165 X.
1117 1129 1190 1165 kal.
1214 1130 1305 1174 Aug.
1330 1129 1506 1165 Belisario
1527 1139 1581 1165 vc.
1607 1138 1706 1166 cons.
2243 1133 2292 1173 [a.
2313 1132 2402 1171 535]

1271 1324 1298 1355 Δ

483 1388 662 1440 ΠΕΡΙ
706 1388 852 1440 ΤΗΣ
898 1387 1149 1440 ΑΡΧΗΣ
1192 1386 1560 1440 ΦΟῙΝῙΚΗΣ
1603 1386 2088 1441 ΛῙΒΑΝΗΣῙΑΣ.
2336 1390 2339 1392 ’
2428 1395 2471 1429 20

166 1463 203 1499 Ὁ
226 1462 333 1500 αὐτὸς
356 1464 521 1510 βασιλεὺς
535 1462 684 1513 Ἰωάννῃ
708 1467 761 1510 τῷ
787 1464 1013 1510 ἐνδοξοτάτῳ
1039 1465 1184 1512 ἐπάρχῳ
1199 1467 1285 1525 Ὶτῶν
1309 1465 1419 1524 ἱεραῖν
1441 1462 1589 1510 τῆςἻῑω
1613 1469 1851 1514 πραιτωρίων
1874 1465 1918 1500 τὸ
1943 1463 2124 1513 δεύτερον,
2148 1464 2222 1502 ἀπὸ
2247 1464 2405 1502 ὑπάτων

1148 1525 1208 1546 και
1233 1524 1425 1557 πατρικιῳ.

301 1578 590 1623 (Προοίμιον.
660 1575 852 1622 Ἀμίσθους
874 1580 942 1623 μὲν
961 1579 1092 1624 χρῆναι
1113 1579 1287 1626 γίνεσθαι
1311 1579 1376 1613 τὰς
1400 1575 1510 1624 ἀρχὰς
1533 1576 1602 1622 ἤδη
1626 1577 1734 1623 νόμος
1757 1575 1928 1625 ἡμέτερος
1951 1578 2056 1626 λέγει,
2079 1578 2126 1614 ὃν
2143 1578 2187 1624 δὴ
2204 1582 2265 1613 καὶ
2280 1579 2407 1625 κύριον

167 1621 259 1657 εἶναι
283 1620 343 1656 διὰ
369 1622 524 1657 πάντων
546 1627 584 1657 τί
616 1636 709 1668 εμεν.
1191 1668 1349 1704 CAPUT
1373 1668 1391 1703 I

298 1731 445 1778 Ἐπειδὴ
470 1733 510 1769 δὲ
533 1734 657 1769 πάντα
680 1732 1004 1781 περισκοπούμενοι
1027 1735 1118 1782 πρός
1141 1748 1181 1769 τε
1203 1734 1272 1778 τὴν
1296 1736 1375 1769 τῶν
1398 1731 1589 1769 ὑποτελῶν
1613 1732 1895 1781 εὐγνωμοσύνην
1919 1735 2007 1781 πρός
2029 1747 2070 1769 τε
2092 1735 2162 1776 τὴν
2181 1735 2260 1769 τῶν
2275 1733 2406 1770 τόπων
2430 1744 2473 1777 25

167 1779 328 1823 φυλακὴν
359 1780 424 1813 τὰς
456 1778 566 1825 α’ρχὰς
596 1779 658 1813 τὰς
687 1782 755 1823 μὲν
787 1780 1010 1825 συνήψαμεν,
1042 1780 1107 1814 τὰς
1139 1778 1180 1813 δὲ
1210 1778 1399 1824 διείλομεν,
1430 1780 1496 1814 τὰς
1527 1779 1566 1814 δὲ
1597 1781 1645 1814 εἰς
1673 1779 1760 1814 ἄλλο
1782 1783 1841 1814 καὶ
1866 1779 1954 1814 ἄλλο
1978 1778 2251 1824 μετεστήσαμεν
2274 1781 2405 1824 σχῆμα,

166 1825 264 1858 τινας
296 1824 335 1864 ἐξ
367 1823 491 1859 αὐτῶν
524 1823 746 1870 ὑψηλοτέρας
777 1837 817 1859 τε
847 1822 922 1869 ἅμα
954 1824 1171 1868 ποιήσαντες
1199 1827 1260 1858 καὶ
1291 1823 1450 1868 ὀνόμασι
1473 1826 1612 1869 μείζοσι
1631 1827 1709 1859 τῶν
1732 1827 1800 1860 νῦν
1821 1825 1943 1861 ὄντων
1967 1825 2318 1869 κατακοσμήσαντες,
2345 1829 2406 1859 καὶ

166 1867 375 1916 πραίτωράς
405 1882 446 1904 τε
472 1872 533 1903 καὶ
560 1865 800 1904 ἀνθυπάτους
828 1872 888 1904 καὶ
914 1867 1168 1916 μοὸεράτωρας
1198 1872 1259 1904 καὶ
1289 1869 1448 1915 κόμητας
1478 1869 1578 1916 παρὰ
1609 1869 1653 1905 τὸ
1679 1869 1794 1906 πάλαι
1816 1870 2033 1918 κεκρατηκὸς
2056 1871 2104 1905 εἰς
2125 1871 2193 1914 τὴν
2217 1869 2407 1905 πολιτείαν

300 1961 451 1994 Edictum
475 1960 536 1994 IV
559 1960 684 1994 Graece
709 1968 830 1995 tantum
855 1968 942 1995 extat
965 1961 999 1994 in
1018 1961 1068 1994 M.

300 2092 330 2128 1.
378 2092 428 2128 Et
455 2092 628 2139 quoniam
657 2103 775 2139 nuper
805 2093 1038 2139 eoqnovimus
1069 2092 1296 2128 barbaricam
1327 2090 1511 2137 quandam
1542 2091 1788 2136 audacemque
1817 2101 1894 2126 esse
1926 2090 2029 2138 apud
2059 2101 2122 2127 eos
2154 2091 2268 2138 leqem
2291 2104 2408 2138 neque

168 2138 343 2174 Romanis
373 2148 489 2184 neque
519 2142 667 2173 nostrae
695 2136 915 2184 reipublicae
943 2137 1102 2173 iustitiae
1125 2140 1392 2183 conqruentem,
1423 2140 1464 2171 ut
1486 2136 1638 2171 masculi
1661 2136 1700 2170 in
1721 2140 1915 2182 parentum
1940 2135 2174 2172 nereditatem
2197 2138 2405 2180 succedant,

165 2184 327 2230 feminae
351 2194 436 2218 vero
467 2193 558 2226 non,
585 2186 788 2229 propterea
818 2183 999 2218 sancimus
1031 2183 1091 2217 usi
1113 2182 1302 2228 praesenti
1333 2181 1382 2216 ad
1411 2180 1717 2226 magnificentiam
1750 2184 1847 2215 tuam
1873 2191 1983 2216 sacra
2007 2181 2102 2226 leqe,
2134 2182 2307 2227 aequales
2329 2193 2406 2218 esse

167 2228 412 2264 successiones
443 2232 479 2263 et
502 2238 664 2273 quaecun
695 2238 738 2262 ue
760 2231 795 2263 et
819 2227 864 2262 de
887 2228 975 2263 viris
998 2231 1034 2263 et
1056 2227 1100 2263 de
1123 2227 1333 2262 mulieribus
1348 2226 1594 2261 Romanorum
1620 2225 1759 2271 leqibus
1782 2227 1979 2260 constituta
2002 2230 2098 2268 sunt,
2122 2225 2212 2262 llaec
2235 2227 2343 2263 etiam
2368 2228 2407 2262 in

169 2277 191 2310 1
238 2274 410 2308 Armenia
430 2273 601 2308 obtinere.
638 2272 662 2307 Ι
685 2273 783 2308 circo
807 2273 900 2308 enim
924 2276 1072 2308 nostras
1096 2272 1193 2317 leqes
1215 2271 1302 2306 illuc
1326 2271 1600 2313 transmisimus,
1624 2275 1664 2305 ut
1686 2281 1749 2305 eas
1771 2271 2005 2316 respicientes
2027 2271 2080 2306 ita
2096 2271 2263 2307 viverent.
2310 2270 2406 2315 Quo-

168 2319 265 2353 niam
298 2322 418 2353 autem
449 2328 543 2363 quae
571 2318 842 2363 praeterierunt
873 2318 995 2352 omnia
1028 2327 1251 2353 commovere
1278 2315 1575 2351 absurdissimum
1603 2319 1675 2357 est,
1707 2315 1788 2350 ideo
1813 2316 2004 2350 statuimus
2027 2315 2122 2351 hanc
2146 2316 2259 2362 leqem
2283 2317 2406 2352 valere

168 2364 253 2398 inde
280 2363 325 2398 ab
356 2363 460 2397 initio
485 2362 542 2408 pii
571 2363 692 2397 nostri
719 2362 881 2408 imperii,
911 2366 952 2398 ut
981 2373 1103 2398 eorum
1137 2362 1200 2407 qui
1224 2361 1269 2397 ab
1293 2371 1335 2396 eo
1361 2364 1520 2406 tempore
1543 2360 1613 2395 huc
1635 2370 1749 2406 usque
1773 2360 1937 2404 defuncti
1960 2363 2047 2396 sunt
2068 2362 2314 2397 successiones
2337 2362 2406 2397 hoc

169 2408 275 2443 modo
299 2411 509 2450 tractentur,
534 2407 606 2442 nisi
629 2407 693 2453 qui
714 2408 787 2442 iam
813 2408 1055 2453 transeqerint
1078 2407 1193 2443 aliove
1216 2406 1321 2442 modo
1345 2406 1440 2441 inter
1464 2416 1504 2440 se
1519 2405 1627 2452 pacti
1647 2405 1800 2450 fuerint.
1840 2404 1882 2440 Si
1905 2405 1998 2440 enim
2016 2405 2088 2441 tale
2107 2406 2248 2452 aliquid
2262 2407 2406 2451 factum

169 2453 193 2488 2
238 2453 296 2494 sit,
328 2452 369 2487 id
395 2453 431 2487 in
463 2463 531 2487 sua
563 2454 781 2487 auctoritate
804 2463 1024 2498 permanere
1054 2452 1228 2498 nulloque
1250 2452 1358 2486 modo
1383 2451 1598 2486 commoveri
1619 2450 1790 2497 iubemus.
1839 2449 2046 2496 Participes
2068 2455 2187 2486 autem
2211 2462 2274 2486 eas
2296 2452 2405 2487 etiam

167 2498 418 2543 praediorum,
450 2507 544 2543 quae
573 2496 811 2542 qenearclzica
843 2501 1031 2539 vocantur,
1063 2508 1086 2532 a
1115 2496 1305 2544 praedicto
1339 2500 1500 2542 tempore
1530 2506 1608 2531 esse
1639 2495 1811 2531 volumus.
1860 2494 1901 2530 Si
1932 2495 1995 2540 qui
2020 2499 2138 2531 tamen
2161 2495 2404 2541 inveniantur,

169 2543 233 2589 qui
252 2542 363 2588 filias,
388 2553 607 2588 quamquam
631 2542 681 2577 ad
702 2542 961 2578 successionem
981 2542 1027 2578 ab
1050 2542 1220 2577 intestato
1244 2552 1319 2577 non
1342 2545 1528 2584 vocantur,
1554 2544 1672 2576 tamen
1695 2539 1843 2575 heredes
1862 2540 2086 2587 scripserint,
2111 2540 2196 2576 ittae
2218 2546 2253 2576 et
2275 2542 2340 2587 qui
2354 2547 2405 2576 ex

168 2588 243 2623 iltis
265 2588 346 2623 nati
365 2587 510 2633 fuerint
530 2587 770 2622 successionis
792 2587 831 2622 in
854 2598 913 2623 res
935 2586 1195 2633 qenearclticas
1212 2587 1417 2633 participes
1439 2586 1522 2621 sint.

306 2631 341 2667 E
342 2632 394 2678 pi
402 2633 415 2666 l
422 2642 443 2667 o
451 2642 544 2684 qus.
591 2630 691 2674 Quae
721 2632 836 2678 iqitur
863 2632 966 2667 nobis
989 2632 1210 2678 placuerunt
1240 2636 1274 2666 et
1303 2631 1371 2666 leae
1394 2641 1502 2666 sacra
1525 2629 1761 2665 declarantur
1784 2629 1873 2674 teqe,
1898 2628 2115 2664 excellentia
2140 2632 2202 2664 tua
2226 2633 2263 2666 et
2285 2634 2404 2666 custo-

169 2678 248 2713 dire
263 2681 299 2712 et
314 2677 456 2722 effectui
476 2676 619 2712 tradere
634 2676 788 2720 studeat,
805 2680 846 2712 ut
860 2677 958 2723 leqes
974 2681 1119 2714 nostrae
1130 2687 1201 2724 per
1216 2677 1336 2712 omnia
1353 2675 1497 2711 valeant
1512 2675 1835 2718 auctoritatemque
1851 2673 2031 2714 babeant;
2047 2673 2241 2720 incipiente
2259 2675 2404 2720 quictem

164 2723 352 2769 praesenti
382 2721 460 2767 leqe
490 2722 535 2757 ab
568 2722 670 2756 initio
702 2722 844 2768 imperii
874 2722 1005 2764 nostri,
1037 2725 1078 2757 ut
1108 2723 1181 2757 iam
1209 2722 1385 2763 diximus,
1417 2721 1456 2754 in
1488 2729 1592 2755 omne
1622 2729 1707 2754 vero
1740 2723 1879 2764 tempus
1902 2722 2056 2764 patente
2086 2724 2123 2754 et
2153 2719 2193 2754 in
2210 2723 2403 2766 posterum

170 2767 332 2803 omnibus
355 2766 471 2802 modis
494 2766 564 2802 vim
588 2765 739 2802 habente
763 2770 872 2813 atque
892 2766 937 2802 ab
963 2767 1127 2802 omnibus
1151 2765 1386 2802 observanda.

510 3009 611 3060 DE
654 3008 1120 3060 MAGISTRATIJ
1158 2941 1609 3060 PHgsJ'tNIOIAE
1648 3008 2061 3060 LIBANIC'AE'.

217 3089 317 3125 Idem
334 3087 543 3134 Imperator
559 3087 719 3123 Iohanni
741 3088 1001 3134 qloriosissimo
1018 3088 1214 3134 praefecto
1237 3098 1344 3123 sacro
1364 3086 1521 3122 Orientis
1539 3087 1731 3134 praetorio
1755 3087 1896 3129 iterum,
1919 3087 2112 3123 exconsuli
2134 3090 2171 3123 et
2184 3088 2354 3134 patricio.

307 3155 423 3190 Prae
430 3156 457 3200 f
460 3157 570 3190 atio.
620 3153 788 3190 Gratuito
818 3155 937 3191 creari
968 3157 1138 3200 oportere
1167 3154 1405 3200 maqistratus
1435 3153 1506 3188 iam
1542 3153 1606 3189 lex
1629 3156 1754 3189 nostra
1770 3152 1968 3200 praecipit,
1992 3164 2102 3200 quam
2121 3165 2211 3191 sane
2233 3155 2341 3191 etiam
2362 3156 2402 3191 in

173 3201 336 3238 omnibus
360 3200 479 3236 valere
502 3200 672 3236 volumus.

305 3245 334 3280 I.
382 3244 561 3288 Quoniam
597 3255 680 3280 vero
717 3245 838 3280 omnia
868 3243 1196 3295 circumspicientes
1226 3246 1261 3279 et
1291 3243 1342 3278 ad
1369 3242 1594 3278 subditorum
1620 3241 1833 3287 fidelitatem
1865 3246 1901 3279 et
1928 3243 1978 3278 ad
2007 3243 2170 3280 locorum
2201 3244 2403 3281 custodiam

173 3291 267 3326 alios
297 3291 533 3336 maqistratus
564 3290 832 3330 coniunximus,
865 3289 960 3324 alios
982 3288 1179 3331 divisimus,
1210 3288 1303 3323 alios
1325 3288 1363 3322 in
1387 3287 1497 3322 aliam
1520 3290 1629 3333 atque
1653 3287 1762 3322 aliam
1784 3287 1944 3333 formam
1967 3290 2193 3331 mutavimus,
2216 3290 2402 3325 nonnullis

173 3346 297 3371 eorum
321 3336 428 3370 etiam
448 3334 716 3370 sublimioribus
734 3335 849 3378 factis
872 3332 1146 3385 nominibusque
1169 3332 1378 3377 maioribus,
1401 3342 1509 3378 quam
1533 3342 1628 3378 quae
1650 3342 1746 3367 nunc
1768 3336 1864 3375 sunt,
1888 3333 2081 3379 decoratis,
2115 3338 2151 3370 et
2198 3335 2402 3371 raetoribus

173 3385 208 3417 et
232 3379 517 3427 proconsulibus
546 3384 582 3415 et
611 3378 901 3415 moderatoribus
931 3382 967 3414 et
990 3377 1176 3414 comitibus
1195 3377 1390 3413 secundum
1411 3378 1606 3424 pristinam
1630 3377 1922 3413 consuetudinem
1946 3379 1984 3414 in
2007 3379 2156 3425 rempub
2178 3379 2264 3415 'cam
2287 3380 2402 3416 intro-

221 3528 241 3561 6
265 3523 512 3561 πολιτεύειντο
536 3526 595 3559 Μιι
622 3524 634 3569 ΙΙ
663 3527 699 3560 11
726 3524 757 3558 εἰ
779 3525 847 3568 μὲν
869 3522 937 3570 γὰρ
960 3525 1042 3558 coni.
1067 3524 1254 3558 Zachariae
1325 3525 1415 3558 lacus
1432 3523 1445 3568 ΙΙ
1468 3526 1510 3558 18
1529 3526 1651 3558 subscr.
1672 3536 1731 3557 om.
1756 3524 1831 3567 Iul„
1856 3523 1993 3570 ἐγράφη
2017 3538 2076 3559 om.
2098 3527 2168 3560 rell.
2188 3526 2277 3567 Ath„
2298 3527 2330 3561 d.
2355 3527 2399 3561 X.

175 3571 186 3616 ΙΙ
212 3573 252 3606 12
285 3571 324 3611 ἐξ
355 3572 532 3616 Ayylaeus]
568 3569 753 3610 ἐξαίτασιν
780 3570 838 3612 Μ,
869 3569 908 3610 ἐξ
937 3568 1045 3603 ἔθους
1067 3569 1254 3603 Zachariae
1323 3569 1438 3610 (XVII
1460 3569 1660 3611 Zachariae)
1679 3569 1713 3603 k.
1738 3570 1824 3612 Aug.
1849 3570 2008 3603 Bilisario
2033 3581 2066 3605 u.
2084 3581 2113 3604 e.
2139 3581 2244 3605 conss.
2272 3573 2316 3605 M
2326 3573 2339 3616 ΙΙ
2357 3575 2401 3607 20

177 3617 234 3659 (tf.
258 3617 321 3650 Iut.
348 3615 498 3658 quamvis
528 3615 569 3648 ab
601 3616 760 3648 intestato
788 3615 982 3658 parentibus
1005 3615 1073 3648 suis
1096 3624 1252 3649 secun·
1322 3616 1404 3659 περὶ
1428 3610 1535 3658 άρχῆς
1558 3613 1621 3656 τῆς
1644 3626 1713 3648 cum
1736 3615 1921 3659 Scrimqero
1944 3616 2032 3660 vulq.
2051 3615 2064 3659 ΙΙ
2081 3617 2122 3651 21
2148 3614 2190 3650 τὸ
2215 3614 2251 3661 β’
2270 3617 2338 3656 Mu
2356 3619 2398 3652 23

177 3661 269 3694 dum
298 3662 529 3704 pristinam
559 3660 861 3693 Armeniorum
892 3659 1254 3693 consuetudinem
1321 3659 1442 3704 νόμος]
1466 3672 1538 3694 nov.
1559 3659 1652 3693 VIII

177 3716 243 3739 nou
268 3706 498 3749 succedebant)
518 3718 700 3751 perperam.
726 3705 739 3750 ss
766 3707 805 3740 17
830 3701 961 3750 χρόνου
986 3705 1036 3748 Μ,
1062 3716 1141 3739 corr.
1165 3705 1254 3750 Aqy-

237 3761 297 3810 (111.
2084 3763 2127 3796 96
