2618 4010
122 141 179 172 ΕΤ
208 138 571 174 succussmmnus
1211 123 1285 171 131
1712 131 1716 134 ⁴
2022 126 2128 172 Nov.
2159 127 2302 172 XVIII
2333 130 2357 169 5

122 238 339 287 πράττομεν,
370 238 616 286 ἐρυθριῶμεν·
649 234 737 274 ἆίςτε
766 239 820 283 τῷ
851 238 1036 287 πράγματι
1058 241 1118 274 καὶ
1141 238 1199 273 νό-
1269 239 1347 283 lege
1382 238 1537 284 agimus,
1577 238 1830 275 erubescimus.
1887 239 2043 284 Ideoque
2081 248 2213 275 causae
2249 238 2356 275 eum

120 299 191 330 μον
214 286 432 332 προςθέντες
455 279 559 318 αὐτοὶ
581 285 650 330 μὲν
673 281 795 327 ὄχλους
820 281 1105 330 ἀποσεισόμεθα,
1130 282 1199 319 διό-
1270 285 1383 329 legem
1412 283 1605 320 adicientes
1637 283 1709 327 ipsi
1734 284 1874 328 quidem
1906 285 2058 330 populos
2083 284 2354 327 removebimus,

122 344 231 376 σομεν
257 329 297 365 δὲ
326 328 466 366 ἅπασιν
496 330 591 372 ἔχειν
614 327 682 372 τὴν
705 332 744 363 ἐκ
773 330 837 364 τοῦ
868 327 977 375 νόμου
1007 329 1199 375 βοήθειαν.
1271 330 1434 366 dabimus
1459 331 1580 364 autem
1603 328 1768 364 omnibus
1801 330 1935 364 habere
1965 339 2009 365 ex
2039 330 2118 374 lege
2150 328 2354 366 remedium.

113 372 194 411 Ὅτι
223 378 292 420 μὲν
321 373 390 423 γὰρ
421 372 628 409 διαθέσθαι
657 378 730 409 τοῖς
759 376 836 409 τῶν
860 376 1025 421 φυσικῶν
1055 373 1201 411 παίδων
1270 374 1363 420 Quia
1379 375 1473 410 enim
1491 373 1618 410 testari
1641 374 1860 410 naturalium
1879 374 2035 411 filiorum
2058 374 2226 420 patribus
2251 374 2358 411 etiam

121 419 280 469 πατράσι
303 424 362 455 καὶ
382 416 442 455 ἐπ’
465 416 585 454 αὐτοῖς
608 417 818 464 δεδώκαμεν
837 424 985 468 γνησίας
1007 422 1075 463 μὲν
1093 417 1199 456 ὑπού-
1237 423 1256 455 5
1269 419 1359 465 ipsis
1384 419 1545 456 dedimus
1569 418 1727 464 legitima
1751 419 1893 464 quidem
1917 420 2095 456 existente
2118 420 2220 465 prole
2245 429 2358 465 usque

120 478 183 510 σης
211 467 314 512 γονῆς
343 462 424 512 ἄχρι
454 465 536 519 μιᾶς
565 463 676 509 μόνης
703 463 862 512 οὖγκίας,
893 463 936 508 ἣν
961 465 1103 507 ἕξουσιν
1126 462 1202 510 ἅμα
1270 465 1318 501 ad
1351 475 1460 501 unam
1490 465 1603 501 solam
1626 464 1788 507 unciam,
1821 475 1927 510 quam
1956 465 2142 501 habebunt
2172 475 2246 501 una
2278 475 2359 500 cum

120 514 164 569 vg}
185 514 294 558 μητρὶ
316 512 435 552 (τοῦτο
453 507 544 556 ὅπερ
567 513 627 544 καὶ
651 510 862 557 ἔμπροσθεν
879 504 953 554 ἦν),
984 509 1130 546 παίδων
1162 508 1202 545 δὲ
1270 512 1383 546 matre
1415 511 1499 554 (hoc
1546 508 1619 545 uod
1643 509 1750 547 etiam
1773 510 1874 555 prius
1898 510 1998 554 fuit),
2033 509 2116 546 filiis
2141 513 2261 546 autem
2285 520 2359 547 non

120 570 184 592 ουκ
215 556 335 592 ὄντων
365 558 527 603 γνησίων
549 558 608 589 καὶ
638 558 740 602 μέχρι
764 557 827 590 τοῦ
855 553 995 610 ἡμίσεος
1018 558 1080 599 τῆς
1104 568 1200 603 περι·
1270 556 1506 592 existentibus
1522 521 1696 600 ‹iegitimis
1719 557 1758 590 et
1781 564 1894 599 usque
1925 555 1972 591 ad
2003 555 2229 591 medietatem
2261 558 2359 591 totae

120 606 240 636 ουσίας
262 597 354 645 ὅλης,
379 601 487 635 τοῦτο
512 599 675 647 λέγουσιν
694 600 731 635 οἱ
753 597 844 647 παρ’
867 602 972 645 ημῶν
994 601 1200 646 τεθειμένοι
1270 601 1510 644 substantiae,
1544 600 1615 635 hoc
1639 599 1767 637 dicunt
1787 610 1810 635 a
1834 600 1938 636 nobis
1971 601 2111 645 positae
2142 601 2254 645 leges,
2287 611 2359 636 non

120 645 243 692 νόμοι,
267 644 330 681 οὐκ
350 648 390 680 ἐν
419 643 579 693 διαθήκῃ
602 645 715 701 μόνον
739 649 812 681 τοῖς
836 645 1019 692 πατράσιν
1043 649 1201 692 ἐφιέντες
1217 649 1256 683 10
1269 647 1307 682 in
1328 646 1552 683 testamentis
1570 646 1688 682 solum
1711 645 1878 691 patribus
1899 645 2135 681 concedentes
2155 646 2224 682 hoc
2241 656 2358 690 agere,

120 694 226 728 τοῦτο
250 691 435 739 πράττειν,
458 688 548 725 ἀλλὰ
571 706 640 726 καν
663 695 741 726 ταῖς
760 689 884 726 ἄλλαις
906 689 1135 736 φιλοτιμίαις,
1160 688 1201 726 ἃς
1269 692 1333 728 sed
1357 693 1464 727 etiam
1487 691 1567 727 aliis
1592 691 1857 735 munificentiis,
1884 700 1974 735 quas
1996 694 2033 726 et
2056 691 2268 735 superstites
2292 691 2354 726 do-

120 741 179 772 καὶ
204 735 387 783 περιόντες
410 734 463 771 δω
489 738 626 771 οῦνται.
673 736 714 772 τὸ
740 734 780 770 δὲ
803 733 847 779 δὴ
872 734 991 780 παρὸν
1015 740 1098 783 περὶ
1122 738 1201 771 τῶν
1270 741 1367 772 nant.
1430 737 1605 772 Praesens
1642 738 1763 772 autem
1799 736 1844 772 de
1878 735 1936 772 his
1974 746 2066 781 quae
2104 735 2151 770 ab
2188 735 2359 772 intestato

121 784 162 825 ἐξ
183 779 384 816 ἅὸιαθέτου
407 795 444 816 τι
465 749 669 823 gaal-&gerat
691 785 751 816 καὶ
775 782 813 815 ἐκ
837 782 958 824 καινῆς
980 777 1202 828 ὑφηγήσεται
1271 785 1356 817 sunt
1379 782 1538 827 loquitur
1562 784 1597 818 et
1620 781 1703 818 novi
1726 781 1861 827 aliquid
1884 781 2090 817 introducit.
2135 780 2243 816 Nunc
2267 781 2360 817 enim

120 829 198 863 νῦν.
231 828 278 862 Εἰ
290 824 366 881 γάρ
385 839 438 862 τις
457 826 635 862 τελευτῶν
652 830 800 879 γνησίας
817 823 916 869 αὐτῷ
939 825 1127 861 παντελῶς
1143 839 1200 873 γο-
1272 827 1304 862 si
1327 828 1405 871 quis
1429 828 1584 863 moriens
1608 827 1767 881 legitima
1790 826 1860 864 sibi
1884 827 2026 872 penitus
2052 826 2176 862 sobole
2194 836 2268 863 non
2286 827 2358 861 exi-

119 874 181 916 νῆς
197 869 263 916 οὐχ
280 871 447 916 υπούσης,
466 870 613 907 παίδων
625 874 744 918 φαμὲν
759 885 781 915 η
794 872 833 918 ἐγ
857 869 955 905 όνων
972 868 1065 914 ἢτῆς
1079 872 1202 917 ἐφεξῆς
1219 875 1257 906 15
1272 874 1387 907 stente
1422 872 1589 915 (filiorum
1625 871 1776 908 dicimus
1812 874 1877 909 aut
1912 875 2083 917 nepotum
2119 873 2184 907 aut
2217 874 2359 907 ceterae

120 916 303 962 διαδοχῆς,
326 915 410 952 οὐδὲ
432 921 582 974 νομίμου
604 918 773 965 γαμετῆς,
805 884 883 950 εἶτα
911 914 1130 959 τελευτήσειε
1152 915 1202 960 μὴ
1271 918 1541 960 successionis),
1574 927 1690 962 neque
1713 927 1827 955 uxore
1850 918 2023 963 legitima,
2053 916 2205 962 proinde
2229 916 2360 952 moria-

121 963 338 1008 διαθέμενος
360 963 428 1007 τὴν
448 967 585 1005 ουσίαν,
617 965 676 996 καὶ
699 959 863 1006 ἀφίκοιτο
886 965 1071 1008 συγγένεια
1095 960 1203 1004 τυχὸν
1271 966 1332 998 tur
1356 973 1428 998 nou
1453 963 1629 1007 disposita
1653 963 1868 1005 substantia,
1893 965 1931 999 et
1950 963 2070 999 veniat
2095 962 2260 1007 cognatio
2285 961 2358 997 for-

121 1006 142 1053 ἢ
162 1012 222 1043 καὶ
243 1007 486 1055 ἐλευθερωτὴς
509 1009 595 1043 ἴσως
615 1007 681 1051 τὴν
700 1005 917 1049 διακατοχὴν
935 1010 1140 1041 κατασείων
1163 1019 1203 1040 τε
1272 1017 1339 1043 san
1376 1009 1440 1042 aut
1476 1011 1571 1043 certe
1607 1009 1848 1044 manumissor
1883 1008 2061 1044 bonorum
2096 1007 2360 1053 possessionem

121 1058 180 1088 καὶ
204 1054 536 1099 ἐπανατεινόμενος,
556 1050 578 1096 ἢ
597 1056 657 1086 καὶ
675 1051 718 1086 τὸ
735 1048 906 1096 ἡμέτερον
922 1055 1086 1096 ταμιεῖον
1106 1049 1203 1094 (οὐδὲ
1271 1063 1416 1088 movens
1445 1056 1482 1087 et
1513 1053 1719 1097 insurgens,
1752 1056 1816 1089 aut
1847 1054 1955 1090 etiam
1985 1057 2148 1090 nostrum
2180 1052 2362 1089 aerarium

121 1098 188 1147 γὰρ
213 1102 348 1134 ἐκείνου
371 1100 454 1146 τόγε
477 1101 537 1133 ἐπὶ
560 1096 679 1141 τούτῳ
702 1094 933 1142 φειδόμεθα),
958 1098 1010 1140 εἴη
1036 1095 1075 1131 δὲ
1100 1095 1202 1140 αὐτῷ
1216 1099 1257 1131 20
1271 1102 1351 1141 (nec
1370 1098 1464 1133 enim
1484 1098 1546 1141 illi,
1569 1102 1741 1143 quantum
1762 1099 1809 1134 ad
1833 1099 1914 1141 hoc,
1938 1099 2145 1145 parcimus),
2171 1098 2218 1134 sit
2239 1101 2362 1134 autem

122 1144 214 1178 κατὰ
235 1144 302 1179 τὸν
324 1144 422 1178 οἷκον
445 1145 511 1177 ἕως
531 1144 657 1188 περιῆν
675 1142 849 1188 ἐλευθέρα
873 1155 913 1176 τε
931 1142 1024 1200 γυνὴ
1047 1144 1087 1176 ἐν
1111 1141 1200 1177 παλ·
1272 1143 1305 1178 ei
1329 1143 1436 1185 domi,
1462 1143 1577 1178 donec
1600 1143 1701 1186 vivit,
1726 1143 1841 1188 libera
1866 1144 1993 1180 mulier
2015 1144 2052 1179 in
2076 1144 2202 1179 habitu
2227 1153 2360 1180 concu-

121 1189 228 1233 λακῆς
251 1187 402 1234 σχήματι
425 1189 592 1229 συνοῦσα,
616 1190 675 1221 καὶ
697 1185 821 1222 παῖδες
840 1187 879 1228 ἐξ
900 1189 1007 1231 αυτῆς
1032 1190 1117 1230 (τοῖς
1131 1187 1201 1234 γὰρ
1272 1188 1378 1225 binae
1409 1199 1491 1223 cum
1523 1198 1564 1222 eo
1596 1188 1746 1232 degens,
1784 1192 1820 1224 et
1851 1189 1917 1224 filii
1946 1199 1990 1224 ex
2013 1200 2058 1225 ea
2088 1189 2235 1230 (talibus
2266 1189 2361 1224 enim

122 1233 295 1269 τοιούτοις
316 1232 437 1279 μόνοις
455 1235 572 1268 ταῦτα
590 1233 872 1277 νομοθετοῦμεν,
898 1233 995 1267 ἔνθα
1014 1232 1202 1268 παντελῶς
1271 1234 1356 1269 solis
1381 1233 1471 1269 haec
1497 1233 1698 1276 sancimus,
1725 1233 1789 1268 ubi
1813 1235 1956 1270 omnino
1980 1235 2185 1270 indubitata
2208 1237 2264 1270 est
2288 1234 2361 1269 sive

122 1275 438 1325 ἀναμφισβήτητός
455 1281 554 1313 ἐστιν
576 1276 598 1321 ἦ
621 1292 659 1312 τε
683 1280 744 1321 τῆς
763 1277 945 1321 παλλακῆς
964 1276 1056 1312 κατὰ
1071 1277 1137 1312 τὸν
1154 1277 1200 1311 οἴ-
1272 1279 1474 1314 concubina
1504 1278 1542 1313 in
1576 1278 1679 1313 domo
1711 1278 1838 1314 habita
1870 1279 1942 1314 sive
1975 1279 2194 1315 naturalium
2227 1279 2360 1316 ibidem

122 1339 185 1359 κον
202 1327 318 1367 σχέσις
337 1320 359 1367 ἥ
379 1337 418 1358 τε
437 1325 514 1358 τῶν
534 1321 664 1358 νόθων
682 1325 792 1357 ἐκεῖσε
811 1321 898 1370 γονή
918 1336 959 1357 τε
978 1326 1038 1356 καὶ
1055 1323 1200 1370 τροφή)·
1215 1325 1257 1357 25
1271 1324 1383 1369 prolis
1409 1328 1445 1359 et
1469 1323 1757 1365 nutrimentum),
1791 1323 1916 1359 damus
1950 1325 2001 1359 eis
2029 1328 2066 1360 et
2093 1325 2263 1360 intestato
2294 1334 2359 1369 pa-

123 1368 270 1414 δίδομεν
293 1367 413 1403 αὐτοῖς
435 1372 494 1403 καὶ
518 1367 732 1403 ἀδιαθέτων
754 1370 833 1403 τῶν
851 1371 990 1415 γονέων
1007 1366 1201 1403 τελευτών-
1272 1370 1433 1404 rentibus
1466 1368 1701 1404 morientibus
1735 1369 1826 1404 duas
1863 1369 1998 1404 habere
2029 1369 2154 1405 uncias
2187 1372 2360 1414 paternae

123 1428 201 1450 των
223 1411 287 1448 δύο
311 1415 372 1458 τῆς
400 1412 573 1460 πατρῴας
603 1413 725 1448 οὐσίας
748 1416 842 1457 ἔχειν
865 1411 1024 1459 οὐγκίας,
1055 1410 1130 1459 ἅμα
1156 1414 1202 1461 τῇ
1272 1415 1495 1451 substantiae
1519 1425 1600 1449 cum
1619 1417 1732 1450 matre
1757 1414 1977 1459 partiendas,
2000 1414 2279 1460 quanticumque
2303 1414 2359 1449 fu-

121 1462 229 1507 μητρὶ
252 1474 295 1503 με
320 1462 492 1504 ιζομένας,
517 1457 715 1506 ὁπόσοιπερ
739 1456 785 1493 ἂν
804 1459 875 1493 εἷεν
895 1457 931 1493 οἱ
954 1457 1087 1500 παῖδες,
1115 1456 1204 1494 ciem
1273 1460 1366 1495 erint
1394 1460 1478 1504 filii,
1511 1459 1563 1494 ita
1595 1462 1635 1494 ut
1661 1470 1729 1505 pro
1763 1459 1930 1504 portione
1960 1461 2066 1496 unius
2095 1459 2160 1495 filii
2183 1463 2220 1495 et
2247 1461 2361 1495 mater

123 1504 199 1540 ἑνὸς
227 1473 355 1540 staigos
387 1504 475 1549 πρὸς
506 1502 701 1552 ἀναλογίαν
724 1507 784 1538 καὶ
815 1504 882 1548 τὴν
904 1508 1039 1553 μητέρα
1065 1502 1203 1550 λαμβά-
1273 1505 1441 1550 accipiat.
1487 1505 1537 1540 Et
1561 1505 1652 1540 haec
1676 1504 1841 1547 dicimus,
1864 1505 1895 1541 si
1918 1505 1981 1540 uni
2005 1505 2227 1541 concubinae
2251 1505 2360 1540 coha-

122 1565 210 1586 νειν.
258 1554 332 1584 Καὶ
360 1551 476 1584 ταῦτα
508 1553 637 1596 φαμέν,
669 1550 700 1583 εἰ
730 1550 797 1595 μιᾷ
827 1548 993 1596 παλλακῇ
1024 1552 1204 1592 συνοικοίη
1218 1553 1259 1585 30
1274 1551 1443 1586 bitaverit
1466 1552 1503 1586 et
1526 1550 1619 1585 filios
1643 1559 1687 1584 ex
1711 1559 1755 1585 ea
1780 1550 1956 1593 habuerit,
1982 1554 2045 1586 aut
2093 1550 2360 1586 raediscedente

123 1599 182 1630 καὶ
211 1593 354 1630 παῖδας*
370 1596 409 1636 ἐξ
441 1597 574 1638 ἐκείνης
605 1599 724 1638 σχοίη,
757 1593 779 1638 ἢ
811 1598 870 1629 καὶ
902 1593 1206 1641 προαπελθούσης
1276 1596 1479 1632 concubina
1503 1599 1617 1630 morte
1641 1595 1765 1631 forsan
1790 1598 1855 1630 aut
1878 1595 2049 1631 divisione
2092 1595 2130 1631 lii
2151 1595 2246 1631 domi
2270 1595 2356 1639 sint3

123 1643 184 1696 τῆς
215 1640 395 1684 παλλακῆς
426 1639 581 1684 θανάτῳ
611 1639 719 1683 τυχὸν
749 1638 770 1683 ἢ
802 1642 973 1695 χωρισμῷ
1010 1639 1047 1674 οἱ
1081 1638 1206 1675 παῖδες
1274 1645 1359 1676 tunc
1384 1642 1477 1676 enim
1501 1641 1626 1676 damus
1652 1641 1703 1676 eis
1728 1641 1774 1675 ab
1799 1641 1968 1676 intestato
1994 1641 2144 1676 duarum
2174 1641 2360 1676 unciarum

125 1687 224 1730 αυτῷ
249 1684 341 1720 κατὰ
364 1684 431 1729 τὴν
454 1686 571 1720 οἰκίαν
595 1685 675 1720 εἷεν.
722 1685 806 1720 τότε
829 1699 896 1733 γαρ
918 1683 1065 1730 δίδομεν
1086 1683 1206 1720 αὐτοῖς
1274 1686 1547 1722 successionem.
1598 1686 1634 1721 Si
1665 1689 1785 1720 autem
1819 1686 1970 1722 confusa
1994 1685 2286 1740 concupiscentia
2308 1686 2360 1721 ita

123 1730 190 1775 τὴν
213 1731 252 1773 ἐξ
281 1729 481 1766 ἀδιαθέτου
510 1729 600 1777 πρὸς
628 1729 670 1765 τὸ
699 1728 880 1778 διούγκιον
903 1727 1038 1774 κλῆσιν.
1087 1731 1134 1765 Εἰ
1165 1729 1206 1765 δὲ
1273 1732 1347 1775 fiat,
1370 1734 1405 1767 et
1429 1732 1516 1767 alias
1542 1731 1804 1776 superinducat
1826 1731 1938 1777 priori
1962 1731 2183 1767 concubinas
2209 1733 2246 1766 et
2267 1731 2358 1767 mul-

124 1778 336 1822 έκκεχυμένα
359 1776 405 1811 τὰ
427 1777 486 1820 τῆς
506 1776 703 1820 ἐπιθυμίας
722 1773 820 1820 αὐτῷ
842 1778 990 1822 γίνοιτο,
1014 1779 1074 1810 καὶ
1098 1774 1206 1811 ἄλλας
1218 1779 1258 1812 35
1273 1777 1462 1812 titudinem
1497 1777 1629 1812 habeat
1670 1776 1953 1812 concubinarum
1995 1776 2251 1812 fornicantium
2291 1776 2358 1818 (sic

125 1819 185 1858 ἐπ’
222 1821 344 1856 ἄλλαις
379 1819 601 1869 ἐπειςαγάγοι
636 1822 681 1869 τῇ
713 1824 872 1868 προτέρα
909 1818 1108 1863 παλλακάς,
1144 1824 1204 1855 καὶ
1274 1823 1367 1858 enim
1392 1822 1510 1858 dicere
1533 1821 1660 1857 melius
1684 1824 1750 1861 est)
1783 1825 1819 1856 et
1847 1832 1890 1856 ex
1922 1822 1973 1857 eis
1997 1821 2088 1857 filios
2122 1821 2257 1857 faciens
2282 1832 2357 1857 mo-

125 1866 264 1910 πλῆθος
281 1869 354 1910 ἔχοι
369 1869 553 1914 γυναικῶν
573 1869 849 1914 πορνευομένων
870 1863 980 1910 (οὕτω
998 1867 1068 1914 γὰρ
1089 1867 1204 1902 εἰπεῖν
1274 1869 1399 1911 riatur,
1423 1867 1555 1903 multas
1579 1867 1683 1902 simul
1707 1866 1913 1912 relinquens
1938 1867 2176 1903 concubinas:
2214 1866 2357 1903 odibilis

125 1911 299 1956 κάλλιον),
336 1916 396 1946 καὶ
427 1913 465 1954 ἐξ
491 1910 615 1947 αὐτῶν
639 1910 963 1957 παιδοποιούμενος
986 1911 1205 1956 τελευτήσειε
1277 1913 1418 1958 quidem
1443 1913 1546 1949 nobis
1570 1912 1637 1947 iste
1662 1912 1723 1957 qui
1745 1912 1826 1948 talis
1852 1915 1915 1956 est,
1952 1913 2079 1958 procul
2103 1915 2222 1948 autem
2245 1912 2356 1949 omni-

126 1957 256 1994 πολλάς
279 1956 367 2002 ὁμοῦ
387 1956 602 1992 καταλιπών
626 1956 824 1999 παλλακάς,
856 1958 1006 2002 μισητὸς
1029 1959 1097 2002 μὲν
1122 1954 1207 2002 ἡμῖν

126 2000 145 2037 ὁ
165 2004 340 2044 τοιοῦτος,
365 2003 491 2050 πόρρω
515 2001 556 2037 δὲ
579 2001 684 2037 τοῦδε
707 2005 770 2037 τοῦ
793 2001 905 2047 νόμου
932 2002 1110 2044 καθάπαξ
1142 2000 1209 2038 ἀπ·
1223 2006 1267 2038 40

174 2097 214 2130 14
238 2095 283 2127 Εἰ
297 2096 421 2139 μέντοι
440 2090 661 2137 τελευτήσειέ
675 2105 728 2128 τις
743 2097 944 2141 γνησίας-
956 2096 1029 2137 132,
1043 2097 1082 2128 16
1098 2094 1253 2138 τίθεμεν
1270 2091 1384 2137 νόμον
1398 2097 1517 2139 paucis
1538 2097 1667 2130 mutatis
1680 2104 1867 2139 repetuntur
1886 2110 1954 2131 nov.
1974 2097 2191 2139 LXXXIX,
2208 2097 2248 2130 12
2265 2100 2320 2135 §4.
2331 2104 2357 2130 5.

126 2184 254 2227 nimus,
279 2183 344 2220 sed
366 2183 453 2230 quia
477 2194 551 2219 non
564 2195 637 2231 per
662 2184 776 2231 leqem
799 2183 839 2219 id
858 2184 1018 2230 aqimus,
1050 2184 1311 2226 erubescimus,·
1345 2184 1470 2229 itaque
1504 2183 1582 2230 leqe
1611 2185 1666 2220 rei
1701 2186 1873 2231 apposita
1903 2185 1975 2231 ipsi
2005 2189 2043 2220 et
2072 2185 2213 2221 turbam
2244 2197 2358 2227 remo-

126 2228 282 2265 vebimus
304 2233 341 2265 et
362 2233 403 2265 ut
426 2239 548 2264 omnes
575 2239 625 2264 ex
654 2228 733 2275 leqe
749 2228 978 2275 praesidium
1009 2227 1166 2264 babeant
1187 2229 1399 2307 efficiemus.
1447 2227 1592 2263 Etenim
1621 2230 1844 2265 naturalium
1871 2229 2065 2265 liberorum
2089 2231 2262 2277 patribus
2291 2242 2360 2267 nos

127 2274 341 2310 concessisse
364 2277 406 2309 ut
424 2284 497 2320 pro
524 2273 570 2308 iis
599 2284 743 2319 quoque
769 2277 958 2314 testentur,
988 2273 1022 2307 si
1045 2273 1188 2318 quidem
1227 2273 1372 2319 eqitima
1402 2272 1547 2308 suboles
1569 2277 1688 2316 extet,
1718 2285 1833 2320 usque
1855 2274 1906 2310 ad
1932 2285 2041 2310 unam
2064 2276 2181 2312 solam
2203 2277 2358 2318 unciam,

128 2330 235 2364 quam
262 2318 319 2353 illi
346 2329 420 2353 una
452 2328 532 2352 cum
555 2321 671 2353 matre
694 2317 857 2352 habituri
882 2317 957 2352 sint
987 2316 1039 2360 (id
1062 2317 1162 2362 quod
1184 2318 1291 2352 etiam
1348 2317 1426 2352 rius
1457 2317 1677 2360 obtinebat),
1704 2319 1736 2353 si
1766 2330 1851 2354 vero
1876 2319 2026 2366 leqitimi
2050 2319 2154 2356 liberi
2176 2331 2251 2356 non
2273 2321 2357 2363 sint,

128 2363 184 2399 vel
204 2374 318 2409 usque
341 2363 391 2398 ad
412 2361 596 2398 dimidiam
621 2362 732 2397 totius
754 2361 978 2396 substantiae
995 2365 1153 2407 partem,
1177 2361 1218 2396 id
1240 2362 1303 2407 qui
1329 2372 1383 2397 em
1407 2361 1504 2408 leqes
1527 2374 1550 2397 a
1574 2363 1678 2398 nobis
1699 2362 1796 2398 latae
1819 2363 1955 2406 dicunt,
1979 2375 2073 2410 quae
2088 2366 2262 2411 patribus
2284 2376 2359 2401 non

128 2407 244 2443 solum
266 2407 305 2442 in
330 2410 540 2443 testamento
565 2406 604 2442 id
626 2418 735 2458 aqere
750 2406 980 2453 permittunt,
1003 2405 1068 2441 sed
1090 2406 1197 2441 etiam
1221 2406 1260 2441 in
1283 2406 1434 2452 reliquis
1459 2406 1713 2453 larqitionibus
1737 2418 1829 2453 quas
1849 2409 1958 2444 etiam
1973 2410 2186 2461 superstites
2208 2410 2356 2446 donant.

130 2452 309 2488 Praesens
329 2455 447 2488 autem
471 2451 680 2487 constitutio
705 2451 750 2487 de
772 2451 997 2486 successione
1017 2450 1061 2486 ab
1084 2451 1257 2487 intestato
1282 2451 1333 2486 ali
1358 2450 1423 2486 uid
1445 2451 1598 2487 disseret
1622 2456 1658 2487 et
1688 2452 1733 2488 de
1763 2463 1858 2488 novo
1881 2464 1978 2488 nunc
1999 2454 2215 2491 introducet.
2263 2455 2358 2491 Nam

129 2498 160 2533 si
192 2497 274 2544 quis
300 2497 457 2533 moriens
482 2496 641 2548 leqitima
671 2496 796 2532 subole
825 2496 969 2531 omnino
1002 2495 1103 2531 nulla
1132 2496 1278 2538 relicta,
1311 2462 1434 2532 liberis
1465 2495 1616 2532 dicimus
1647 2501 1713 2533 aut
1741 2497 1932 2544 nepotibus
1958 2502 2024 2534 aut
2050 2499 2193 2546 reliqua
2218 2511 2357 2537 succes-

129 2543 249 2585 sione,
284 2553 401 2589 neque
424 2542 584 2588 leqitima
608 2542 780 2588 coniuqe,
814 2552 889 2577 non
922 2545 1073 2577 testatus
1102 2540 1146 2576 de
1175 2541 1379 2577 substantia
1401 2552 1470 2577 sua
1494 2541 1662 2585 decedat,
1694 2553 1738 2578 ac
1767 2543 1913 2578 veniant
1940 2544 2089 2590 coynati
2116 2545 2281 2590 fortasse
2304 2545 2360 2582 vel

128 2588 229 2634 forte
259 2587 368 2623 etiam
397 2587 648 2629 manumissor,
684 2587 747 2634 qui
778 2586 957 2622 bonorum
1017 2586 1251 2622 assessionem
1283 2586 1423 2633 aqitent
1453 2590 1563 2633 atque
1590 2587 1799 2630 intendant,
1837 2587 1894 2624 vel
1920 2588 2028 2624 etiam
2058 2594 2223 2626 nostrum
2254 2601 2357 2627 aera—

129 2632 223 2667 rium
254 2635 351 2676 (nam
380 2643 425 2667 ne
458 2631 514 2667 illi
567 2631 684 2668 uidem
707 2634 881 2678 quantum
904 2630 954 2667 ad
1002 2642 1070 2666 anc
1093 2642 1168 2666 rem
1194 2632 1417 2678 parcimus),
1449 2630 1510 2667 ille
1533 2643 1618 2668 vero
1643 2631 1741 2668 domi
1767 2632 1851 2668 dum
1881 2633 2020 2670 vivebat
2050 2637 2085 2670 et
2110 2634 2260 2671 liberam
2282 2647 2358 2671 mu-

130 2678 252 2713 lierem
285 2676 505 2713 concubinae
559 2676 660 2713 abitu
690 2681 727 2713 et
757 2677 890 2713 liberos
920 2687 969 2713 eae
1001 2688 1044 2712 ea
1074 2676 1241 2712 habuerit
1267 2676 1414 2719 (talibus
1437 2676 1530 2712 enim
1552 2677 1641 2712 solis
1664 2677 1753 2713 baec
1775 2678 1973 2722 sancimus,
2004 2679 2066 2715 ubi
2088 2679 2190 2716 nulla
2214 2681 2357 2716 omnino

131 2722 306 2759 dubitatio
330 2726 386 2759 est
406 2733 522 2768 neque
545 2721 589 2758 de
613 2721 813 2758 concubina
836 2722 875 2757 in
898 2721 1003 2757 domo
1027 2721 1152 2757 habita
1175 2733 1219 2757 ne
1245 2733 1290 2757 ue
1312 2721 1356 2758 de
1379 2721 1608 2758 naturalibus
1629 2722 1751 2758 liberis
1774 2722 1903 2759 ibidem
1930 2727 1966 2759 et
1980 2725 2192 2771 procreatis
2214 2729 2252 2762 et
2272 2725 2355 2762 edu-

131 2768 252 2812 catis).·
284 2767 511 2804 concedimus
543 2767 606 2810 iis,
642 2771 681 2803 ut
716 2768 824 2803 etiam
857 2767 1038 2803 intestatis
1062 2767 1215 2814 parenti
1239 2777 1281 2802 us
1313 2766 1498 2813 defunctis
1528 2767 1620 2803 duas
1654 2767 1781 2803 uncias
1841 2771 1989 2805 aternae
2023 2769 2246 2807 substantiae
2277 2781 2357 2806 eum

131 2817 245 2849 matre
268 2812 479 2849 dividendas
510 2812 682 2855 babeant,
720 2816 962 2859 quotcumque
987 2812 1130 2858 fuerint
1154 2811 1273 2854 liberi,
1304 2812 1358 2847 ita
1379 2815 1421 2846 ut
1441 2823 1517 2858 pro
1546 2817 1630 2848 rata
1660 2813 1767 2848 unius
1788 2779 1860 2865 filiii
1883 2816 1998 2850 mater
2021 2825 2164 2861 quoque
2188 2816 2355 2863 accipiat.

132 2861 249 2905 Atque
268 2857 357 2894 haec
378 2857 540 2900 dicimus,
564 2858 597 2893 si
615 2869 690 2893 una
708 2857 910 2893 concubina
930 2868 1017 2892 usus
1036 2858 1085 2893 sit
1103 2860 1138 2893 et
1154 2868 1204 2893 em
1224 2868 1267 2893 ea
1288 2856 1420 2892 liberos
1439 2857 1648 2903 susceperit,
1673 2858 1729 2894 vel
1746 2862 1854 2894 etiam
1874 2859 1908 2894 si
1928 2869 2007 2894 cum
2022 2860 2134 2912 prius
2154 2860 2359 2898 discesserit

131 2903 344 2946 concubina,
364 2906 479 2939 morte
491 2906 585 2950 puta
605 2907 670 2938 aut
686 2903 931 2950 separatione,
954 2902 1058 2938 liberi
1075 2902 1151 2938 eius
1171 2901 1271 2937 domi
1288 2905 1465 2937 maneant.
1505 2901 1604 2938 Tunc
1616 2903 1708 2938 enim
1727 2903 1955 2939 concedimus
1973 2903 2059 2947 illis,
2078 2907 2118 2940 ut
2129 2904 2174 2941 ab
2187 2906 2356 2942 intestato

131 2949 169 2984 in
193 2948 286 2984 duas
307 2948 436 2992 uncias
463 2951 644 2984 vocentur.
691 2947 829 2992 Quodsi
852 2947 971 2993 effusa
994 2947 1105 2983 libido
1137 2947 1212 2983 eius
1240 2947 1375 2993 suerit,
1410 2951 1445 2982 et
1475 2946 1571 2982 alias
1601 2958 1711 3000 super
1744 2947 1838 2984 alias
1858 2952 1949 2995 post
2006 2949 2133 2984 rimam
2164 2950 2357 2988 adsciverit

133 2993 366 3036 concubinas,
397 2997 434 3029 et
463 2992 726 3029 multitudinem
757 2991 888 3028 babeat
917 2992 1106 3028 mulierum
1133 2992 1371 3029 scortantium
1397 2992 1463 3033 (ita
1488 2993 1580 3027 enim
1604 2991 1724 3028 dicere
1749 2997 1952 3040 praestat),
1997 2993 2176 3041 iberisque
2205 3006 2255 3032 ex
2284 2996 2357 3031 illis

126 3038 334 3086 procreatis
356 3041 521 3074 mortuus
548 3038 598 3073 sit
625 3037 747 3074 multis
776 3037 882 3072 simul
911 3036 1048 3072 relictis
1071 3037 1299 3072 concubinis:
1332 3041 1369 3072 et
1392 3036 1476 3072 odio
1500 3036 1632 3083 diqnus
1655 3038 1759 3073 nobis
1782 3042 1837 3073 est
1860 3038 1942 3074 talis
1966 3038 2071 3075 homo
2095 3043 2133 3075 et
2156 3040 2290 3086 procul
2311 3040 2356 3077 ab

182 3132 223 3164 10
247 3125 363 3173 νόμοι]
395 3130 472 3163 Cod.
494 3132 524 3170 5,
547 3137 594 3170 27,
614 3137 641 3163 8.
659 3137 675 3163 9
700 3129 712 3172 {1
737 3126 909 3174 διαθήκῃ]
934 3128 1138 3161 testamentis
1162 3140 1181 3165 ς
1202 3127 1215 3174 ΙΙ
1283 3128 1348 3160 lam
1374 3129 1449 3170 (del.
1463 3128 1525 3170 12²)
1542 3128 1646 3161 fuerit
1668 3129 1808 3171 priusR
1824 3128 1837 3173 ss
1854 3131 1913 3162 aut
1932 3129 1989 3175 Vss
2007 3132 2026 3165 8
2050 3133 2138 3164 totae
2150 3131 2233 3173 ΕΤ]
2255 3132 2357 3165 totius

137 3178 176 3210 13
205 3175 243 3207 ἐκ
270 3174 403 3216 καινῆς]
435 3174 514 3207 novi
538 3174 667 3215 aliquid
690 3186 709 3210 ς
738 3174 749 3217 ΙΙ
782 3176 820 3208 16
842 3170 1072 3215 *τελευτῆσαι
1097 3174 1175 3207 libri
1200 3175 1213 3217 ΙΙ
1291 3174 1326 3206 V
1341 3174 1425 3216 vulq.
1453 3171 1466 3216 ΙΙ
1495 3174 1515 3206 9
1540 3172 1653 3205 dicant
1675 3173 1710 3206 R
1738 3172 1750 3217 [Ι
1780 3176 1820 3208 15
1850 3174 2007 3216 filiorum]
2039 3178 2148 3209 autem
2173 3177 2250 3210 add.
2273 3174 2358 3223 R’li

135 3224 178 3256 20
210 3215 328 3261 τούτῳ
355 3219 399 3252 Μ
423 3220 457 3252 in
489 3232 559 3253 nov.
584 3220 803 3259 LXXXIX]
836 3215 963 3252 τούτου
985 3219 1032 3252 Μ
1057 3219 1087 3251 Ιι.
1113 3219 1146 3260 ί.,
1183 3219 1215 3252 L
1283 3218 1422 3260 ceterae]
1447 3216 1471 3251 1.
1493 3219 1582 3251 certe
1604 3217 1655 3251 13²
1674 3231 1700 3252 s.
1725 3231 1753 3252 v.
1773 3217 1787 3263 ΙΙ
1806 3221 1845 3254 16
1868 3221 2087 3254 successiones
2110 3231 2216 3263 neque
2239 3232 2356 3255 uxores

137 3279 207 3301 nov.
224 3266 427 3298 LXXXIX
438 3265 450 3307 ss
469 3265 512 3298 24
523 3277 571 3307 sq.
590 3259 613 3306 ἥ
630 3276 671 3297 τε
694 3282 738 3288 ——
761 3259 783 3306 ή
805 3265 855 3304 τε]
880 3264 948 3296 sive
971 3283 1016 3287 —
1040 3263 1108 3296 sive
1131 3264 1166 3305 (i.
1187 3276 1214 3298 e.
1282 3263 1360 3305 R¹u
1389 3264 1427 3297 18
1452 3262 1555 3307 certe]
1581 3263 1642 3307 leq.
1660 3263 1773 3296 forte?
1791 3262 1804 3307 ΙΙ
1830 3265 1868 3298 19
1892 3267 2002 3298 autem
2020 3266 2070 3299 Va
2088 3264 2101 3310 ΙΙ
2116 3266 2323 3301 errariumR
2343 3265 2358 3312 ΙΙ

135 3310 207 3345 ,ἴτε
236 3330 279 3334 -
308 3309 391 3349 εἴτε)
423 3320 442 3345 ς
481 3308 493 3353 ΙΙ
532 3311 573 3343 25
605 3307 755 3350 νόθων]
788 3305 934 3342 παίδων
962 3309 1166 3342 LXXXIX
1203 3308 1215 3349 ΙΙ
1284 3309 1326 3341 20
1345 3318 1404 3340 nec
1418 3308 1517 3348 enim]
1532 3317 1608 3339 nam
1621 3317 1681 3340 nec
1701 3307 1755 3352 Vss
1772 3309 1934 3350 partimus
1954 3310 1998 3343 1⁷¹
2021 3310 2033 3354 ΙΙ
2050 3312 2090 3344 21
2106 3310 2210 3344 donee
2223 3311 2255 3345 ei
2267 3311 2356 3346 domi

135 3368 175 3390 τε
193 3369 252 3390 om.
273 3356 476 3388 LXXXIX
502 3353 514 3398 11
543 3355 585 3388 28
609 3351 758 3400 ὅσοιπερ
787 3355 989 3386 LXXXIX
1012 3352 1026 3398 Ι]
1063 3354 1104 3387 29
1126 3350 1216 3399 πρὸς
1283 3353 1333 3386 131
1352 3353 1382 3385 ei
1394 3352 1496 3385 donec
1509 3352 1598 3385 domi
1611 3351 1660 3386 132
1679 3352 1711 3385 ei
1725 3353 1813 3386 domi
1829 3354 1932 3387 donec
1947 3354 2022 3399 13³1!
2041 3356 2083 3389 22
2104 3355 2236 3398 degens]
2256 3366 2356 3400 agens

137 3415 195 3436 om.
216 3401 419 3434 LXXXIX
445 3398 457 3443 ΙΙ
481 3401 521 3434 31
544 3401 658 3441 σχοίη]
682 3400 756 3441 ἔχοι
775 3399 977 3431 LXXXIX
1003 3397 1016 3441 u
1046 3400 1088 3432 33
1113 3393 1213 3441 αὐτῷ
1284 3397 1333 3430 Βῑ
1349 3396 1361 3441 ΙΙ
1386 3399 1427 3432 23
1452 3398 1532 3430 haec
1555 3397 1731 3438 sancimus]
1754 3399 1932 3432 sanctimus
1956 3400 2018 3432 hoc
2040 3398 2102 3444 Ru
2132 3401 2266 3435 omnino
2288 3412 2355 3436 non

137 3460 195 3481 om,
220 3458 239 3483 ς
257 3446 270 3489 fl
286 3447 327 3480 35
352 3441 465 3487 αὐτῷ]
490 3445 538 3477 ita
562 3446 597 3484 (i.
612 3457 637 3477 e.
658 3439 767 3485 οὕτω)
793 3455 811 3479 ς
829 3443 840 3487 ΙΙ
859 3445 900 3477 36
926 3439 988 3476 ἐπ’
1015 3440 1138 3476 ἄλλαις
1157 3456 1215 3476 om.
1283 3442 1399 3475 indub.
1421 3442 1468 3476 1⁷¹
1485 3441 1497 3485 Ι]
1516 3442 1748 3476 *indubitatae
1760 3444 1852 3483 (sunt
1865 3445 1941 3477 add.
1955 3444 2056 3487 vulq.)
2068 3445 2139 3479 siue
2151 3445 2355 3481 concubinae

138 3491 245 3536 ς1139
269 3487 356 3534 ἡμῖν
380 3503 437 3523 om.
465 3483 665 3523 LXXXIX
679 3487 691 3534 ΙΙ
710 3491 751 3523 40
775 3485 881 3522 τοῦδε
906 3500 963 3522 om.
981 3488 1185 3522 LXXXIX
1203 3486 1215 3532 ΙΙ
1283 3487 1320 3519 in
1338 3487 1387 3529 (in
1404 3499 1462 3520 om.
1481 3486 1544 3528 R1)
1564 3487 1660 3520 domo
1681 3487 1813 3520 habitae
1837 3489 1915 3522 libri
1930 3487 1942 3532 ΙΙ
1958 3490 2000 3523 25
2020 3489 2129 3532 proles
2150 3488 2226 3536 V'fl
2244 3492 2285 3526 27
2300 3492 2354 3526 fu-

138 3539 180 3571 40
204 3549 252 3580 sq.
273 3533 451 3575 καθάπαξ
469 3534 560 3578 μετὰ
584 3534 662 3567 τῶν
681 3531 858 3567 τοιούτων
878 3529 1025 3567 παίδων
1046 3534 1106 3567 καὶ
1126 3530 1215 3567 παλ·
1284 3532 1372 3565 erint
1393 3544 1454 3565 scr.
1468 3531 1518 3564 R²
1530 3533 1564 3565 in
1577 3544 1643 3566 ras.
1657 3534 1746 3566 4—5
1767 3533 1824 3566 litt.
1842 3532 1856 3575 ΙΙ
1871 3534 1912 3566 30
1937 3534 2006 3575 aut]
2028 3535 2060 3568 et
2083 3544 2143 3568 nos
2162 3535 2213 3571 R·
2231 3534 2353 3580 “prae-

140 3578 260 3615 λακῶν
283 3577 548 3615 ἇπελαυνέσθω
571 3580 772 3613 LXXXIX
1285 3577 1470 3610 discedente
1493 3575 1554 3618 12²]
1586 3577 1810 3620 praediscente
1833 3577 1883 3610 R¹
1906 3577 2160 3620 praedeoedente
2183 3579 2233 3614 R³
2260 3591 2351 3624 prae—

151 3640 1214 3650 ————---—.—.——--
1286 3622 1419 3655 cedente
1440 3622 1574 3664 Vvuly.
1597 3621 1610 3666 ΙΙ
1636 3623 1676 3656 31
1702 3622 1769 3654 sint
1791 3623 1888 3666 υαίφ]
1919 3625 1997 3656 sunt
2017 3623 2124 3659 RVT
2143 3625 2158 3669 ss
2179 3628 2222 3660 34
2247 3628 2294 3668 et}
2316 3629 2355 3659 ut

191 3674 206 3705 1
232 3672 306 3705 ideo
325 3670 382 3715 Vn
401 3673 420 3705 3
445 3681 485 3703 ex
507 3670 592 3712 lege]
617 3671 730 3702 nostra
751 3681 778 3702 s.
799 3681 827 3702 υ.
849 3668 899 3701 132
914 3667 926 3712 ΙΙ
945 3670 965 3701 4
990 3667 1101 3709 etiam]
1126 3671 1159 3702 et
1181 3669 1217 3700 in
1284 3667 1334 3701 R³
1352 3665 1364 3710 ΙΙ
1380 3666 1614 3717 superinducat
1636 3667 1735 3717 vulo]
1760 3666 1897 3699 inducat
1910 3667 1964 3701 12³
1984 3668 2162 3703 infimatur
2175 3670 2225 3706 R¹
2248 3670 2356 3705 intro,

146 3716 322 3751 Heimbach
337 3715 350 3760 ΙΙ
368 3718 388 3750 5
411 3716 475 3758 ipsi
496 3716 530 3750 V
546 3714 559 3760 ΙΙ
575 3718 594 3750 6
618 3714 718 3748 solam
746 3726 806 3747 om.
825 3713 858 3747 R
873 3712 886 3758 ΙΙ
906 3715 922 3746 7
947 3713 1043 3756 prius
1065 3713 1142 3755 fuit]
1165 3724 1217 3747 so·
1249 3679 1253 3751 1
1285 3712 1384 3745 ducat
1404 3711 1491 3756 VTn
1510 3713 1549 3745 37
1575 3711 1677 3746 simili
1699 3712 1749 3744 1⁷⁰
1763 3710 1778 3757 ss
1794 3711 1987 3757 relinquens
2007 3727 2065 3748 om.
2089 3714 2139 3747 R·

2021 3770 2087 3805 1⁷*
