2618 4010
159 136 217 167 m*
245 133 456 167 FALcmrA

157 232 272 279 λήθης
309 234 356 268 Εἰ
390 231 431 268 δὲ
465 230 507 267 τὸ
542 227 814 278 ἀφαιρούμενον
843 233 950 279 μέρος
981 228 1082 278 παρὰ
1115 232 1179 264 τοῦ
1202 228 1253 274 μὴ

157 278 378 327 πληροῦντας
409 275 477 322 τὴν
505 278 569 312 τοῦ
604 273 884 320 τελευτήσαντος
914 274 1049 321 βουλὴν
1073 273 1252 323 πρότερον

156 323 335 373 ἠγάγομεν
369 326 431 358 ἐπὶ
461 321 544 358 τοὺς
566 318 903 365 ὑποκαταστάτους,
935 320 1062 356 ἔπειτα
1084 323 1146 356 ἐπὶ
1169 319 1253 355 τοὺς

157 368 472 418 συγκληρονόμους,
495 371 557 402 καὶ
578 363 654 412 μετ’
678 369 833 402 ἐκείνους
856 369 917 402 ἐπὶ
938 366 1173 414 ληγαταρίους
1191 368 1252 400 καὶ

159 413 544 462 φιὸεϊκομμισσαρίους,
576 416 637 447 καὶ
660 412 748 459 πρός
770 426 810 460 γε
834 415 894 447 καὶ
917 413 1066 454 οἰκέτας,
1090 409 1188 446 οὕτω
1212 425 1253 446 τε

158 461 221 497 ἐπί
241 461 311 503 τὴν
335 459 374 501 ἐξ
395 456 596 493 άδιαθέτου
620 457 746 501 κλῆσιν
769 461 830 492 καὶ
854 457 936 493 τοὺς
959 457 1105 499 ἔξωθεν
1127 460 1187 491 καὶ
1208 455 1251 492 τὸ

157 504 180 540 ὃ
238 503 333 539 ’σιον
364 503 546 549 ἤλθομεν,
582 501 646 538 οὐκ
681 501 754 538 ἀπὸ
785 504 923 551 τρόπου
956 504 1062 538 τοῦτο
1092 505 1252 558 γέγονεν,

157 519 249 586 origg
262 552 301 585 ἐκ
315 551 380 585 τοῦ
396 547 630 596 παρήκοντος,
655 546 738 583 οὐδὲ
759 547 807 584 ὠς
830 548 876 583 ἄν
895 562 981 583 τινα
997 551 1057 582 καὶ
1077 545 1254 583 διαλάθοι

157 595 199 631 τὸ
230 596 425 642 προςῆκον,
457 592 531 630 ἀλλ’
565 597 605 628 ἐκ
629 598 801 648 προνοίας
830 597 890 628 καὶ
915 592 1007 628 κατὰ
1030 592 1097 628 τὸν
1119 593 1252 647 νόμον·

1270 114 1296 161 5
1857 168 1862 173 ,
2115 118 2223 161 Nov.
2252 117 2274 159 I
2321 121 2356 161 1.
2388 121 2413 160 2

1321 230 1479 266 ablatam
1510 231 1650 275 partem
1673 238 1696 263 a
1719 239 1791 264 non
1817 229 2017 274 complente
2040 227 2224 264 morientis
2248 228 2414 264 volunta-

1322 278 1395 311 tem
1418 276 1519 321 prius
1542 273 1752 310 deduximus
1775 273 1822 309 ad
1842 273 2068 313 substitutos,
2094 272 2224 309 deinde
2242 274 2288 309 ad
2308 274 2415 310 cohe-

1319 322 1434 365 redes,
1457 324 1495 356 et
1514 323 1597 365 post
1619 319 1701 354 illos
1721 318 1767 354 ad
1787 319 1977 363 legatarios
1999 323 2034 354 et
2052 318 2414 362 fideicommissarios,

1319 377 1386 403 nec
1416 376 1489 402 non
1519 369 1556 401 et
1586 375 1727 407 servos,
1761 368 1797 399 et
1827 364 1879 400 ita
1910 364 1956 399 ad
1980 375 2054 406 eos,
2086 364 2148 408 qui
2171 365 2218 400 ab
2242 365 2414 401 intestato

1287 414 1305 445 5
1320 415 1506 454 vocantur,
1530 414 1567 446 et
1590 409 1637 445 ad
1660 414 1850 445 extraneos
1875 413 1982 455 atque
2006 409 2132 445 fiscum
2146 410 2317 453 venimus,
2343 421 2416 445 non

1321 457 1477 493 absurde
1509 457 1578 492 hoc
1609 455 1746 491 factum
1770 457 1826 490 est
1849 465 1917 490 nec
1939 455 2104 497 inaniter,
2130 466 2198 491 nec
2222 455 2326 500 quasi
2349 456 2415 491 ali-

1345 513 1428 538 uem
1450 503 1562 538 lateat
1586 501 1681 546 quod
1706 500 1818 543 decet,
1844 499 1907 535 sed
1931 510 1976 535 ex
1993 500 2217 545 providentia
2234 504 2271 536 et
2287 511 2415 537 secun-

1322 515 1404 584 dum
1436 548 1565 593 legem,
1604 550 1645 582 ut
1681 545 1789 581 finitis
1826 545 1980 590 primum
2016 545 2182 581 omnibus
2219 546 2417 582 secundum

1321 596 1538 630 testamenta
1561 591 1741 638 personis,
1774 591 1902 626 deinde
1926 591 2271 633 abrenuntiantibus,
2296 592 2348 627 ita
2371 592 2416 627 ad

157 643 218 676 ἴνα
246 643 536 694 πεπερασμένων
566 652 719 686 πρωτον
749 638 927 674 απάντων
958 639 1038 673 τῶν
1074 652 1167 673 κατα
1190 636 1253 690 τᾲς
1269 640 1308 671 10
1323 650 1401 675 eam
1426 648 1518 684 quae
1542 642 1598 674 est
1621 638 1667 673 ab
1691 636 1863 672 intestato
1894 636 2119 672 vocationem
2144 641 2180 671 et
2205 637 2294 673 alios
2320 638 2416 672 veni-

157 684 337 730 διαθήκας
355 697 574 734 προςωπων,
598 685 678 720 εἶτα
696 682 946 725 ἀπειπόντων,
971 680 1086 718 οὕτως
1107 685 1167 718 ἐπὶ
1185 697 1253 726 την

157 732 196 773 ἐξ
213 728 412 766 ἀδιαθέτου
434 730 560 774 κλῆσιν
577 733 637 765 καὶ
657 729 740 765 τοὺς
762 728 888 764 ἄλλους
907 725 1141 775 ἀφικώμεθα.
1174 725 1250 773 Ἐφ’

91 771 99 778 ’
155 776 332 812 ἁπάντων
353 775 403 818 δέ,
424 774 478 823 ἐφ’
506 768 560 810 ὧν
576 777 655 810 τῶν
671 777 1002 824 προγεγραμμένων
1018 771 1058 808 οὐ
1075 770 1250 820 πληρούν-

156 835 233 857 των
256 820 434 866 καλοῦμεν
458 818 479 865 ἣ
502 821 548 856 τὰ
572 823 610 855 ἐκ
636 822 698 855 τ”ς
722 817 900 898 διαθήκές
923 818 1100 866 πρόςωπα
1124 817 1146 862 ἢ
1170 817 1252 853 τοὺς

158 868 197 907 ἐξ
226 865 428 902 ἀδιαθέτου
458 870 519 901 καὶ
547 865 630 901 τοὺς
703 862 821 906 ιπούς,

155 910 334 947 τοιούτοις
370 910 574 960 προςώποις
608 910 781 958 γίνεσθαι
816 908 967 957 κληρονό
996 921 1048 944 οις
1083 912 1143 943 καὶ
1178 909 1252 944 adi-

157 959 271 993 tionos
293 957 374 1002 ἤτοι
403 968 468 1003 pro
491 956 622 992 herede
645 956 821 1001 gestionos
840 957 934 997 ἔχειν
978 958 1097 989 ι’καιον
1124 956 1254 995 (ταῦτα

157 1002 201 1046 δὴ
224 1001 270 1037 τὰ
293 1004 357 1038 τοῦ
382 1001 495 1048 νόμου
514 1002 681 1047 ῥήματα),
697 1003 758 1034 καὶ
780 997 827 1035 ὠς
847 998 1087 1047 κληρονόμους
1103 996 1254 1034 ἅπαντα

157 1047 349 1095 πράττειν,
379 1050 612 1101 έναγομένους
643 1059 682 1080 τε
695 1048 764 1100 ’καὶ
789 1043 1003 1098 ἐνάγοντας·
1027 1047 1135 1080 τοῦτο
1160 1041 1251 1091 ὅπερ

157 1097 216 1128 καὶ
241 1093 278 1128 οἱ
300 1092 540 1128 παλαιοτάτοι
562 1092 642 1126 τῶν
664 1104 790 1145 νομων
814 1093 853 1125 ἐκ
875 1102 938 1134 της
961 1091 1091 1125 οἰκείας
1117 1090 1249 1124 αὐθεν-
1266 1091 1307 1123 20
1323 1092 1370 1126 ad
1394 1091 1630 1127 hereditatem
1653 1091 1889 1126 vocabantur.

156 1143 234 1174 τίας
257 1137 438 1180 ἐδίδοσαν,
466 1140 526 1171 καὶ
549 1136 789 1183 κληρονόμους
812 1138 961 1171 ἐποίουν
984 1135 1066 1170 τοὺς
1089 1133 1173 1170 οὐδὲ
1196 1148 1250 1182 γε·

155 1198 178 1232 γ
203 1185 377 1229 αμμένους
408 1181 645 1229 κληρονόμους
678 1179 763 1216 οὐδὲ
785 1182 824 1222 ἐξ
846 1179 1048 1215 ἀδιαθέτου
1073 1181 1162 1228 πρὸς
1184 1179 1252 1215 τὸν

156 1243 176 1263 κ
199 1230 285 1277 ἢρον
314 1226 558 1272 καλουμένους.
618 1224 764 1261 Τούτων
795 1224 973 1262 ἁπάντων
1004 1225 1251 1275 κρατούντων,

155 1272 224 1309 κᾶν
252 1274 284 1308 εἰ
313 1272 362 1317 μὴ
393 1271 493 1319 παρὰ
523 1270 760 1326 κληρονόμου,
793 1272 893 1319 παρὰ
926 1270 966 1306 δὲ
990 1271 1205 1326 ληγαταρίου
1230 1269 1252 1315 ἢ

155 1317 519 1371 φιδεἰ’κομιιιισσαρίου,ἱ
535 1332 558 1362 η
580 1319 645 1352 τοῦ
668 1318 793 1354 mortis
819 1328 931 1352 causa
956 1315 1100 1365 ὃωρεαν
1119 1316 1249 1361 λαβόν-
1265 1319 1305 1351 25
1321 1318 1526 1355 substitutis
1561 1317 1742 1362 legatarii,
1778 1316 1994 1352 terminante
2030 1327 2114 1352 vero
2144 1317 2181 1351 in
2210 1317 2310 1353 fisco.

155 1375 213 1399 τος
244 1362 406 1407 δοθῆναί
432 1376 469 1398 τι
496 1377 518 1407 η
549 1364 726 1410 γενέσθαι
755 1360 774 1397 ὁ
801 1361 1018 1406 διαθέμενος
1042 1361 1250 1408 ἠβουλήθη’

153 1411 216 1452 τῆς
240 1407 349 1453 αὐτῆς
370 1407 505 1450 τάξεως
529 1406 708 1455 προφάσει
732 1410 810 1443 τῶν
833 1406 1113 1456 ἀφαιρουμένων
1136 1421 1250 1455 πραγ-

153 1452 282 1500 μάτων
322 1452 607 1499 φυλαττομένης,
644 1457 704 1488 καὶ
738 1452 933 1499 ἀρχομένης
968 1455 1037 1497 μὲν
1067 1451 1140 1488 άπὸ
1173 1457 1251 1488 τῶν

154 1497 472 1534 ὖποκαταστάτων
504 1501 568 1534 τοῦ
600 1498 834 1552 ληγαταρίόυ,
869 1498 1041 1554 ληγούσης
1073 1497 1114 1533 δὲ
1137 1500 1186 1533 εἰς
1208 1498 1250 1534 τὸ

1322 695 1452 720 remus.
1568 684 1611 719 In
1647 682 1813 719 omnibus
1849 683 1988 724 autem,
2031 681 2070 716 in
2106 682 2236 726 quibus
2273 682 2417 727 scriptis

1323 741 1397 766 non
1429 729 1694 774 complentibus
1725 738 1896 764 vocamus
1928 729 1993 762 aut
2025 737 2070 762 ex
2094 730 2309 763 testamento
2335 738 2416 780 per-

1322 786 1430 811 sonas
1462 778 1527 810 aut
1558 775 1603 810 ab
1636 774 1807 810 intestato
1843 776 1879 808 et
1911 777 2068 816 ceteros,
2099 772 2225 808 damus
2250 774 2417 809 omnibus

1322 820 1456 856 talibus
1494 820 1657 865 personis
1692 819 1771 855 fieri
1806 818 1956 854 heredes
1992 822 2028 853 et
2059 818 2227 854 aditionis
2258 820 2322 853 aut
2350 829 2415 863 pro

882 862 1007 909 ίδομεν
1039 862 1155 900 ἅπασι
1179 866 1253 898 τοῖς
1268 866 1307 898 15
1324 865 1453 902 herede
1483 865 1655 910 gestionis
1686 865 1822 900 habere
1850 863 1908 900 ius
1938 863 2041 906 (haec
2072 864 2166 899 enim
2195 863 2284 908 legis
2309 865 2418 899 verba

1323 914 1431 954 sunt),
1457 915 1493 946 et
1516 915 1687 956 tanquam
1710 909 1859 945 heredes
1877 909 1997 945 omnia
2014 919 2149 954 gerere,
2169 912 2206 944 et
2223 912 2416 945 conventos

1323 960 1359 992 et
1383 956 1650 992 convenientes:
1675 956 1746 991 hoc
1771 954 1867 1000 quod
1893 955 2000 990 etiam
2027 954 2296 999 antiquissimae
2321 955 2417 999 leges

1324 1012 1368 1036 ex
1390 1002 1540 1047 propria
1564 1001 1779 1037 auctoritate
1802 1001 2050 1045 praestabant,
2075 1004 2110 1035 et
2132 1000 2282 1035 heredes
2306 1000 2416 1035 facie-

1321 1049 1410 1083 bant
1434 1057 1506 1088 eos,
1532 1046 1593 1091 qui
1605 1056 1720 1091 neque
1734 1045 1860 1090 scripti
1874 1045 2024 1082 heredes
2044 1055 2161 1090 neque
2178 1045 2224 1080 ab
2244 1045 2416 1081 intestato

1982 1090 2049 1126 His
2069 1090 2235 1126 omnibus
2255 1090 2416 1126 obtinen-

1321 1137 1428 1179 tibus,
1453 1137 1538 1172 licet
1559 1147 1634 1172 non
1658 1137 1704 1172 ab
1729 1136 1871 1180 herede,
1897 1135 1960 1171 sed
1983 1146 2006 1171 a
2029 1136 2203 1180 legatario
2228 1138 2293 1172 aut
2316 1136 2416 1171 fidei-

1321 1182 1564 1218 commissario
1590 1185 1653 1217 aut
1672 1181 1797 1217 mortis
1815 1191 1928 1216 causa
1947 1181 2167 1226 percipiente
2187 1181 2266 1217 dari
2282 1181 2418 1235 aliquid

1321 1232 1385 1263 aut
1408 1227 1487 1272 fieri
1510 1230 1663 1263 testator
1687 1226 1855 1269 voluerit3
1881 1226 2005 1262 eodem
2026 1227 2150 1262 ordine
2170 1227 2207 1262 in
2226 1237 2417 1262 occasione

1321 1273 1525 1309 ablatarum
1555 1283 1674 1307 rerum
1704 1271 1897 1314 servando,
1929 1275 1966 1307 et
1989 1271 2183 1307 incohante
2207 1272 2349 1316 quidem
2368 1273 2416 1352 {b

1321 1364 1441 1399 nullus
1479 1363 1574 1399 hanc
1609 1364 1723 1407 legem
1759 1362 1886 1397 duram
1915 1361 2051 1397 habeat
2079 1365 2251 1406 tanquam
2281 1363 2416 1398 relictis

1321 1409 1497 1454 privatus,
1527 1408 1592 1445 sed
1623 1407 1874 1449 considerans,
1908 1407 1993 1452 quia
2026 1407 2191 1443 omnibus
2215 1408 2416 1443 hominibus

1320 1455 1495 1490 terminus
1520 1458 1574 1490 est
1596 1454 1692 1489 vitae
1716 1463 1823 1495 mors,
1857 1463 1931 1488 non
1960 1453 2077 1488 solum
2101 1453 2146 1488 ab
2171 1453 2251 1488 aliis
2276 1453 2354 1498 ipse
2378 1464 2418 1488 se

1320 1500 1507 1545 percipere
1533 1499 1808 1543 contempletur,
1834 1498 1898 1534 sed
1916 1499 2059 1543 cogitet,
2085 1498 2169 1543 quia
2187 1502 2223 1533 et
2241 1498 2320 1543 ipse
2337 1498 2417 1533 aliis

154 1542 346 1599 δημόσιον.ξ
386 1547 459 1578 Καὶ
488 1542 611 1590 μηδεὶς
643 1557 733 1591 προς
763 1557 830 1579 τον
846 1557 967 1600 ,νυμον
991 1543 1250 1600 δυςχεραινέτω
1265 1546 1306 1578 30
1320 1556 1474 1581 moriens
1506 1545 1714 1590 imperabit,
1749 1548 1786 1579 et
1816 1544 1848 1580 si
1878 1554 1952 1579 non
1981 1544 2089 1579 huius
2118 1543 2205 1587 legis
2238 1546 2418 1579 mereatur

154 1603 296 1632 τουτον,
318 1602 367 1625 ως
385 1591 464 1625 τῶν
484 1588 822 1635 καταλελειμμένων
836 1601 1155 1638 αποστερουμενος,
1173 1587 1248 1624 ἀλλ’

155 1637 305 1678 ἐννοῶν,
337 1632 386 1670 ὥς
408 1633 547 1670 ἅπασιν
569 1632 785 1682 ἀνθρώποις
808 1639 920 1683 πέρας
943 1638 1021 1670 ἐστὶ
1044 1637 1109 1670 τοῦ
1130 1639 1212 1680 βίου
1230 1632 1250 1669 ὁ

154 1678 326 1724 θάνατος,
349 1680 398 1724 μὴ
421 1680 535 1725 μόνον
552 1680 594 1715 τὸ
613 1679 697 1726 παρ’
723 1681 858 1728 ἑτέρων
877 1678 984 1716 αὐτὸς
1003 1680 1130 1726 λαβεῖν
1154 1682 1250 1715 θεω-

154 1730 273 1773 ρείτω,
297 1730 557 1775 προςεννοείτω
577 1725 626 1768 δέ,
643 1722 701 1761 ὅτι
718 1729 779 1760 καὶ
796 1724 903 1761 αὐτὸς
923 1726 1054 1773 ἑτέροις
1074 1725 1253 1761 τελευτῶν

1321 1591 1512 1634 auxilium,
1544 1590 1633 1625 nihil
1664 1590 1811 1633 horum,
1843 1599 1935 1634 quae
1967 1600 2048 1624 cum
2081 1589 2177 1624 omni
2201 1588 2321 1625 studio
2345 1589 2415 1624 dis-

1321 1639 1503 1682 posuerat,
1527 1636 1574 1671 ad
1597 1635 1795 1680 perfectum
1811 1634 1996 1680 perducet.
2044 1634 2127 1670 Non
2152 1634 2246 1670 enim
2264 1634 2333 1676 his,
2358 1635 2417 1678 qui

1321 1682 1388 1717 sub
1423 1681 1527 1716 nobis
1567 1691 1683 1726 neque
1720 1681 1782 1725 qui
1812 1690 1910 1716 nnnc
1941 1680 2056 1716 solum
2086 1682 2171 1715 sunt
2199 1680 2415 1722 hominibus,

1321 1726 1386 1763 sed
1415 1727 1511 1762 omni
1541 1730 1577 1762 et
1606 1728 1692 1772 post
1722 1726 1813 1762 haec
1843 1725 2001 1762 currenti
2033 1726 2185 1771 tempori
2215 1725 2328 1771 legem
2351 1736 2415 1771 po-

155 1771 334 1814 έπιτάξει,
363 1774 423 1805 καὶ
454 1772 486 1805 εἰ
518 1770 567 1826 μὴ
590 1773 653 1826 τῇς
677 1771 777 1824 παρᾲ
799 1769 906 1806 τοῦδε
929 1774 993 1806 τοῦ
1018 1771 1130 1826 νόμου
1153 1768 1253 1814 τύχοι
1266 1774 1307 1806 35
1321 1773 1450 1808 nimus.

154 1817 344 1862 βοηθείας,
376 1814 483 1851 οὐδὲν
516 1830 572 1851 ων
602 1830 649 1851 αν
687 1831 779 1872 μετα
802 1815 972 1870 ἱσπουδῆς
1005 1815 1146 1860 απάσης
1177 1815 1252 1851 δια-

154 1860 311 1903 τάξειεν,
343 1863 391 1896 εἰς
422 1863 531 1910 ἔργον
561 1860 650 1903 ἄξει.
698 1875 738 1896 ου
770 1875 839 1917 γαρ
863 1866 937 1897 τοῖς
962 1860 1015 1909 ἐφ’
1043 1860 1148 1908 ἡμῶν
1171 1860 1254 1896 οὐδὲ

154 1911 227 1942 τοῖς
255 1908 323 1941 νῦν
353 1903 468 1951 μόνον
491 1905 715 1952 ἀνθρώποις,
749 1906 840 1942 ἀλλα
862 1910 976 1943 παντὶ
1000 1911 1061 1942 καὶ
1084 1908 1138 1952 τῷ
1162 1905 1254 1953 μετὰ

155 1954 274 1987 ταῦτα
297 1953 417 1999 ῥέοντι
441 1953 714 1998 νομοθετοῦμεν
737 1952 870 1999 χρόνῳ.

1159 2009 1316 2046 CAPUT
1341 2010 1387 2044 II.

199 2060 230 2100 e·
251 2064 445 2119 Ἐντεῦθεν
468 2062 556 2120 ἡμᾴς
579 2064 849 2120 εῐςῆλθεΙβουλὴ
871 2069 935 2101 καί
954 2078 1009 2100 τις
1032 2067 1158 2100 ἔννοια
1182 2068 1245 2101 τοῦ
1260 2070 1303 2102 40
1362 2066 1455 2102 Hinc
1487 2066 1591 2102 nobis
1627 2067 1788 2112 ingressa
1820 2070 1876 2102 est
1912 2078 2000 2102 cura
2030 2071 2066 2102 et
2097 2067 2272 2112 quaedam
2297 2067 2413 2103 consi-

156 2110 351 2146 Φαλκιδίσυ
375 2124 497 2156 νομου,
521 2122 558 2145 ος
581 2114 642 2144 καὶ
665 2124 834 2145 ακοντων
857 2112 936 2146 τῶν
961 2109 1244 2156 διατιθεμένων,

1314 2112 1453 2147 deratio
1487 2111 1671 2147 Falcidiae
1703 2112 1802 2157 legis,
1837 2123 1929 2157 quae
1954 2112 2061 2147 etiam
2086 2113 2206 2148 invitis
2231 2113 2413 2148 testatori-

155 2194 264 2233 tutos,
287 2189 416 2227 deinde
439 2189 490 2226 ad
509 2189 713 2232 coheredes,
737 2195 778 2225 at
803 2201 848 2226 ue
869 2194 959 2236 post
979 2202 1042 2227 eos
1065 2190 1116 2227 ad
1138 2191 1342 2238 leqatarios
1364 2195 1401 2226 et
1422 2191 1789 2237 fideicommissarios‚
1814 2202 1860 2226 ac
1866 2197 2065 2238 praeterea
2085 2191 2136 2228 ad
2149 2203 2275 2228 servos
2297 2197 2413 2228 trans-

157 2235 318 2278 tulimus,
351 2235 476 2282 itaque
495 2234 546 2271 ad
568 2246 631 2271 eos
659 2235 724 2282 qui
747 2246 770 2270 a
821 2235 994 2272 intestato
1027 2240 1206 2273 vocantur
1239 2239 1276 2272 et
1303 2241 1505 2272 extraneos
1528 2248 1573 2272 ac
1592 2237 1724 2282 fiscum
1749 2236 1924 2279 venimus,
1956 2236 1996 2272 id
2019 2248 2094 2273 non
2119 2242 2249 2274 temere
2270 2238 2414 2283 factum

154 2285 210 2318 est
237 2292 354 2328 neque
375 2280 646 2317 inconsiderate
669 2291 786 2326 neque
809 2280 916 2326 quasi
940 2292 1046 2326 quem
1071 2281 1186 2317 lateat
1208 2281 1309 2327 quod
1331 2282 1549 2318 conveniens
1572 2285 1637 2324 est,
1662 2292 1786 2317 verum
1809 2282 1976 2318 consulto
2000 2287 2038 2318 et
2058 2282 2256 2318 secundum
2280 2283 2314 2318 le
2340 2294 2415 2318 em.-

154 2331 197 2362 ut
212 2325 430 2378 perquisitis
454 2325 567 2372 prius
590 2325 756 2360 omnibus
779 2324 951 2371 deinceps
966 2326 1143 2372 personis
1167 2329 1380 2361 testamento
1405 2327 1480 2361 scri
1508 2327 1565 2369 tis,
1596 2327 1714 2372 iisque
1736 2327 2001 2370 recusantibus,
2025 2327 2079 2363 ita
2102 2327 2244 2363 demum
2267 2339 2290 2363 a
2339 2339 2413 2370 eos,

157 2382 220 2417 qut
245 2370 290 2406 ab
314 2370 488 2406 intestato
513 2373 703 2411 vocantur,
728 2373 939 2414 ceterosque
954 2370 1242 2416 perveniremus.
1290 2369 1338 2404 In
1362 2371 1460 2405 omni
1483 2382 1527 2406 us
1549 2382 1635 2407 vero
1660 2370 1816 2414 casibus,
1840 2371 1904 2407 ubi
1923 2372 2031 2418 prius
2053 2373 2204 2419 scriptis
2223 2372 2415 2409 heredibus

156 2426 231 2451 non
261 2413 494 2461 implentibus
523 2424 586 2450 eas
610 2422 816 2460 personas,
848 2424 943 2460 quae
967 2413 1022 2449 vel
1053 2425 1103 2450 ex
1127 2418 1340 2450 testamento
1365 2415 1422 2450 vel
1444 2415 1489 2450 ab
1512 2415 1686 2451 intestato
1711 2415 1870 2458 veniunt,
1895 2421 1933 2452 et
1954 2421 2095 2452 ceteras
2118 2428 2301 2460 vocamus,
2327 2429 2412 2453 eon-

157 2459 315 2496 cedimus
345 2458 510 2495 omnibus
541 2457 717 2494 eiusmodi
745 2457 917 2504 personis
946 2457 1097 2495 heredes
1124 2459 1212 2504 fieri
1247 2462 1358 2505 atque
1382 2458 1557 2495 aditionis
1579 2460 1654 2497 sive
1675 2470 1747 2507 pro
1773 2459 1904 2496 herede
1927 2461 2106 2513 qestionis
2131 2464 2243 2514 (quae
2266 2463 2411 2515 quidem

157 2504 267 2542 verba
290 2504 383 2551 leqis
404 2507 504 2543 sunt)
527 2503 586 2539 ius
609 2503 753 2545 habere,
779 2503 974 2555 omniaque
1000 2507 1185 2550 tamquam
1210 2503 1362 2540 heredes
1383 2516 1507 2551 aqere,
1530 2505 1605 2541 sive
1630 2505 1893 2541 conveniantur
1905 2517 1981 2542 sive
1998 2511 2239 2549 conveniant,·
2260 2507 2301 2542 id
2313 2508 2414 2554 quod

156 2549 430 2595 antiquissimae
452 2549 560 2585 etiam
584 2548 682 2595 leqes
703 2559 754 2584 ex
774 2559 933 2628 prqpna
956 2549 1177 2584 auctoritate
1199 2548 1339 2585 dabant
1361 2548 1510 2586 heredes
1536 2561 1582 2585 ue
1602 2550 1795 2596 faciebant
1816 2561 1890 2593 eos,
1923 2552 1988 2597 qui
2011 2562 2128 2598 neque
2150 2552 2225 2588 scri
2254 2553 2282 2588 ti
2305 2559 2413 2589 erant

155 2594 305 2631 heredes
336 2604 453 2640 neque
476 2593 522 2630 ab
545 2593 719 2629 intestato
743 2593 794 2628 ad
850 2592 1062 2630 ereditatem
1084 2593 1318 2630 vocabantur.
1366 2595 1486 2641 Atque
1535 2605 1601 2631 aec
1625 2595 1747 2631 omnia
1771 2595 1969 2639 obtineant,
1994 2596 2079 2633 licet
2100 2608 2175 2633 non
2198 2609 2221 2633 a
2269 2597 2411 2640 herede,

153 2639 219 2676 sed
240 2651 264 2675 a
288 2638 469 2686 leqatario
494 2642 560 2674 aut
578 2637 917 2684 fideicommissario
942 2642 1008 2675 aut
1029 2639 1159 2675 mortis
1182 2650 1295 2675 causa
1319 2638 1516 2676 donatario
1541 2640 1626 2675 dari
1652 2640 1744 2687 quid
1759 2641 1886 2686 fierive
1910 2645 2064 2678 testator
2079 2642 2259 2685 voluerit;
2287 2642 2411 2679 eodem

155 2684 283 2721 ordine
304 2684 344 2719 in
367 2694 479 2720 causa
501 2694 624 2720 rerum
647 2682 935 2730 auferendarum
957 2684 1150 2726 servando,
1174 2688 1216 2720 ut
1238 2695 1262 2719 a
1284 2684 1490 2721 substitutis
1512 2685 1656 2732 quidem
1680 2685 1872 2732 leqatariis
1893 2686 2060 2733 incipiat,
2083 2687 2123 2722 in
2143 2688 2235 2733 fisco
2251 2699 2336 2724 vero
2352 2687 2411 2724 de-

153 2730 262 2766 sinat.
309 2728 387 2765 Nec
410 2729 601 2775 quisquam
624 2728 799 2765 adversus
814 2728 910 2765 hanc
933 2728 1047 2776 leqem
1069 2728 1291 2776 indiqnetur,
1341 2729 1417 2765 uod
1437 2730 1495 2773 iis,
1519 2741 1614 2777 quae
1628 2730 1759 2767 relicta
1774 2734 1871 2774 sunt,
1891 2732 2071 2779 privetur,
2095 2732 2160 2769 sed
2175 2732 2412 2769 considerans

155 2774 319 2810 omnibus
341 2773 546 2810 hominibus
565 2774 674 2819 finem
698 2774 793 2810 vitae
817 2785 894 2810 esse
917 2779 1068 2811 mortem
1097 2786 1172 2810 non
1203 2773 1244 2810 id
1264 2785 1306 2810 so
1322 2785 1382 2810 um
1405 2779 1553 2822 spectet,
1577 2779 1620 2811 ut
1642 2776 1688 2811 ab
1712 2775 1797 2811 aliis
1831 2777 1910 2823 ipse
1933 2777 2105 2824 accipiat,
2129 2777 2196 2814 sed
2210 2782 2410 2825 praeterea

108 2835 110 2837 ’
154 2820 291 2866 coqitet
320 2830 360 2856 se
388 2823 427 2856 et
455 2819 575 2866 ipsum
612 2819 830 2855 moriturum
860 2819 945 2855 aliis
973 2824 1179 2867 praecepta
1213 2819 1403 2862 daturum,
1439 2831 1484 2855 ac
1519 2820 1592 2856 nisi
1623 2821 1806 2857 auxilium
1844 2821 1889 2857 ab
1922 2821 1992 2857 hac
2023 2822 2102 2869 leqe
2135 2822 2286 2866 habeat,
2318 2823 2411 2859 nihil

154 2876 279 2902 corum
309 2875 404 2916 quae
434 2875 515 2899 cum
551 2864 649 2900 omni
678 2863 800 2901 studio
834 2863 892 2900 dis
919 2865 1057 2901 osuerit
1085 2865 1135 2900 ad
1164 2865 1305 2901 exitum
1335 2875 1413 2901 esse
1440 2865 1715 2912 perducturum.
1763 2865 1850 2902 Non
1880 2867 1975 2903 enim
1998 2867 2045 2903 iis
2070 2871 2229 2911 tantum,
2252 2869 2319 2920 qui
2340 2869 2406 2904 sub

153 2913 281 2946 nostro
303 2909 470 2956 imperio,
493 2909 550 2945 vel
571 2909 636 2955 qui
658 2920 755 2944 nunc
776 2913 864 2945 sunt
912 2909 1101 2952 ominibus,
1133 2909 1198 2946 sed
1221 2910 1320 2945 omni
1342 2910 1451 2945 etiam
1502 2910 1629 2946 osthac
1652 2910 1860 2947 decurrenti
1885 2913 2039 2964 tempori
2063 2913 2161 2959 leqes
2181 2914 2348 2959 ferimus.

289 2954 334 2990 ΙΙ.
372 2954 469 2989 Hinc
492 2965 560 2989 nos
584 2954 774 2990 consilium
797 2959 833 2990 et
857 2954 1102 2990 consideratio
1127 2955 1253 3000 aliqua
1286 2954 1377 3000 leqis
1400 2955 1456 2990 Fa
1472 2955 1589 2991 cidiae
1611 2955 1733 2998 subiit,
1758 2967 1854 3002 quae
1876 2957 2001 2994 invitis
2024 2959 2133 2993 etiam
2159 2959 2407 3000 testatoribus,

205 3038 217 3069 1
244 3034 302 3076 Εἰ]
319 3038 354 3072 a?
373 3034 406 3069 A
423 3036 457 3069 in
479 3047 542 3078 mq.
572 3034 584 3077 11
601 3036 619 3067 2
644 3030 820 3077 βούλησιν
834 3034 869 3067 Β
885 3032 898 3078 11
917 3035 936 3067 3
961 3033 1039 3067 εἶτα
1062 3035 1094 3067 Α
1110 3033 1121 3078 11
1141 3037 1160 3067 5
1186 3036 1246 3067 καὶ

155 3088 230 3114 ante
253 3079 391 3113 οἰκέτας
420 3092 479 3113 om.
503 3080 535 3112 A
553 3078 566 3123 11
593 3074 708 3112 οὕτως
730 3076 846 3118 (οὔτοι
869 3091 910 3112 m.
935 3080 962 3120 1)
986 3090 1026 3112 τε
1049 3079 1093 3120 Α,
1123 3091 1163 3112 τε
1186 3092 1245 3112 om.

157 3126 198 3158 M
219 3124 232 3169 11
251 3127 272 3158 6
296 3123 361 3159 τὸν
385 3120 559 3167 δημόσιον
581 3124 614 3157 Α
629 3123 641 3168 11
662 3125 680 3156 7
702 3120 774 3158 ἄπο
798 3119 934 3169 τρόπου
959 3124 1065 3157 MLA
1090 3119 1247 3162 (ἀτόπως

157 3170 216 3210 L2)
242 3168 255 3214 11
286 3171 306 3202 9
335 3166 428 3202 κατὰ
458 3165 572 3212 νόμον
602 3170 634 3201 A
663 3168 676 3213 11
706 3171 746 3202 10
778 3170 1054 3214 πεπερασμένον
1084 3169 1116 3201 A
1143 3168 1156 3212 11
1184 3166 1247 3202 τὰς

154 3228 214 3248 om.
238 3215 270 3248 A
291 3213 304 3258 11
338 3217 372 3248 11
407 3209 533 3255 οὕτως]
564 3208 661 3246 οὕτω
693 3214 734 3246 τὲ
756 3214 788 3246 L
804 3212 816 3258 11
840 3214 878 3247 12
903 3210 1140 3258 ἀφικώμεθα]
1166 3211 1246 3255 κλη·

153 3267 325 3317 ρονόμους
337 3271 453 3304 add.A
472 3269 485 3314 11
498 3265 588 3315 Ἐφ’]
602 3264 743 3322 {Asu
765 3282 826 3313 my.
846 3268 859 3318 11
883 3271 923 3336 13
947 3264 1006 3315 ὑφ’
1033 3259 1087 3322 ὧν
1110 3273 1149 3302 τί
1169 3270 1247 3303 τῶν

153 3315 496 3402 ἶὲγὲἒμέἕῖἔῖεᾭτΐυ]
507 3312 917 3405 ’,κιῗέἕὲἕῖἷῖἔῖἷωᾎ
932 3311 1247 3403 ,ι’ῗέιρῖᾭῖῗδῖῗςομ

152 3419 220 3450 μεν
245 3407 322 3438 add.
344 3406 376 3438 A
404 3404 417 3450 11
436 3407 476 3439 16
508 3401 747 3451 κληρονόμους
769 3405 839 3437 AB
864 3405 910 3446 (ς)
934 3405 946 3448 11
964 3405 1130 3438 aditionos
1154 3402 1246 3447 (ἦτοι

123 3468 125 3470 -
153 3447 430 3485 υπεισελεύσεως
458 3450 506 3484 Μ
529 3463 556 3483 s.
574 3450 624 3491 υ.)
655 3450 728 3482 ML
782 3445 1012 3496 άὸερατίονος
1043 3451 1074 3482 A
1105 3445 1245 3483 ὑπεισε-

155 3492 306 3529 λεύσεως
320 3496 356 3528 Β
373 3494 387 3540 11
405 3497 444 3528 17
457 3505 519 3537 pro
543 3493 663 3527 herede
682 3494 871 3536 geretionos
887 3495 1068 3566 grovve'a‘tt
1079 3492 1244 3540 κληρονο-

908 3545 923 3566 c
964 3543 1086 3566 astionis

153 3576 236 3617 μίας
266 3569 496 3620 εγχειρῆσεως
530 3586 556 3606 s.
588 3574 632 3611 v.)
665 3573 714 3606 M
762 3545 1073 3618 prbneregegtronlc
1109 3574 1182 3615 (sic)
1211 3574 1244 3606 L

154 3621 251 3660 (corr.
275 3632 315 3652 m.
332 3621 362 3660 2)
393 3615 795 3664 προκερεδεκερετίωνος
817 3619 849 3652 A
878 3616 1113 3675 κληρονομίας
1137 3619 1243 3664 ἐγχει-

155 3661 289 3706 ρήσεως
311 3664 348 3697 Β
368 3662 383 3707 11
408 3663 524 3697 ταῦτα
554 3660 599 3705 δὴ
628 3663 692 3695 τοῦ
721 3660 833 3706 νόμου
863 3661 909 3697 τὰ
941 3659 1084 3710 ρῆματα
1114 3664 1146 3696 L
1172 3662 1242 3707 1119

154 3708 262 3741 τοῦτο
275 3721 334 3742 om.
345 3710 377 3742 A
395 3709 408 3753 11
424 3710 466 3741 20
475 3708 552 3741 τῶν
567 3704 704 3751 νόμων]
718 3704 824 3752 νόμοι
836 3708 917 3742 L²A
932 3709 945 3752 11
963 3710 1001 3742 21
1019 3705 1113 3749 οὐδὲ]
1127 3706 1177 3753 μὴ
1187 3709 1219 3742 A
1230 3707 1243 3750 11

1315 3037 1357 3068 24
1382 3031 1461 3075 κᾶν]
1495 3036 1555 3067 καὶ
1579 3036 1610 3068 A
1633 3035 1645 3079 11
1670 3037 1714 3069 25
1739 3032 1762 3078 ἢ
1791 3036 1856 3069 τοῦ
1884 3033 2007 3080 μόρτις
2036 3037 2153 3071 καῦσα
2183 3034 2324 3090 δωρεὰν
2349 3037 2409 3072 λα·

1314 3076 1462 3122 βόντων
1486 3080 1534 3113 Μ
1572 3077 1833 3125 τυμορτισσάος
1862 3079 2039 3126 λαβόντος
2068 3084 2111 3135 Α)
2146 3078 2168 3124 ἢ
2198 3095 2261 3116 του
2292 3081 2407 3116 θανά-

1314 3135 1379 3157 του
1411 3123 1511 3157 αἶτία
1541 3121 1718 3168 λαβόντος
1740 3126 1772 3160 L
1797 3127 1844 3168 (ς)
1874 3122 1896 3169 ἢ
1924 3127 1989 3160 τοῦ
2014 3125 2190 3171 λαβοντος
2213 3127 2314 3170 αἰτίᾳ
2336 3129 2406 3161 θα-

1315 3166 1425 3202 νάτου
1450 3169 1486 3202 Β
1508 3168 1521 3213 11
1552 3171 1594 3203 29
1630 3167 1697 3203 τὸν
1721 3166 1896 3213 δημόσιον
1919 3173 1951 3205 A
1975 3171 2046 3215 1130
2069 3172 2200 3205 τοῦτον
2223 3169 2408 3218 δυσχεραι-

1314 3215 1410 3247 νέτω
1432 3215 1465 3247 A
1491 3213 1503 3258 11
1526 3215 1567 3248 32
1599 3209 1620 3248 ὃ
1650 3227 1709 3248 om·
1734 3216 1832 3260 LAu
1858 3218 1901 3251 34
1931 3219 1992 3249 καὶ
2016 3212 2135 3257 αὐτὸς]
2167 3219 2227 3250 καὶ
2252 3230 2311 3252 om.
2337 3219 2369 3251 L
2393 3214 2407 3261 11

1316 3261 1357 3292 35
1383 3259 1443 3300 τῆς
1467 3257 1566 3304 παρὰ
1589 3256 1696 3292 τοῦδε
1720 3261 1920 3306 Homber9k‚
1952 3259 2052 3308 παρὰ
2075 3262 2136 3303 τῆς
2161 3263 2196 3300 (τ
2219 3264 2253 3296 in
2278 3263 2325 3297 Iit.
2349 3263 2407 3303 M)

1315 3300 1421 3336 τοῦδε
1452 3303 1531 3336 ΜΒ
1577 3301 1677 3348 παρὰ
1706 3304 1768 3347 τῆς
1790 3306 1823 3339 A
1869 3304 1968 3351 παρὰ
1997 3303 2105 3339 τοῦδε
2128 3307 2161 3339 L
2186 3306 2198 3349 11
2229 3302 2317 3350 τύχη
2341 3309 2372 3340 Α
2395 3309 2407 3352 11

1317 3350 1359 3383 36
1382 3347 1588 3387 ἐπιτάξοιεν
1611 3350 1658 3388 (in
1683 3362 1746 3394 my.
1778 3346 2035 3391 [ὃια]τάξοιεν7
2059 3352 2156 3390 corr.)
2180 3352 2211 3385 A
2230 3351 2300 3396 1137
2326 3350 2407 3392 ἄξοι

1314 3394 1346 3427 A
1378 3392 1450 3433 ἕξει
1473 3393 1523 3426 L¹
1548 3392 1561 3438 11
1582 3390 1623 3427 οὗ
1655 3391 1724 3441 γὰρ
1747 3394 1826 3428 τῶν
1850 3391 2034 3440 ἐφ’-ὑμῶν
2063 3391 2148 3429 οὐδὲ
2175 3396 2253 3430 τῶν
2276 3399 2315 3430 Α
2333 3396 2404 3442 1139

1314 3438 1442 3476 ταῦτα]
1467 3438 1508 3471 τὲ
1532 3439 1609 3472 add.
1623 3440 1662 3472 A'
1683 3438 1695 3483 11
1718 3441 1762 3474 40
1786 3443 1875 3474 rubr.
1900 3442 1927 3483 β
1949 3441 2032 3486 περὶ
2057 3437 2290 3485 φαλκιὸίουΕ
2304 3466 2404 3476 .....

1314 3479 1502 3529 φαλκιὸίου
1525 3483 1558 3517 A
1575 3479 1688 3528 11·ἦμῖν
1711 3485 1744 3517 A

1361 3542 1400 3574 15
1427 3539 1605 3581 gerationis
1632 3540 1676 3574 R¹
1693 3539 1706 3584 11
1734 3543 1771 3574 1Ί
1799 3539 1929 3585 *quodJ
1954 3541 2089 3583 quidem
2110 3541 2123 3587 11
2151 3544 2193 3577 23
2218 3535 2403 3578 ocu-iffi

1324 3585 1366 3617 V¹
1382 3584 1394 3629 11
1413 3586 1456 3618 25
1471 3584 1672 3627 *legatariis
1689 3585 1702 3629 11
1725 3586 1869 3618 termino
1893 3587 1962 3620 ΒΤ
1967 3587 1997 3620 V
2018 3585 2031 3630 11
2053 3588 2096 3622 26
2127 3588 2225 3629 hanc]
2250 3589 2292 3622 ob
2316 3590 2403 3622 hanc

1313 3630 1346 3663 R
1361 3628 1374 3673 11
1394 3631 1434 3663 27
1456 3629 1598 3672 priuatis
1612 3630 1713 3663 R¹V¹
1728 3630 1741 3675 11
1760 3631 1804 3664 28
1828 3633 1909 3671 non]
1936 3633 1969 3664 et
1992 3642 2060 3665 non
2074 3631 2170 3677 RTn
2185 3643 2219 3666 se
2243 3647 2301 3668 om.
2323 3634 2367 3669 1⁷¹
2391 3636 2403 3675 ΙΙ

1313 3676 1355 3708 30
1380 3675 1409 3707 si
1440 3676 1521 3715 non]
1552 3675 1619 3708 nisi
1649 3675 1681 3708 V
1699 3674 1712 3719 11
1738 3677 1778 3709 31
1806 3686 1881 3708 cum
1913 3677 2016 3718 omni]
2050 3678 2219 3710 communi
2244 3680 2295 3712 Ra
2318 3677 2332 3723 11
2358 3680 2398 3713 34

1312 3720 1392 3753 haec
1418 3731 1475 3753 om.
1508 3718 1568 3764 Vll
1583 3722 1626 3755 40
1651 3722 1740 3754 rubr.
1766 3720 1807 3754 ad
1830 3720 1938 3764 legem
1961 3721 2147 3755 Falcidiam
2184 3723 2213 3756 V
