2618 4010
161 161 430 198 DONATIONIS
459 161 609 201 NEQUE
638 160 941 192 HYPOTHECAE

163 266 188 303 2
234 262 424 300 κάνταῦθα
449 262 633 310 γινέσθω,
681 265 741 296 καὶ
766 263 797 296 εἰ
821 265 1063 297 συναινέσειεν
1093 259 1114 305 ἡ
1145 259 1244 309 γυνή,

164 311 256 345 κατὰ
285 309 326 345 τὸ
355 310 433 344 τῶν
464 308 758 344 intercessionum
789 310 905 353 σχῆμα
935 311 1032 342 ἔστω
1057 306 1246 343 παντελῶς

165 356 318 402 ἀζήμιος,
341 355 373 389 εἰ
393 354 444 400 μὴ
467 357 527 388 καὶ
544 352 727 401 δευτέραν,
753 354 923 401 καθάπερ
945 354 1108 389 εἰπόντες
1128 353 1243 399 ἔφθη-

164 416 241 448 μεν,
267 399 457 444 ποιήσαιτο
483 403 703 435 συναίνεσιν.
748 398 863 435 πολλὰ
885 397 1020 455 γὰρκᾶν
1042 401 1079 433 ἐκ
1101 397 1246 445 πρώτης

1230 143 1312 192 331

2116 147 2223 191 Nov.
2256 147 2353 190 LXI
2386 151 2403 189 1

1314 261 1337 295 2
1385 263 1420 296 et
1457 260 1488 295 si
1521 259 1721 294 consentiat
1755 259 1901 304 mulier,
1939 259 2135 295 secundum
2172 258 2329 304 speciem
2368 258 2406 294 in

1315 305 1634 342 intercessionibus
1664 305 1711 340 sit
1743 305 1885 340 omnino
1916 305 2082 346 idemnis,
2114 304 2182 340 nisi
2215 304 2321 339 etiam
2346 313 2404 339 se-

1316 351 1482 394 cundum,
1508 350 1616 387 sicuti
1639 351 1892 396 praediximus,
1917 351 2150 386 celebraverit
2176 360 2403 386 consensum.

1316 398 1475 433 Plurima
1500 406 1652 441 namque
1677 407 1720 431 ex
1740 396 1854 441 primo
1879 407 1961 432 mox
1987 396 2112 431 auditu
2135 396 2402 441 delinquuntur,

165 445 273 483 εὐθὺς
304 444 406 489 ἀκοῆς
440 443 692 502 δᾴμξκρτηθείη,
730 447 791 489 τῆς
825 458 991 493 >em-amos
1022 441 1061 489 ἢ,
1076 443 1146 479 δέει
1181 445 1246 478 τοῦ
1283 446 1301 476 5
1317 443 1463 479 muliere
1484 442 1616 487 quippe
1635 442 1754 478 mariti
1775 442 2047 478 seductionibus
2069 442 2176 477 facile
2198 442 2351 486 decepta
2368 446 2403 476 et

165 492 411 528 συνοικοῦντος
434 506 456 535 η
481 503 635 526 απαταις
667 489 801 540 ῥᾳδίως
825 490 1051 538 ὑπαγομένης
1083 494 1144 525 καὶ
1169 492 1247 525 τῶν

165 540 306 573 οἰκείων
341 534 537 582 ἀμελούσης
573 535 737 580 δικαίων,
781 540 1100 581 κατασκεπτομένη
1136 534 1177 571 δὲ
1207 537 1247 570 ἐν

164 582 304 620 πλείονι
327 582 445 629 χρόνῳ
470 582 538 626 τὴν
558 581 743 617 ὑπόθεσιν
762 586 904 630 γένοιτο
923 580 970 617 ἂν
992 583 1115 626 ἑαυτῆς
1133 581 1246 628 ἀσφα-

163 630 188 666 8
235 628 392 675 λεστέρα.
441 628 535 672 πλὴν
566 626 648 663 οὐδὲ
678 630 786 663 τοῦτο
816 625 939 663 ἁπλῶς
969 626 1125 672 δίδομεν,
1158 623 1247 662 ἀλλὰ

1317 489 1463 534 propria
1486 488 1695 532 neglegente
1718 489 1817 532 iura,
1851 499 1932 523 cum
1956 497 2043 523 vero
2074 488 2112 522 in
2136 487 2289 532 plurimo
2314 488 2401 521 tem-

1318 545 1404 580 pore
1437 534 1646 579 cogitaverit
1673 545 1744 579 pro
1777 534 1938 579 negotio,
1974 533 2036 568 fiet
2067 532 2220 569 forsitan
2251 532 2401 568 cautior.

1317 627 1340 662 3
1389 625 1641 661 Verumtamen
1672 635 1789 669 neque
1821 625 1889 660 hoc
1920 624 2131 669 simpliciter
2163 623 2307 665 damus,
2341 623 2403 658 sed

163 676 362 719 τηνικαῦτα
379 674 450 729 τὴν
472 678 623 722 γυναῖκα
647 672 718 709 ὑπὸ
740 673 808 718 τὴν
832 676 870 708 ἐκ
893 675 954 716 τῆς
978 671 1142 719 δευτέρας
1166 685 1246 707 συν·
1264 674 1303 706 10
1318 677 1403 705 tunc
1427 671 1609 705 mulierem
1635 680 1678 705 ex
1703 670 1859 705 secundo
1886 679 2064 705 consensu
2089 670 2217 705 damno
2241 669 2401 703 summit-

166 723 335 755 αινέσεως
367 734 505 768 αγομεν
546 723 688 764 ζημίαν,
725 717 829 763 ἡνίκα
863 721 963 753 ἔστιν
996 720 1101 763 ἕτερα
1136 716 1246 764 πράγ-

164 780 273 812 ματα,
299 767 337 807 ἐξ
355 764 408 800 ῶν
438 765 596 801 δυνατὸν
628 763 717 814 αὐτῇ
747 765 790 800 τὸ
824 762 950 799 ἱκανὸν
976 763 1153 811 γενέσθαι
1184 764 1247 797 τοῦ

166 815 419 869 περιεχομένου
460 813 504 859 τῇ
550 814 773 859 προγαμιαίᾳ
819 808 938 857 δωρεᾷ
983 808 1193 855 πράγματος
1228 805 1249 850 ἢ

166 871 394 913 πραγματων
429 854 612 910 ἀκινήτων
635 854 713 911 (ὑφ’
747 856 1155 909 ἑτέρουικατεχομένων
1190 852 1249 888 διὰ

1319 717 1442 757 timus,
1475 715 1559 750 dum
1585 718 1669 750 sunt
1693 715 1784 750 aliae
1808 725 1886 756 res,
1921 725 1964 750 ex
1989 715 2117 760 quibus
2150 714 2321 759 possibile
2349 718 2404 750 est

1319 762 1351 796 ei
1376 760 1543 796 satisfieri
1575 771 1641 805 pro
1675 770 1713 794 re
1744 761 1799 796 vel
1831 761 1938 796 rebus
1971 760 2211 795 immobilibus
2244 769 2336 804 quae
2366 760 2403 794 in

1318 806 1556 850 antenuptiali
1586 806 1777 841 donatione
1810 806 2041 841 continentur
2073 810 2108 841 et
2138 815 2230 850 quae
2261 806 2306 840 ab
2332 805 2401 840 alio

1319 852 1522 887 detinentur
1546 854 1692 896 propter
1715 851 1941 886 alienationis
1967 854 2030 886 aut
2050 851 2307 896 suppositionis
2327 861 2401 886 mo-

166 917 232 938 τον
256 915 316 947 της
341 902 556 946 ε’κποιήσεως
580 917 601 946 η
625 901 811 945 υποθήκης
830 913 978 954 τρόπον.
1020 901 1199 947 ἐπείτοιγε
1219 899 1249 933 εἰ
1265 901 1303 932 15
1320 898 1420 932 dum:
1464 896 1622 941 alioquin
1658 897 1688 932 si
1724 896 1814 931 nihil
1851 897 1948 932 aliud
1985 897 2160 942 supersit,
2202 906 2317 941 neque
2353 896 2404 932 sic

166 947 278 994 μηδὲν
310 950 433 996 ἕτερον
458 947 710 995 περιλείποιτο,
744 945 827 981 οὐδὲ
859 959 955 980 ουτω
986 943 1130 990 βλάβην
1160 943 1248 997 rinp-

166 998 287 1040 μεῖναι
305 994 372 1037 τὴν
392 998 544 1041 γυναῖκα
564 994 824 1040 συγχωροῦμεν,
850 990 940 1025 ἀλλὰ
965 989 1033 1025 κᾶν
1055 992 1086 1025 εἰ
1108 989 1161 1025 δὶς
1181 1004 1248 1024 καν

168 1041 199 1074 εἰ
219 1039 385 1074 πολλάκις
406 1042 635 1081 συναινέσειε,
660 1040 702 1073 τὸ
725 1039 874 1084 πρᾶγμα
899 1038 946 1071 εἰς
969 1037 1037 1071 τὸν
1058 1038 1119 1080 τῆς
1138 1037 1247 1072 inter-

169 1087 347 1121 cessionos
363 1086 534 1140 φερέσθω
556 1083 672 1131 λόγον,
696 1087 756 1117 καὶ
772 1084 869 1117 ἔστω
891 1081 1130 1125 πανταχόθεν
1155 1079 1245 1125 αὐτῆ

1318 943 1511 978 laesionem
1536 942 1712 977 sustinere
1736 943 1918 978 mulierem
1941 942 2200 988 permittimus,
2234 942 2297 977 sed
2320 942 2405 977 licet

1320 988 1476 1024 secundo
1502 988 1557 1023 vel
1582 988 1612 1023 si
1636 988 1840 1032 frequenter
1860 988 2072 1032 consentiat,
2098 998 2208 1023 causa
2228 988 2274 1024 ad
2294 987 2403 1022 inter-

1321 1034 1494 1070 cessionis
1520 1034 1655 1069 seratur
1678 1035 1874 1078 rationem,
1908 1038 1944 1070 et
1968 1034 2015 1069 sit
2039 1034 2182 1070 omnino
2208 1033 2241 1069 ei
2263 1033 2404 1068 lucrum

1318 1081 1383 1116 sub
1412 1080 1553 1115 cautela
1577 1080 1752 1124 positum,
1784 1080 1854 1115 nisi
1878 1080 2087 1126 apparuerit
2119 1079 2283 1115 relictum
2306 1078 2404 1113 aliud

168 1132 210 1165 τὸ
236 1130 356 1178 κέρδος
380 1133 420 1165 ἐν
443 1129 597 1176 ασφαλεῖ
618 1133 792 1183 κείμενον,
817 1129 848 1162 εἰ
862 1132 1003 1182 χφανείη
1026 1126 1139 1172 μηδὲν
1161 1118 1246 1163 ὑπό·
1262 1129 1303 1161 20
1319 1125 1500 1161 sufficiens
1525 1125 1571 1160 ad
1593 1125 1850 1171 antenuptialis
1871 1126 2045 1171 largitatis
2068 1125 2315 1171 quantitatem.
2354 1124 2405 1159 Et

170 1176 398 1221 λελειμμένον
422 1178 544 1223 ἕτερον
564 1174 695 1222 ἀρκοῦν
720 1186 807 1220 προς
831 1187 899 1217 την
923 1185 983 1217 της
1008 1177 1249 1221 προγαμιαίας

169 1221 304 1269 δωρεᾶς
328 1219 521 1264 ποσότητα.
574 1224 645 1254 Καὶ
670 1218 784 1255 ταῦτά
809 1232 928 1265 φαμεν
953 1216 994 1253 οὐ
1040 1218 1125 1253 όνον
1145 1217 1247 1262 κηδό-

167 1281 269 1311 μενοι
292 1268 370 1302 τῶν
389 1267 581 1313 γυναικῶν,
606 1264 694 1300 ἀλλὰ
710 1269 770 1300 καὶ
791 1264 914 1309 πολλῷ
930 1263 1002 1309 μᾶλ
1045 1279 1067 1299 ν
1083 1265 1160 1300 τῶν
1188 1262 1247 1298 ἀν-

170 1312 268 1359 δρῶν
289 1313 366 1347 τῶν
385 1313 501 1346 ταῦτα
522 1308 741 1359 ποιούντων,
766 1312 837 1358 εἴγε
858 1312 895 1345 ἐκ
920 1309 1069 1345 πολλῶν
1092 1313 1152 1344 καὶ
1173 1323 1247 1353 σχε-

1319 1173 1406 1206 haec
1432 1171 1582 1207 dicimus
1617 1181 1689 1206 non
1723 1171 1835 1206 solum
1866 1176 2054 1217 parcentes
2079 1171 2309 1215 mulieribus,
2341 1169 2405 1205 sed

1319 1218 1431 1252 multo
1467 1217 1588 1262 potius
1624 1216 1709 1252 viris
1748 1217 1835 1252 talia
1873 1217 2106 1260 facientibus,
2152 1216 2325 1262 siquidem
2361 1225 2405 1250 ex

1319 1263 1439 1298 multis
1471 1267 1507 1297 et
1538 1272 1653 1307 paene
1686 1263 1847 1307 plurimis
1882 1263 2025 1299 casibus
2051 1262 2299 1298 communibus
2322 1261 2404 1296 filiis

1320 1308 1576 1354 antenuptialis
1602 1308 1806 1343 donationis
1833 1311 2020 1344 servantur
2044 1319 2112 1352 res,
2138 1312 2173 1343 et
2192 1317 2317 1343 rursus
2341 1317 2405 1342 eae

170 1357 235 1392 δὸν
255 1359 332 1392 τῶν
348 1356 531 1392 πλείστων
550 1355 727 1402 θεμάτων
751 1361 823 1391 τοῖς
841 1360 971 1391 κοινοῖς
995 1359 1102 1392 παισὶ
1123 1355 1168 1390 τὰ
1189 1357 1249 1398 τῆς
1263 1357 1303 1389 27.
1321 1357 1465 1390 manent
1489 1354 1586 1399 apud
1611 1354 1848 1390 substantiam
1880 1354 1944 1389 viri
1969 1355 2117 1399 eiusque
2141 1353 2405 1389 successionem

169 1407 407 1451 προγαμιαίας
432 1400 567 1447 δωρεᾶς
591 1402 810 1448 φυλάττεται
827 1402 1036 1450 πράγματα,
1063 1405 1123 1436 καὶ
1141 1394 1249 1435 αὖθις

168 1450 283 1483 ταῦτα
298 1451 397 1493 μένει
417 1447 516 1493 παρὰ
535 1450 580 1495 τῇ
599 1447 703 1492 οὗσίᾳ
728 1450 791 1483 τοῦ
814 1445 944 1494 ἀνδρὸς
967 1451 1026 1482 καί
1048 1449 1092 1495 τῇ
1115 1449 1249 1482 ἐκείνου

168 1491 314 1541 διαδοχῇ
347 1495 385 1527 ἐκ
418 1495 549 1537 ταύτης
582 1496 642 1538 τῆς
666 1493 964 1540 παρατηρήσεως,
998 1490 1086 1528 ῶςτε
1118 1496 1248 1539 συμφε-

167 1552 278 1594 ροντα
307 1538 373 1574 τὸν
405 1537 519 1583 νόμον
554 1542 597 1588 τῇ
631 1553 670 1574 τε
693 1543 834 1587 γυναικὶ
867 1541 920 1583 τῷ
951 1553 991 1574 τε
1021 1537 1128 1585 ἀνδρὶ
1158 1537 1249 1573 κατὰ

1320 1412 1363 1436 cx
1383 1403 1453 1436 hac
1478 1400 1747 1441 observatione,
1779 1400 1932 1445 ideoque
1956 1400 2055 1435 utilis
2079 1401 2137 1435 lex
2162 1402 2217 1435 est
2240 1401 2277 1434 et
2301 1399 2406 1434 uxori

1321 1449 1357 1482 et
1391 1446 1520 1481 marito
1557 1446 1752 1481 secundum
1789 1446 1855 1481 has
1891 1445 2153 1482 satisdationes.
2210 1445 2259 1480 Et
2294 1444 2405 1479 multo

1320 1492 1440 1538 potius
1465 1492 1554 1527 haec
1577 1491 1615 1526 in
1640 1492 1722 1527 dote
1747 1491 1927 1534 valebunt,
1952 1492 1983 1527 si
2004 1492 2089 1537 quid
2112 1491 2206 1527 dotis
2232 1494 2295 1525 aut
2319 1490 2403 1525 alie-

1321 1543 1426 1574 netur
1458 1540 1522 1573 aut
1554 1540 1798 1583 supponatur:
1835 1537 1906 1572 iam
1938 1537 2031 1574 enim
2063 1540 2154 1573 haec
2188 1535 2406 1573 sufficienter

166 1597 312 1620 τουτους
335 1584 418 1619 τούς
442 1584 630 1639 λογισμους
653 1585 892 1620 καθεστάναι.
930 1588 990 1639 καί
1008 1584 1131 1628 πολλῷ
1145 1583 1250 1639 ἱμόιλ-
1264 1586 1306 1619 30
1321 1584 1490 1620 delimato.
1514 1586 1623 1628 atque
1645 1583 1785 1619 sancita
1810 1587 1905 1620 sunt.

168 1630 231 1665 λον
250 1632 367 1665 ταῦτα
400 1632 460 1666 ἐπὶ
491 1643 552 1674 της
582 1630 728 1678 προικὸς
759 1634 913 1678 κρατεῖν,
952 1632 1052 1677 εἰπερ
1076 1644 1161 1665 τινα
1189 1631 1250 1673 τῆς

167 1675 311 1724 προικὸς
334 1675 355 1719 ἢ
377 1675 601 1720 ἐκποιήσειεν
632 1675 654 1720 ἢ
677 1675 879 1712 ὑπόθοιτο·
916 1674 983 1720 ἤδη
1014 1676 1084 1723 γὰρ
1107 1675 1152 1711 τὰ
1177 1689 1249 1710 τοι-

167 1726 260 1757 αῦτα
285 1722 417 1756 ἱκανῶς
439 1727 712 1769 περιείργασται
737 1727 797 1757 καὶ
821 1722 1121 1765 νενομοθέτηται.

165 1769 190 1804 4
234 1765 328 1802 Ἀλλ’
363 1766 447 1802 οὐδὲ
479 1765 605 1803 αὐτῶν
640 1770 718 1823 τῶν
750 1766 1039 1814 συμβαλλόντων
1073 1765 1250 1808 καθάπαξ

1319 1766 1344 1802 4
1392 1766 1461 1801 Sed
1495 1776 1609 1810 neque
1644 1766 1743 1810 ipsos
1778 1766 2032 1802 contrahentes
2069 1765 2213 1801 omnino
2250 1764 2405 1809 neglexi-

166 1811 376 1867 ἇμελοῦμεν.
425 1814 456 1848 εἰ
477 1813 545 1861 γὰρ
557 1818 634 1868 „aaz
658 1828 725 1871 την
750 1816 810 1849 ἐπὶ
842 1813 981 1849 τούτοις
1010 1813 1138 1857 ένοχὴν
1162 1811 1250 1847 ὅσον
1263 1815 1306 1849 35
1321 1823 1412 1847 mus.
1459 1810 1553 1846 Nam
1573 1811 1604 1847 si
1624 1812 1730 1846 etiam
1749 1822 1858 1857 super
1881 1812 1938 1847 his
1956 1812 2208 1856 obligationem
2233 1814 2407 1855 quantum

167 1871 255 1905 προς
279 1871 341 1894 τας
355 1863 524 1906 γυναῖκας
548 1874 706 1907 αρρητον
730 1873 770 1894 τε
790 1862 850 1894 καὶ
871 1858 1036 1906 ἄγραφον
1057 1860 1150 1894 εἶναι
1169 1863 1250 1903 βου-

168 1905 320 1950 λόμεθα,
354 1901 432 1939 ἀλλ’
459 1903 584 1940 αὐτοὺς
605 1905 686 1940 τοὺς
707 1904 840 1951 ἄνδρας
863 1907 923 1940 ἐπὶ
948 1909 1020 1939 τοῖς
1045 1904 1163 1939 ἄλλοις
1188 1903 1245 1938 αὐ-

222 2012 249 2033 υ.
278 2000 317 2032 17
332 2011 380 2042 sq.
405 2005 623 2043 arqumentum
650 2000 766 2032 citatur
786 1995 914 2031 ‘Ponat
937 1999 1021 2040 25,4

166 2111 192 2148 2
236 2114 356 2146 ratum
381 2120 458 2146 esse
481 2109 581 2155 quod
602 2110 745 2155 factum
768 2110 826 2151 sit,
858 2110 910 2144 ita
935 2109 992 2144 nic
1016 2121 1160 2156 quoque
1181 2109 1270 2153 siat,

1320 1859 1366 1894 ad
1391 1856 1555 1892 mulieres
1587 1867 1703 1902 neque
1728 1857 1859 1893 dictam
1892 1867 2008 1903 neque
2039 1857 2212 1902 scriptam
2243 1866 2323 1892 esse
2345 1867 2406 1892 vo-

1316 1904 1446 1946 lumus,
1477 1906 1512 1938 et
1536 1903 1634 1948 ipsos
1659 1903 1753 1939 viros
1786 1903 1824 1939 in
1855 1903 1934 1940 aliis
1967 1913 2089 1939 eorum
2119 1903 2229 1939 rebus
2254 1901 2406 1947 obligari

1340 2111 1376 2143 et
1398 2108 1433 2142 si
1454 2107 1584 2142 mulier
1608 2107 1849 2148 consenserit,
1881 2106 2077 2142 secundum
2109 2107 2406 2143 intercessionum

166 2157 320 2204 speciem
344 2160 420 2191 esto
445 2156 589 2190 omnino
613 2154 807 2196 indemnis,
840 2155 928 2197 nisi,
961 2156 1015 2190 uti
1039 2155 1146 2189 modo
1171 2154 1353 2196 diximus,
1387 2153 1495 2188 etiam
1518 2152 1713 2187 secundum
1738 2162 1948 2194 consensum
1973 2152 2123 2188 dederit.
2171 2153 2290 2188 Multa
2313 2154 2407 2189 enim

169 2213 218 2237 ex
237 2202 359 2253 primo
390 2200 512 2246 statim
543 2198 670 2234 auditu
690 2204 898 2250 peccentur,
932 2210 1012 2234 cum
1043 2199 1171 2234 mulier
1201 2198 1257 2234 vel
1287 2202 1383 2233 metu
1416 2198 1582 2243 coniuqiS
1614 2197 1670 2233 vel
1695 2197 1896 2249 fraudibus
1918 2197 2033 2243 facile
2057 2198 2254 2234 inducatur
2283 2203 2319 2235 et
2339 2210 2406 2234 sua

168 2247 193 2282 3
238 2257 321 2280 iura
345 2256 390 2280 ne
418 2244 527 2290 leqat,
577 2254 645 2278 uae
665 2254 695 2278 si
715 2255 787 2289 per
811 2243 954 2289 lonqius
980 2248 1118 2296 tempus
1138 2254 1285 2279 causam
1305 2253 1425 2278 secum
1448 2247 1607 2288 reputet,
1634 2247 1747 2278 tutior
1767 2254 1790 2278 a
1814 2254 1852 2278 sc
1873 2243 1954 2289 ipsa
1973 2243 2105 2288 futura
2126 2245 2183 2279 sit.
2276 2243 2406 2287 Quam-

169 2302 279 2337 quam
310 2301 354 2325 ne
412 2300 454 2324 oc
484 2289 550 2334 qui
574 2299 627 2323 em
658 2288 869 2334 simpliciter
901 2289 1145 2330 concedimus,
1182 2288 1247 2323 sed
1279 2292 1351 2323 tum
1382 2287 1522 2322 demum
1554 2287 1736 2322 mulierem
1769 2287 1900 2323 damno
1933 2288 2033 2334 quod
2063 2300 2113 2324 ex
2135 2289 2293 2325 secundo
2318 2301 2405 2325 con-

169 2347 277 2372 sensu
309 2335 428 2370 oritur
451 2333 662 2375 subicimus,
695 2344 775 2368 cum
799 2333 894 2368 aliae
924 2345 982 2368 res
1004 2338 1158 2379 praesto
1183 2337 1285 2375 sunt,
1310 2343 1359 2368 ex
1383 2332 1512 2378 quibus
1543 2333 1579 2367 ei
1606 2333 1779 2377 satisfieri
1800 2333 1924 2379 possit
1955 2344 2027 2379 pro
2059 2345 2100 2369 re
2130 2334 2185 2370 vel
2213 2335 2320 2370 rebus
2343 2336 2405 2369 im-

171 2380 360 2417 mobilibus
392 2391 485 2426 quae
510 2379 739 2414 continentur
769 2378 807 2413 in
831 2378 1026 2414 donatione
1050 2385 1134 2414 ante
1158 2379 1317 2424 nuptias,
1348 2378 1382 2412 si
1397 2388 1470 2424 per
1493 2377 1721 2412 alienationis
1752 2382 1818 2413 aut
1840 2377 2073 2424 obliqationis
2095 2379 2238 2414 modum
2264 2380 2308 2414 ab
2332 2380 2405 2415 alio

170 2427 384 2462 detinentur.
434 2424 581 2470 Alioqui
601 2425 634 2459 si
652 2423 743 2459 nihil
767 2423 869 2459 aliud
891 2424 1060 2470 supersit,
1086 2435 1130 2459 ne
1153 2424 1205 2459 ita
1226 2423 1368 2469 quidem
1392 2423 1562 2458 damnum
1585 2423 1706 2458 subire
1726 2423 1910 2459 mulierem
1926 2424 2110 2470 patimur,·
2156 2425 2221 2460 sed
2244 2426 2407 2471 quamvis

171 2472 224 2507 bis
248 2472 303 2508 vel
325 2471 432 2507 etiam
457 2470 604 2517 saepius
628 2469 867 2511 consenserit,
900 2480 959 2504 res
990 2469 1039 2505 ad
1061 2470 1239 2505 rationem
1273 2468 1541 2504 intercessionis
1563 2469 1763 2514 referatur,
1797 2473 1832 2503 et
1856 2469 1995 2504 lucrum
2019 2469 2053 2504 ei
2076 2470 2235 2516 undique
2264 2471 2302 2505 in
2329 2475 2405 2506 tuto

166 2518 329 2564 positum
352 2517 416 2559 sit,
448 2517 480 2551 si
503 2519 686 2562 appareat
709 2514 801 2550 nillil
823 2514 926 2550 aliud
948 2515 1111 2551 relictum
1135 2525 1212 2550 esse
1241 2514 1342 2560 quod
1364 2514 1414 2548 ad
1437 2514 1675 2559 quantitatem
1708 2513 1918 2549 donationis
1949 2519 2032 2550 ante
2058 2516 2206 2562 nuptias
2229 2516 2404 2562 sufficiat.

170 2565 286 2608 Atque
311 2562 399 2597 baec
423 2561 574 2597 dicimus
598 2572 671 2596 non
695 2560 811 2595 solum
835 2564 876 2595 ut
893 2561 1167 2607 prospiciamus
1190 2559 1414 2602 mulieribus,
1444 2559 1509 2594 sed
1539 2560 1650 2594 multo
1674 2559 1791 2605 maqis
1820 2560 1929 2594 etiam
1952 2561 2039 2595 viris
2063 2561 2125 2606 qui
2147 2561 2218 2596 ista
2240 2562 2407 2607 faciunt.-

170 2609 203 2643 si
227 2608 370 2655 quidem
399 2607 437 2642 in
461 2607 583 2642 multis
613 2610 646 2641 et
677 2606 758 2652 fere
784 2605 957 2652 plurimis
988 2606 1131 2641 casibus
1165 2605 1285 2640 liberis
1315 2604 1559 2640 communibus
1587 2616 1646 2640 res
1670 2604 1878 2640 donationis
1909 2610 1994 2640 ante
2025 2606 2174 2653 nuptias
2202 2611 2405 2650 servantur,

170 2665 304 2699 eaeque
319 2663 449 2688 rursus
472 2651 573 2699 apud
587 2651 826 2687 substantiam
851 2652 922 2687 viri
944 2656 979 2686 et
1001 2652 1259 2686 successionem
1283 2651 1361 2686 eius
1384 2653 1530 2685 manent
1553 2661 1603 2686 ex
1618 2649 1687 2685 ltac
1712 2650 1971 2693 observatione,
1996 2651 2048 2687 ita
2072 2655 2113 2687 ut
2129 2652 2191 2687 lea·
2213 2656 2250 2687 et
2265 2653 2409 2688 mulieri

170 2702 205 2734 et
228 2700 306 2734 viro
330 2698 525 2734 secundum
551 2697 618 2732 lias
641 2697 803 2732 rationes
825 2697 926 2732 utilis
948 2698 1095 2732 existat.
1144 2697 1262 2742 Atque
1285 2699 1397 2731 mutto
1422 2696 1539 2742 maqis
1563 2695 1652 2731 llaec
1676 2696 1712 2730 in
1732 2695 1814 2731 dote
1837 2696 1992 2739 valeant,
2016 2697 2049 2732 si
2069 2708 2162 2742 quas
2184 2708 2242 2733 res
2262 2697 2405 2733 dotales

169 2744 194 2780 4
247 2744 303 2780 vel
332 2743 544 2779 alienaverit
575 2742 633 2778 vel
663 2742 897 2789 obliqaverit:
934 2742 1023 2777 talia
1046 2742 1138 2778 enim
1170 2742 1243 2776 iam
1274 2743 1365 2776 satis
1398 2740 1588 2776 elaborata
1619 2745 1655 2776 et
1684 2741 1823 2787 leqibus
1853 2742 2051 2778 constituta
2079 2747 2173 2778 sunt.
2266 2742 2340 2778 Sed
2362 2755 2407 2779 nc

169 2791 271 2836 ipsos
294 2789 436 2836 quidem
461 2788 715 2824 contrahentes
739 2787 855 2834 plane
878 2787 1108 2834 neqleqimus.
1158 2787 1252 2822 Nam
1276 2797 1494 2832 quamquam
1526 2786 1782 2832 obtiqationem
1814 2787 1858 2822 de
1890 2786 1946 2822 liis
1975 2787 2117 2832 factam
2150 2792 2325 2834 quantum
2358 2789 2407 2824 ad

170 2835 337 2871 mulieres
358 2845 429 2880 pro
453 2845 527 2870 non
552 2834 649 2869 dicta
673 2844 739 2869 nec
761 2834 900 2878 scripta
924 2844 1000 2868 esse
1024 2833 1198 2875 volumus,
1223 2836 1263 2867 at
1285 2832 1387 2878 ipsos
1411 2831 1560 2867 maritos
1583 2832 1622 2867 in
1645 2831 1796 2878 reliquis
1818 2843 1944 2868 eorum
1968 2833 2074 2869 rebus
2098 2833 2329 2870 alienationis
2351 2835 2407 2870 vet

222 2952 234 2983 l
262 2949 430 2995 γενέσθω
447 2949 475 2981 L
492 2947 504 2991 ΙΙ
530 2949 550 2980 2
574 2949 836 2981 intercessionon
857 2948 903 2981 M
921 2945 1209 2980 tvteruwmdev
1223 2947 1254 2979 L

173 2992 471 3040 ἰντερκεσσιόνων
494 2992 544 3025 ΒΓ
568 2991 843 3039 ἰντερκεσιόνων
858 2994 904 3026 B'
929 2993 941 3036 ss
968 2994 986 3026 3
1012 2990 1162 3035 ἀζήμιον
1176 2992 1221 3025 Bl
1244 2991 1254 3028 Η

173 3042 232 3072 καὶ
257 3039 377 3072 om.Bl
396 3038 408 3083 ΙΙ
434 3042 452 3073 5
477 3032 498 3080 ἢ
523 3035 603 3078 δέει]
626 3034 647 3079 ἢ
670 3035 710 3071 δὲ
734 3038 764 3071 εἰ
787 3038 833 3070 B!
857 3044 922 3070 m.1
962 3038 1085 3080 quippe
1110 3050 1128 3073 ς
1153 3038 1164 3081 ΙΙ
1191 3039 1210 3070 6
1238 3031 1259 3077 ἢ

174 3079 294 3128 ἀπάτῃ
311 3084 433 3125 Epan.‚
458 3080 478 3125 ἢ
497 3096 554 3116 om.
570 3095 589 3119 ς
604 3082 616 3127 1]
636 3086 653 3117 7
672 3084 826 3124 οἰκείων]
849 3080 954 3116 ἰδίων
968 3083 1016 3116 B‘
1034 3083 1046 3126 11
1074 3085 1170 3126 lOsq.
1186 3078 1256 3115 ὑπὸ

174 3127 241 3171 τὴν
265 3149 307 3152 —-
333 3129 476 3171 ζημίαν]
511 3125 571 3160 διὰ
594 3126 661 3171 τὴν
687 3126 856 3174 δευτέραν
882 3131 1088 3162 συναίνεσιν
1113 3129 1174 3170 τῆς
1198 3129 1254 3170 ζη-

173 3174 309 3216 τήσεως
333 3172 496 3217 παύομεν
520 3174 631 3217 Epan.
660 3174 672 3218 ΙΙ
703 3174 764 3216 τῆς
788 3187 845 3207 om.
862 3175 925 3207 Ma
955 3174 966 3216 ΙΙ
999 3175 1040 3207 12
1065 3173 1140 3214 τοῦ]
1166 3171 1255 3208 ὖπὲο

174 3220 236 3253 τοῦ
261 3221 371 3262 Epan.
391 3230 410 3255 ς
425 3218 437 3262 ΙΙ
460 3221 501 3252 14
513 3232 560 3262 sq.
583 3216 648 3264 ὑφ’
672 3219 792 3265 ἑτέρου
813 3239 856 3243 —
876 3216 1015 3264 τρόπον
1040 3232 1097 3252 om.
1112 3219 1223 3264 Epan.
1253 3218 1256 3264 Ι

175 3265 411 3308 κατεχομένου
428 3264 475 3296 Bt
492 3264 504 3307 ΙΙ
524 3266 564 3297 16
581 3262 807 3309 περιλίποιτο
822 3265 866 3297 Bt
886 3265 897 3306 Ι]
917 3267 956 3298 17
977 3259 1043 3296 κᾶν
1065 3264 1096 3297 εἰ
1115 3261 1168 3297 δὶς
1187 3260 1256 3298 κᾶν

175 3311 205 3344 εἰ
232 3311 333 3353 Μ(ς)]
367 3306 433 3342 κᾶν
457 3304 479 3351 ἢ
505 3305 557 3342 δὶς
581 3307 601 3351 ἢ
626 3311 735 3353 Epan.
769 3306 836 3342 κᾶν
856 3307 908 3342 δὶς
929 3304 950 3351 ἢ
973 3311 1032 3342 καὶ
1052 3310 1082 3342 L
1116 3306 1182 3342 κᾶν
1203 3307 1256 3343 δὶς

176 3354 245 3398 ἢΒ
270 3356 282 3399 ΙΙ
311 3357 351 3390 18
377 3354 631 3387 intercessionos
646 3356 688 3388 M
711 3354 996 3388 ivvtercessicdvsL
1021 3354 1253 3401 ἰντερκεσσίο-

175 3412 235 3435 νος
252 3401 302 3434 ΒΓ
331 3400 587 3446 ἰντερκεσίονος
601 3400 648 3433 Bl
682 3396 934 3442 ἀναζητήσεως
950 3401 1060 3443 Epan.
1091 3400 1103 3443 ΙΙ
1133 3402 1174 3435 19
1195 3403 1254 3434 καὶ

176 3447 271 3480 ἔστω
285 3466 329 3471 -
350 3448 392 3480 33
406 3444 610 3488 νενομοθέτ
634 3447 706 3486 ται]
732 3444 795 3477 ἐὰν
811 3442 850 3478 δὲ
874 3444 915 3478 τὸ
937 3442 1062 3478 ἱκανὸν
1085 3446 1147 3488 τῆς
1171 3458 1255 3491 προ-

176 3494 347 3545 γαμιαίας
379 3488 427 3525 ῶς
451 3490 617 3545 εἴρηταιἋ
635 3490 745 3535 ωρεᾶς
774 3491 812 3523 ἐκ
839 3490 917 3523 τῶν
931 3491 1004 3544 ἱτοῦ
1030 3487 1157 3536 ἀνδρὸς
1181 3488 1254 3524 ἄκι-

177 3550 299 3579 νητων
335 3548 561 3583 πραγματων
596 3548 617 3577 η
653 3536 812 3577 κινητῶν
853 3547 945 3578 μετα
984 3533 1050 3578 τὴν
1086 3533 1257 3580 δευτέραν
1289 3541 1291 3575 '3

180 3585 387 3616 συναίνεσιν
410 3585 470 3615 καὶ
494 3579 561 3624 τὴν
585 3581 623 3614 ἐκ
646 3581 706 3623 τῆς
732 3578 862 3614 διετίας
887 3578 1086 3625 ἀσφάλειαν
1109 3578 1255 3629 εὑρεθῇ,

181 3627 368 3672 ἐρρῶσθαι
392 3623 582 3671 κελεύομεν
603 3624 669 3669 τὴν
690 3627 876 3668 ἐκποίησιν
899 3627 1009 3670 Epan.
1034 3627 1046 3670 ΙΙ
1074 3623 1162 3673 αὐτῇ
1187 3628 1256 3667 Βς]

182 3670 294 3719 ταύτῃ
309 3674 381 3706 ML
399 3673 411 3717 ΙΙ
437 3675 479 3706 20
505 3673 544 3705 ἐν
567 3668 742 3716 ἀσφαλεία
757 3672 805 3705 L2
829 3672 889 3704 sub
910 3671 1039 3704 cautela
1058 3684 1075 3707 ς
1092 3672 1103 3716 ΙΙ
1130 3674 1170 3707 21
1198 3669 1256 3718 ἆρ-

181 3717 241 3749 no&
265 3719 310 3751 L¹
338 3717 350 3757 ΙΙ
379 3719 441 3760 τῆς·
465 3732 522 3751 om.
538 3719 567 3751 L
600 3717 612 3761 ΙΙ
643 3719 683 3750 27
708 3719 806 3759 μένει
829 3718 936 3758 LBc]
967 3719 1088 3760 μένειν
1114 3718 1157 3751 Μ
1174 3717 1186 3757 ΙΙ
1213 3718 1256 3763 τῇ

182 3762 314 3795 ἐκείνου
332 3760 480 3809 διαδοχῇ
496 3760 681 3806 (διαδοχήν
696 3763 755 3805 L¹)
772 3762 933 3803 MLBsc]
958 3762 1020 3806 τῆς
1035 3762 1169 3795 ἐκείνου
1182 3759 1257 3795 δια·

1324 2942 1534 2987 δοχῆς(Βίῗ))
1549 2959 1617 2979 cum
1636 2946 1829 2979 Haloandro
1843 2947 1928 2990 vuly.
1946 2945 1958 2991 ss
1979 2948 2020 2981 29
2037 2947 2082 2992 τῇ
2098 2950 2149 2989 τε]
2168 2960 2207 2981 τε
2224 2950 2373 2982 om.LBl
2394 2951 2399 2993 Ι

1324 2992 1366 3024 30
1386 2989 1465 3024 τοὺς
1483 2988 1668 3036 λογισμοὺς
1687 2988 1832 3024 τούτους
1849 2991 1896 3023 Bt
1922 2991 1933 3035 ΙΙ
1960 2993 2000 3025 31
2024 2993 2083 3026 ἐπὶ
2104 2993 2177 3035 τῆς]
2200 2994 2260 3026 ἐπὶ
2281 2995 2324 3036 τῆ
2342 2995 2371 3026 L
2395 2996 2399 3037 Ι

1325 3038 1481 3080 κρατεῖν]
1508 3034 1682 3080 πράττειν
1703 3035 1754 3068 Bs
1773 3038 1911 3080 (κρατεῖ
1932 3038 2024 3070 malit
2049 3039 2254 3077 Zachariae;
2285 3039 2342 3071 sed
2362 3042 2405 3082 cs.

1325 3083 1444 3122 329,19
1461 3082 1633 3123 etIulian.)
1651 3080 1663 3125 ΙΙ
1681 3082 1721 3115 33
1736 3080 1984 3124 νομοθέτηται
1994 3083 2035 3115 L.
2059 3083 2110 3126 Os:
2126 3084 2318 3126 Cod.5‚13,1
2336 3089 2404 3123 §15.

1325 3135 1416 3167 1‘2,30
1442 3127 1453 3170 ΙΙ
1481 3128 1522 3160 35
1548 3126 1579 3158 εἰ
1608 3124 1678 3171 γὰρ
1709 3129 1769 3159 καὶ
1794 3126 1958 3167 ΜΙιΒΓς]
1993 3124 2040 3160 ιᾶς
2087 3126 2132 3161 ao
2156 3131 2215 3161 καὶ
2242 3130 2286 3162 Bt
2322 3126 2403 3162 ἀλλ’

1326 3168 1449 3216 ὥσπερ
1464 3171 1616 3223 Epamvll
1644 3172 1780 3212 ένοχῶν
1795 3172 1844 3204 La
1871 3171 1882 3213 ΙΙ
1911 3173 1953 3205 36
1978 3140 2190 3216 βουλὶόμεθα
2214 3173 2306 3207 εἶναι
2333 3175 2379 3207 Β]
2396 3182 2397 3217 l

1324 3220 1366 3251 37
1381 3214 1459 3250 ἀλλ’
1479 3219 1535 3258 M]
1561 3227 1674 3249 ουτως
1687 3213 1768 3249 ἀλλ’
1786 3212 1877 3257 (ἀλλ’
1895 3218 1927 3250 in
1943 3218 2053 3261 litura)
2068 3219 2097 3251 L
2118 3213 2233 3252 οὕτως
2248 3220 2283 3252 Β
2307 3215 2404 3253 οὕτω

1323 3266 1383 3296 καὶ
1407 3265 1516 3307 Epan.
1544 3265 1576 3295 et
1601 3274 1619 3298 ς

1372 3355 1387 3387 1
1413 3353 1450 3385 in
1475 3366 1532 3386 om.
1547 3352 1580 3385 R
1596 3352 1608 3394 ΙΙ
1627 3354 1648 3385 4
1672 3351 1816 3394 plurima
1838 3353 1883 3392 V]
1911 3352 2009 3395 plura
2022 3354 2091 3386 ΕΤ
2105 3352 2117 3397 ΙΙ
2142 3355 2162 3387 6
2186 3355 2323 3396 proprio
2345 3356 2377 3389 V
2394 3355 2406 3400 ΙΙ

1323 3399 1396 3431 iure
1418 3399 1451 3431 V
1469 3409 1549 3430 cura
1561 3398 1611 3430 R'2
1629 3397 1641 3441 {l
1666 3400 1682 3431 7
1711 3398 1778 3439 fiet]
1804 3401 1852 3430 set
1876 3402 1908 3430 et
1928 3398 1978 3430 R¹
1998 3397 2009 3441 Ι]
2033 3400 2051 3431 9
2077 3399 2144 3439 sed]
2171 3402 2202 3431 et
2223 3400 2279 3444 VH
2305 3402 2346 3434 12
2371 3411 2406 3433 re

1326 3445 1388 3485 vol]
1415 3444 1463 3476 roi
1476 3443 1524 3476 R¹
1540 3445 1552 3487 ΙΙ
1574 3444 1614 3477 13
1632 3445 1665 3476 et
1684 3453 1768 3484 quac
1787 3443 1828 3475 ab
1846 3443 1913 3475 alio
1928 3443 2121 3476 detinentur
2141 3457 2199 3477 om.
2219 3445 2251 3478 V
2264 3447 2275 3489 ΙΙ
2295 3447 2333 3480 15
2347 3447 2406 3488 sic]

1325 3492 1369 3522 sit
1389 3490 1441 3522 Va
1457 3488 1469 3533 ΙΙ
1491 3490 1530 3523 18
1549 3488 1680 3521 ration*
1706 3489 1753 3521 V¹
1771 3488 1783 3532 ΙΙ
1804 3490 1846 3522 19
1871 3489 2064 3531 apparuerit
2081 3490 2114 3522 R
2127 3490 2227 3534 vulq]
2252 3493 2408 3534 apparuit

1334 3536 1405 3568 VT
1427 3534 1439 3578 ΙΙ
1466 3534 1633 3574 relictum]
1667 3533 1773 3565 nichil
1798 3533 1952 3566 relictum
1986 3535 2020 3567 V
2041 3534 2053 3578 ΙΙ
2080 3536 2118 3568 21
2147 3540 2325 3578 parcent*-
2357 3537 2407 3571 V²

1326 3583 1478 3622 parentes
1502 3580 1551 3613 Τι
1578 3578 1591 3623 1]
1625 3580 1667 3612 22
1690 3579 1768 3620 *ex]
1795 3582 1827 3611 et
1853 3580 1929 3613 libri
1955 3579 1967 3623 ΙΙ
1999 3581 2041 3613 23
2067 3583 2098 3613 et
2123 3594 2181 3614 om.
2205 3582 2237 3614 V
2265 3583 2277 3626 ss
2304 3593 2408 3625 paene

1328 3639 1385 3659 om.
1401 3625 1433 3657 R
1450 3625 1461 3668 ΙΙ
1481 3626 1523 3658 24
1548 3626 1608 3657 hee
1623 3627 1779 3656 maneant
1800 3625 1833 3657 R
1856 3625 1916 3657 hec
1938 3628 2075 3658 manent
2090 3626 2121 3658 T
2143 3639 2182 3656 *se
2206 3631 2341 3660 manent
2359 3629 2407 3660 17¹

1327 3673 1499 3704 remanent
1518 3670 1567 3703 V³
1585 3669 1596 3713 ΙΙ
1616 3672 1657 3703 25
1672 3671 1738 3702 uiri
1753 3671 1823 3703 eius
1837 3670 1972 3712 eiusque
1982 3670 2031 3703 R²
2048 3670 2060 3714 ΙΙ
2080 3673 2121 3705 26
2135 3672 2210 3706 ideo
2226 3672 2281 3718 VH
2301 3676 2348 3706 est
2363 3675 2406 3713 et]

1329 3719 1376 3749 est
1401 3717 1447 3749 R¹
1483 3717 1530 3748 est
1554 3718 1592 3747 ut
1616 3715 1666 3747 12²
1685 3717 1697 3759 1]
1722 3717 1764 3748 30
1789 3718 1901 3748 sancta
1923 3716 1974 3749 V¹
1991 3715 2003 3759 ΙΙ
2030 3718 2072 3750 35
2098 3717 2302 3760 obligatione
2325 3718 2374 3751 V¹
2397 3718 2410 3763 „l

1330 3764 1370 3795 :57
1398 3763 1430 3794 et
1452 3759 1541 3801 RV]
1566 3760 1621 3793 sed
1647 3761 1679 3793 T

2079 3818 2146 3852 42*
