2580 4022
228 143 333 186 Nov.
359 142 466 185 CLV
490 146 507 183 1
1285 137 1372 184 732
1393 142 1400 145 χ
1952 155 2012 186 UT
2041 153 2216 186 MA'rREs
2246 155 2452 187 TUTELAE

1228 271 1384 306 CAPUT
1407 272 1435 307 Ι.

366 341 485 373 Ταῦτα
514 343 637 373 τοίνυν
665 340 727 382 τῆς
751 339 924 384 ἱκετηρίας
948 335 1092 381 ἐχούσης
1115 336 1262 373 εἰκότως
1285 337 1375 384 πρὸς
1397 336 1506 372 τόνδε
1528 337 1597 372 τὸν
1621 339 1726 373 θεῖον
1749 341 2000 385 πραγματικὸν
2023 340 2166 385 εἴδομεν
2188 340 2314 386 τύπον,
2339 340 2382 376 δι’
2409 335 2452 377 οὗ

226 386 462 427 θεσπίζομεν,
493 385 554 426 τῆς
584 384 689 417 θείας
719 381 824 427 ἡμῶν
852 384 1071 427 νομοθεσίας
1101 381 1271 428 οὐδεμίαν
1301 386 1513 428 ποιουμένης
1542 383 1686 427 μνήμην
1717 388 1798 425 περὶ
1830 387 1907 419 τῶν
1938 382 2218 430 ἀναδεξαμένων
2250 388 2451 433 ἐπιτροπὴν

224 431 301 463 τῶν
333 430 474 462 οἰκείων
505 427 651 463 παίδων
682 431 742 462 καὶ
770 426 937 472 δεύτερον
968 426 1195 472 άνελομένων
1223 428 1356 474 γάμον,
1386 427 1436 472 μὴ
1468 428 1599 468 ἐξεῖναι
1622 425 1805 472 Αύξεντίᾳ
1832 431 1875 476 τῇ
1909 429 2142 478 λαμπροτάτῃ
2175 432 2374 477 κεχρῆσθαι
2405 434 2450 479 τῇ

227 471 316 517 αὐτῆ
350 474 438 516 θείᾳ
466 471 572 515 ἡμῶν
602 474 821 516 νομοθεσίᾳ,
854 471 914 506 διά
946 486 986 506 τε
1016 473 1081 506 τὰς
1110 473 1296 528 εἰρημένας
1326 474 1442 506 αἰτίας
1473 476 1532 506 καὶ
1563 473 1605 506 τὸ
1639 474 1707 516 τὴν
1730 475 1807 508 τῶν
1831 473 2100 518 ὑπομνημάτων
2119 477 2263 521 πρᾶξιν,
2285 473 2378 510 καθ’
2405 474 2451 520 ἣν

224 510 304 560 τὴνι
326 517 527 562 ἐπιτροπὴν
551 517 711 565 Μάρθας
741 519 804 560 τῆς
836 515 945 560 αὐτῆς
968 516 1151 563 θυγατρὸς
1176 516 1378 559 ανεδέξατο,
1404 516 1587 551 δεικνύναι
1606 517 1673 551 τὸν
1696 522 1768 552 τοῖς
1791 519 1914 563 νόμοις
1937 517 2175 567 διωρισμένον
2199 518 2312 564 αὐτὴν
2336 534 2451 565 παρα-

225 565 322 603 σχεῖν
353 559 463 607 ὅρκον
495 559 542 596 ὠς
574 560 748 606 δευτέροις
777 558 841 604 οὐχ
872 559 1036 605 ὁμιλήσει
1065 562 1201 608 γάμοις,
1232 566 1291 595 καὶ
1316 560 1363 596 οἷς
1387 564 1462 596 τῶν
1486 559 1607 606 ὅρκων
1631 565 1926 608 περιφρονήσασα
1951 564 2133 608 συνῴκησε
2155 567 2221 609 μὲν
2245 564 2351 612 ἀνδρὶ
2376 564 2449 599 δευ-

226 611 317 651 τέρῳ
343 611 401 640 καὶ
423 605 554 641 παῖδας
578 607 617 647 ἐξ
641 604 750 640 αἰτοῦ
776 610 998 650 ποιησαμένη
1024 605 1201 640 διαλύσεις
1224 605 1313 652 ὑπὲρ
1337 608 1399 650 τῆς
1421 607 1499 641 τῶν
1522 605 1745 654 πραγμάτων
1769 605 2096 643 ἀποκαταστάσεως
2117 611 2382 655 παρεσκεύασεν
2405 612 2452 644 εἰς

225 651 357 694 ἑαυτὴν
390 652 573 685 ἐκθέσθαι
597 649 762 697 Μάρθαν
792 651 860 694 τὴν
889 650 1147 696 λαμπροτάτην
1177 648 1284 694 αὐτῆς
1309 652 1514 698 θυγατέρα·
1539 650 1727 686 δύνασθαι
1751 651 1791 686 δὲ
1814 654 1938 688 πᾶσαν
1960 656 2055 696 ἔχειν
2077 652 2202 689 ἄδειαν
2226 655 2451 699 θεσπίζομεν

226 695 393 739 Μάρθαν
416 697 485 739 τὴν
508 695 767 741 λαμπροτάτην
790 697 844 739 τῷ
870 694 997 740 δικαίῳ
1021 698 1084 739 τῆς
1107 693 1435 730 ἀποκαταστάσεως
1458 694 1678 740 χρήσασθαι,
1704 697 1914 742 φάσκουσαν
1944 699 1999 732 ἔτι
2022 701 2081 732 καὶ
2104 700 2171 733 νῦν
2191 698 2294 734 οὔπω
2320 700 2451 743 ἑαυτὴν

225 742 398 784 ἐπιβῆναι
429 742 491 774 τοῦ
522 742 683 775 εἰκοστοῦ
715 744 880 785 πέμπτου
914 743 976 783 τῆς
1006 738 1144 783 ἡλικίας
1172 743 1286 783 ἔτους,
1318 738 1394 775 κατ’
1427 740 1533 775 οὐδὲν
1565 738 1809 785 ἀντικειμένης
1831 739 1920 788 αὐτῇ
1944 744 2004 785 τῆς
2023 743 2127 777 θείας
2151 744 2367 789 νομοθεσίας
2389 747 2450 788 τῆς

225 784 307 830 παρ’
340 784 443 830 ἡμῶν
469 787 536 830 μὲν
567 787 748 829 τεθείσης,
781 786 1023 828 θεσπιζούσης
1054 783 1093 818 δὲ
1123 786 1203 819 τοὺς
1225 784 1356 820 παῖδας
1379 785 1427 830 μὴ
1453 784 1637 820 δύνασθαι
1660 787 1752 820 κατὰ
1772 789 1848 821 τῶν
1872 789 2015 822 οἰκείων
2038 791 2176 833 γονέων
2198 791 2253 831 τῷ
2276 791 2338 831 τῆς
2361 786 2450 822 άπο-

225 830 477 864 καταστάσεως
500 829 710 876 χρήσασθαι
735 828 862 874 δικαίῳ
893 829 984 874 μηδὲ
1005 830 1086 864 τους
1108 827 1367 875 ἀπελευθέρους
1390 831 1482 864 κατὰ
1507 833 1584 865 τῶν
1607 831 1750 865 οἰκείων
1774 832 1991 876 πατρώνων,
2013 831 2073 866 διὰ
2096 833 2138 866 τὸ
2164 837 2245 878 περὶ
2265 835 2342 867 τῶν
2365 831 2450 868 ἀνα-

225 873 450 921 δεδεγμένων
480 875 547 918 τὴν
576 876 654 909 τῶν
684 875 828 908 οἰκείων
859 873 1005 910 παίδων
1037 874 1237 920 ἐπιτροπὴν
1262 876 1330 910 τὸν
1361 875 1476 919 νόμον
1506 874 1620 919 μηδὲν
1650 874 1894 922 διαλέγεσθαι,
1926 875 2142 912 τούναντίον
2174 876 2214 912 δὲ
2242 881 2302 912 καὶ
2325 879 2451 922 ἑτέραν

224 920 335 953 θείαν
366 918 472 963 ἡμῶν
503 920 728 963 νομοθεσίαν
757 919 848 962 μετὰ
880 921 996 954 ταῦτα
1025 921 1195 964 φοιτῆσαι
1226 920 1477 962 θεσπίζουσαν
1506 921 1586 955 τοὺς
1617 921 1904 965 καθισταμένους
1935 921 2149 966 ἐπιτρόπους
2178 922 2227 967 μὴ
2252 919 2368 957 ἄλλως
2390 923 2452 957 τὰς

224 965 300 998 τῶν
332 968 427 998 νέων
458 964 654 1020 ἐπιτροπὰς
685 961 947 1006 ἀναδέχεσθαι,
976 968 1064 1009 πρὶν
1093 963 1138 997 ἂν
1169 968 1209 998 ὲν
1239 967 1295 1008 τῷ
1324 966 1437 1010 καιρῷ
1471 967 1532 1008 τῆς
1563 967 1704 999 ἑαυτῶν
1735 965 1914 1012 προβολῆς
1936 966 2159 1001 κατάθοιντο
2178 967 2227 1010 μὴ
2251 967 2331 1001 τοὺς
2353 970 2451 1002 νέους

224 1007 511 1053 καταλιμπάνειν
541 1007 825 1054 αδεφενδεύτους,
856 1012 916 1043 καὶ
947 1010 978 1043 εἰ
1010 1013 1166 1053 συμβαίη
1197 1012 1257 1043 καὶ
1289 1013 1426 1053 μητέρα
1448 1012 1525 1044 τῶν
1548 1011 1691 1044 οἰκείων
1715 1009 1860 1046 παίδων
1884 1012 2084 1056 ἐπιτροπὴν
2109 1009 2370 1054 ἀναδέξασθαι,
2392 1016 2451 1045 καὶ

226 1051 337 1096 αὐτὴν
369 1055 476 1087 τοῦτο
506 1052 682 1100 πράττειν
713 1057 772 1087 καὶ
803 1054 915 1088 πᾶσιν
938 1054 1128 1096 ἐνέχεσθαι
1152 1057 1225 1088 τοῖς
1249 1056 1490 1109 ἐπιτροπικοῖς
1509 1054 1637 1108 λόγοις,
1661 1058 1720 1088 καὶ
1744 1056 1843 1101 εἴπερ
1866 1058 1988 1102 ἕτερον
2011 1056 2207 1101 βουληθείη
2231 1059 2302 1091 τοῖς
2326 1057 2452 1099 ἑαυτῆς

225 1096 502 1142 προβάλλεσθαι
534 1102 671 1141 παισίν,
695 1099 813 1142 οἰκείῳ
846 1097 1005 1142 κινδύνῳ
1029 1103 1088 1132 καὶ
1111 1100 1189 1134 τῶν
1211 1096 1454 1144 ύπαρχοντων
1479 1096 1568 1145 αἰτῃ
1592 1097 1817 1147 πραγμάτων
1840 1102 1946 1135 τοῦτο
1971 1105 2096 1136 ποιεῖν.
2145 1099 2233 1136 ὦςτε
2255 1099 2452 1136 κάνταῦθα

224 1142 371 1187 τρόποις
400 1140 516 1177 ἅπασι
548 1144 732 1188 προςήκειν
764 1142 930 1188 Μάρθαν
961 1145 1027 1186 τὴν
1052 1143 1320 1189 λαμπροτάτην,
1351 1145 1450 1189 εἴπερ
1483 1142 1588 1184 δείξει
1619 1144 1667 1188 μὴ
1698 1149 1950 1190 παρῳχηκέναι
1981 1146 2062 1180 τοὺς
2091 1145 2238 1191 χρόνους
2269 1148 2310 1180 ἐν
2337 1146 2387 1180 οἶς
2417 1146 2454 1180 οἱ

224 1191 306 1232 περὶ
329 1189 391 1231 τῆς
415 1187 742 1222 ἀποκαταστάσεως
766 1186 1008 1234 ἁρμόττουσιν
1032 1185 1122 1234 αὐτῇ
1147 1188 1258 1235 λόγοι,
1281 1192 1341 1223 καὶ
1364 1191 1408 1235 τῇ
1433 1188 1727 1223 ἀποκαταστάσει
1749 1191 1954 1235 χρήσασθαι
1983 1194 2043 1224 καὶ
2066 1195 2139 1225 τοῖς
2162 1189 2278 1225 ἄλλοις
2301 1187 2449 1233 ἅπασιν,

224 1233 275 1266 οἷς
300 1232 335 1266 οἱ
357 1232 522 1278 ἡμέτεροι
543 1232 650 1275 νόμοι
674 1236 746 1266 τοῖς
770 1230 826 1267 ἐπ>
852 1230 995 1268 ἀτελοῦς
1017 1231 1154 1277 ἡλικίας
1176 1227 1255 1268 οῦσι
1279 1235 1401 1268 πᾶσαν
1426 1232 1568 1268 διδόασι
1591 1238 1796 1279 παρρησίαν
1821 1248 1858 1269 τε
1882 1238 1940 1269 καὶ
1963 1235 2153 1279 βοήθειαν.
2200 1234 2452 1281 φυλάττεσθαι

224 1280 291 1322 μὲν
322 1277 390 1323 γὰρ
419 1281 479 1311 καὶ
509 1278 550 1311 τὸ
578 1276 751 1323 ἡμέτερον
779 1278 949 1321 θεσπίζει
981 1279 1109 1324 κράτος
1131 1278 1200 1321 τὴν
1223 1277 1460 1324 ὀφειλομένην
1482 1282 1556 1313 τοῖς
1574 1280 1718 1325 γονεῦσι
1742 1279 1839 1326 παρὰ
1862 1281 1940 1314 τῶν
1958 1279 2103 1315 παίδων
2127 1277 2217 1314 αἰδῶ
2243 1284 2302 1314 καὶ
2326 1282 2451 1315 πᾶσαν

223 1323 330 1366 τιμήν
361 1336 399 1356 τε
422 1325 483 1355 καὶ
507 1323 722 1368 θεραπείαν,
756 1324 795 1356 ἐν
817 1323 847 1365 ᾧ
871 1321 1025 1367 μηδεμία
1048 1321 1166 1367 βλάβη
1191 1321 1274 1368 παρ’
1302 1321 1426 1357 αὐτῶν
1449 1320 1526 1358 κατ’
1552 1325 1701 1358 ἐκείνων
1724 1327 1875 1370 γένοιτο,
1899 1325 1941 1359 τὸ
1968 1323 2007 1358 δὲ
2029 1327 2106 1359 τῶν
2132 1327 2169 1358 ἐκ
2189 1326 2253 1359 τοῦ
2278 1328 2451 1370 προτέρου

223 1367 339 1413 γάμου
370 1365 516 1402 παίδων
546 1367 727 1413 ὑπερορᾶν
756 1367 839 1402 οὔτε
870 1364 975 1402 ὅσιον
1002 1368 1095 1402 εἶναι
1126 1372 1293 1413 κρίνομεν
1320 1366 1402 1402 οὔτε
1424 1367 1541 1402 ἄλλως
1564 1367 1752 1414 προςήκειν
1775 1368 1821 1403 τοὶ
1847 1371 1885 1403 ἐκ
1908 1371 1969 1413 τῆς
1993 1367 2164 1414 πατρῴας
2182 1374 2386 1415 περιουσίας
2405 1371 2452 1404 εἰς

225 1409 353 1446 αὐτοὺς
384 1411 641 1457 περιερχόμενα
672 1412 869 1458 πράγματα
900 1413 964 1447 τὰς
994 1410 1161 1447 τοιαύτας
1190 1416 1342 1458 μητέρας
1377 1411 1563 1447 δύνασθαι
1595 1412 1715 1458 κέρδος
1738 1414 1867 1448 οἰκεῖον
1890 1410 1911 1457 ἢ
1935 1415 2011 1449 τῶν
2035 1414 2128 1449 κατὰ
2152 1412 2321 1462 δευτέραν
2345 1414 2452 1455 τάξιν

225 1454 347 1491 αὐταῖς
371 1455 666 1500 συνοικησάντων
690 1461 749 1491 καὶ
773 1458 850 1491 τῶν
870 1461 908 1491 ἐκ
928 1459 1003 1491 τῶν
1023 1455 1201 1492 τοιούτων
1223 1461 1425 1504 γινομένων
1450 1462 1683 1492 συνοικεσίων
1700 1457 1846 1494 παίδων
1869 1459 2067 1493 ποιεῖσθαι.

357 1500 643 1548 <Ἐπίλογος.>
695 1501 744 1535 Τὰ
774 1506 898 1536 τοίνυν
929 1500 1170 1548 παραστάντα
1201 1501 1288 1547 ἡμῖν
1318 1506 1378 1536 καὶ
1410 1501 1471 1537 διὰ
1502 1501 1608 1537 τοῦδε
1627 1504 1690 1537 τοῦ
1716 1504 1821 1537 θείου
1842 1505 2091 1550 πραγματικοῦ
2116 1502 2314 1547 δηλούμενα
2338 1503 2453 1538 τύπου

224 1542 245 1587 i]
269 1545 312 1589 σὴ
346 1545 538 1590 ἐνδοξότης
569 1544 645 1589 ἅμα
673 1548 726 1591 τῷ
758 1545 1027 1591 μακαριωτάτῳ
1051 1545 1322 1592 άρχιεπισκόπῳ
1346 1548 1409 1590 τῆς
1434 1547 1685 1582 Θεουπολιτῶν
1710 1549 1802 1594 ἔργῳ
1827 1551 1887 1582 καὶ
1911 1551 2039 1593 πέρατι
2061 1547 2322 1595 παραδοθῆναι
2347 1561 2454 1583 σπου-

225 1590 381 1625 δασάτω.
429 1593 474 1626 D.
500 1594 534 1627 k.
561 1592 666 1627 Febr.
693 1593 760 1626 GP.
787 1593 845 1627 dn.
871 1592 1068 1628 Iustiniano
1093 1604 1154 1637 pp.
1179 1595 1268 1636 Aug.
1289 1593 1387 1636 (III.)
1412 1603 1484 1628 cos.
2290 1596 2335 1636 [a.
2361 1596 2451 1636 533]

358 1735 386 1769 I.
435 1735 520 1770 Cum
551 1734 664 1779 iqitur
693 1735 782 1770 haec
810 1735 1029 1781 supplicatio
1062 1736 1273 1778 contineret,
1304 1736 1431 1771 merito
1463 1735 1513 1770 ad
1541 1735 1635 1771 hanc
1656 1747 1799 1771 sacram
1821 1737 2085 1782 pragmaticam
2108 1737 2267 1781 formam
2289 1739 2453 1784 respexi-

224 1790 312 1822 mus,
344 1790 418 1824 qua
447 1780 639 1821 sancimus,
673 1784 712 1814 ut
744 1783 915 1825 quoniam
945 1790 1053 1815 sacra
1077 1780 1140 1815 lex
1163 1784 1290 1815 nostra
1313 1780 1449 1815 nullam
1472 1781 1683 1815 mentionem
1706 1781 1803 1826 facit
1825 1792 1950 1816 earum
1973 1792 2067 1831 quae
2091 1781 2236 1817 tutelam
2260 1782 2453 1818 liberorum

223 1835 371 1859 suorum
400 1824 624 1870 susceperint
653 1828 688 1859 et
717 1825 894 1860 secundas
923 1825 1072 1870 nuptias
1099 1824 1293 1870 amplexae
1322 1826 1406 1866 sint,
1438 1835 1508 1859 non
1543 1824 1650 1859 liceat
1673 1825 1879 1860 Aua-entiae
1900 1826 2061 1869 feminae
2083 1825 2306 1862 clarissimae
2329 1827 2451 1863 eadem

224 1880 331 1904 sacra
355 1869 433 1914 leqe
455 1873 579 1903 nostra
600 1869 655 1904 uti
676 1879 754 1903 cum
776 1873 932 1915 propter
946 1869 1160 1915 praedictas
1183 1880 1313 1904 causas
1336 1873 1410 1903 tum
1434 1868 1534 1914 quod
1555 1873 1720 1904 actorum
1743 1870 1934 1914 confectio,
1953 1881 2002 1905 ex
2025 1881 2099 1915 qua
2119 1871 2265 1906 tutelam
2283 1871 2452 1909 Marthae

221 1914 322 1958 filiae
351 1924 438 1948 suae
468 1914 637 1959 suscepit,
670 1914 881 1959 comprobat
910 1925 988 1949 eam
1012 1913 1261 1949 iusiurandum
1286 1914 1424 1959 leqibus
1448 1914 1678 1948 constitutum
1699 1914 1923 1960 praestitisse
1945 1925 1983 1950 se
2005 1914 2183 1950 secundas
2205 1917 2354 1962 nuptias
2377 1928 2451 1952 non

224 1970 300 1994 esse
329 1959 511 1999 inituram,
543 1962 577 1992 et
607 1962 811 2003 contempto
844 1958 1077 1994 iureiurando
1109 1959 1341 1994 coniunoeisse
1370 1969 1409 1993 se
1438 1958 1596 1993 secundo
1621 1959 1711 2000 viro,
1744 1959 1935 2004 liberisque
1957 1969 2007 1994 ex
2026 1970 2068 1994 eo
2090 1961 2267 2006 susceptis
2289 1961 2452 2006 effecisse

224 2009 264 2037 ut
288 2004 495 2049 pactionem
526 2002 569 2037 de
597 2004 822 2038 restitutione
849 2014 970 2038 rerum
995 2002 1143 2038 Martha
1174 2003 1375 2038 clarissima
1406 2003 1522 2047 ipsius
1551 2003 1632 2046 filia
1662 2003 1734 2038 sibi
1761 2007 1974 2048 exponeret.
2023 2003 2212 2040 Sancimus
2241 2011 2379 2049 autem,
2411 2011 2451 2042 ut

223 2047 373 2083 Martha
395 2047 535 2092 femina
559 2046 761 2081 clarissima
780 2048 902 2092 possit
927 2058 1065 2082 omnem
1089 2047 1220 2082 habere
1240 2047 1455 2092 facultatem
1474 2047 1553 2081 iure
1576 2048 1614 2081 in
1629 2047 1809 2093 inteqrum
1824 2048 2062 2083 restitutionis
2076 2049 2211 2091 utendi,
2234 2052 2450 2095 praesertim

224 2104 302 2127 cum
335 2093 538 2127 etiamnunc
566 2102 605 2126 se
634 2091 841 2136 vigesimum
873 2091 1037 2136 quintum
1068 2092 1198 2127 aetatis
1228 2102 1362 2126 annum
1386 2091 1546 2126 nondum
1569 2092 1769 2138 inqressam
1794 2103 1869 2127 esse
1893 2091 2009 2127 dicat:
2038 2103 2083 2128 ne
2106 2093 2181 2128 ullo
2205 2095 2310 2130 modo
2333 2096 2367 2130 ei
2390 2096 2450 2131 ob-

223 2138 355 2172 iciatur
378 2146 485 2171 sacra
510 2136 572 2170 lex
587 2147 610 2170 a
626 2136 728 2171 nobis
743 2136 829 2178 lata,
854 2147 947 2182 quae
965 2136 1085 2172 sancit
1099 2147 1171 2171 non
1186 2146 1294 2182 posse
1310 2136 1442 2172 liberos
1458 2139 1585 2172 contra
1594 2140 1770 2182 parentes
1784 2147 1871 2172 suos
1887 2148 1953 2173 nec
1970 2137 2115 2173 libertos
2132 2143 2259 2174 contra
2268 2143 2451 2185 patronos

222 2192 309 2216 suos
334 2181 372 2215 in
404 2181 582 2225 inteqrum
611 2181 849 2216 restitutionis
880 2182 958 2217 iure
989 2182 1057 2223 uti,
1089 2186 1287 2228 propterea
1317 2181 1415 2226 quod
1444 2181 1488 2216 de
1519 2182 1565 2216 iis
1587 2182 1653 2227 qui
1674 2181 1867 2217 liberorum
1890 2193 2037 2217 suorum
2060 2183 2206 2218 tutelam
2229 2186 2454 2231 susceperint

223 2227 288 2262 illa
313 2226 375 2261 leoe
398 2225 489 2260 nihil
511 2227 675 2271 exponit,
700 2237 720 2261 e
742 2226 926 2261 contrario
948 2237 1031 2262 vero
1055 2229 1171 2262 altera
1193 2237 1335 2272 quoque
1355 2236 1463 2261 sacra
1485 2226 1548 2262 lex
1570 2231 1697 2262 nostra
1714 2231 1847 2273 postea
1869 2227 2009 2273 prodiit
2031 2238 2126 2273 quae
2148 2229 2276 2271 sancit,
2301 2235 2341 2264 ut
2359 2235 2452 2266 tuto-

223 2282 282 2307 res
313 2271 375 2316 qui
406 2271 644 2305 instituantur
677 2282 750 2305 non
786 2271 894 2306 aliter
928 2272 1107 2306 minorum
1139 2271 1269 2307 tutelas
1298 2271 1501 2317 suscipiant
1529 2282 1638 2317 quam
1668 2272 1702 2306 si
1721 2277 1880 2317 tempore
1910 2272 2170 2318 desiqnationis
2197 2284 2286 2309 suae
2317 2276 2452 2311 testati-

223 2327 325 2351 onem
361 2315 590 2361 deposuerint
620 2326 659 2351 se
689 2317 845 2351 minores
877 2316 1089 2362 indefensos
1119 2327 1193 2351 non
1224 2316 1431 2358 relicturos,
1463 2319 1498 2351 et
1527 2317 1559 2351 si
1590 2317 1696 2351 etiam
1726 2321 1876 2352 matrem
1906 2316 2097 2352 liberorum
2128 2328 2274 2353 suorum
2305 2320 2452 2355 tutelam

222 2361 405 2406 suscipere
439 2360 644 2406 continqat‚
674 2361 756 2407 ipsa
787 2372 930 2406 quoque
962 2360 1031 2396 hoc
1051 2361 1173 2407 faciat
1201 2366 1310 2407 atque
1338 2362 1501 2397 omnibus
1531 2361 1663 2396 tutelae
1692 2361 1898 2397 rationibus
1922 2361 2084 2397 obnoxia
2106 2363 2164 2405 sit,
2188 2367 2224 2398 et
2244 2364 2278 2398 si
2300 2364 2453 2400 alterum

224 2407 344 2441 liberis
372 2405 448 2439 suis
477 2405 669 2450 desiqnare
701 2410 854 2441 tutorem
879 2405 1041 2447 voluerit,
1066 2406 1235 2453 periculo
1265 2416 1331 2441 suo
1362 2410 1399 2442 et
1425 2417 1545 2441 rerum
1568 2417 1717 2442 suarum
1741 2406 1781 2442 id
1801 2407 1931 2451 faciat.
1980 2405 2111 2452 Itaque
2133 2406 2191 2442 hic
2215 2419 2360 2454 quoque
2380 2421 2452 2445 om-

223 2451 327 2486 uibus
350 2450 467 2485 modis
490 2451 667 2493 convenit,
692 2455 734 2486 ut
755 2450 903 2486 Martha
921 2451 1062 2496 femina
1087 2451 1300 2494 clarissima,
1324 2452 1359 2486 si
1379 2452 1521 2497 quidem
1544 2452 1833 2497 comprobaverit
1855 2463 1928 2487 non
1937 2452 2160 2498 praeterisse
2175 2455 2337 2500 tempora
2353 2454 2452 2491 intra

224 2507 317 2541 quae
346 2495 585 2531 restitutionis
615 2495 843 2531 condiciones
870 2497 944 2543 ipsi
973 2499 1196 2543 competunt,
1227 2500 1263 2531 et
1293 2497 1519 2532 restitutione
1549 2499 1674 2531 utatur
1703 2501 1740 2533 et
1769 2497 1919 2576 ressquis
1950 2497 2112 2532 omnibus
2135 2508 2208 2544 per
2239 2509 2333 2543 quae
2356 2499 2454 2546 leqes

222 2546 367 2576 nostrae
390 2541 435 2575 iis
458 2541 523 2585 qui
544 2542 778 2587 imperfectae
800 2545 885 2576 sunt
908 2541 1037 2576 aetatis
1062 2552 1199 2576 omnem
1223 2541 1362 2576 veniam
1386 2545 1421 2577 et
1444 2552 1548 2588 opem
1564 2545 1771 2588 praestant.
1845 2542 1952 2577 tenim
1975 2542 2146 2578 maiestas
2167 2553 2309 2588 quoque
2324 2548 2452 2581 nostra

223 2586 350 2628 sancit,
373 2589 415 2620 ut
436 2589 597 2620 servetur
620 2587 820 2622 reverentia
844 2597 938 2632 quae
954 2587 1171 2632 parentibus
1194 2597 1216 2620 a
1241 2585 1360 2621 liberis
1382 2586 1529 2622 debetur
1554 2587 1740 2632 omnisque
1759 2586 1875 2622 honor
1898 2589 1932 2622 et
1957 2586 2085 2629 cultus,
2109 2586 2298 2623 dummodo
2314 2589 2451 2624 nullum

224 2631 268 2665 ab
300 2631 391 2676 ipsis
422 2630 590 2665 damnum
614 2631 687 2666 illis
711 2631 895 2676 inferatur
902 2645 917 2673 ‚·
941 2635 1118 2677 parentes
1140 2642 1224 2666 vero
1249 2630 1379 2667 liberos
1400 2642 1450 2667 ex
1467 2631 1598 2678 priore
1618 2631 1846 2667 matrimonio
1869 2634 1974 2667 natos
1996 2632 2180 2679 neqliqere
2203 2643 2268 2669 nec
2288 2633 2353 2679 fas
2376 2644 2452 2670 esse

223 2675 423 2710 iudicamus
454 2686 570 2721 neque
600 2675 740 2721 alioqui
769 2676 957 2712 convenire
987 2679 1030 2711 ut
1058 2686 1117 2711 res
1141 2687 1234 2721 quae
1256 2687 1305 2712 ex
1322 2680 1484 2722 paterna
1506 2677 1710 2712 substantia
1733 2677 1783 2712 ad
1804 2687 1867 2712 eos
1882 2677 2101 2723 perveniant
2122 2677 2300 2714 eiusmodi
2318 2683 2452 2715 matres

221 2721 365 2766 possint
395 2720 433 2754 in
463 2731 566 2755 suum
598 2721 656 2756 vel
682 2732 807 2756 eorum
838 2721 902 2766 qui
930 2721 1088 2756 secunda
1119 2723 1195 2757 vice
1225 2721 1315 2767 ipsis
1337 2722 1522 2757 coniuncti
1541 2724 1626 2757 sunt
1648 2721 1705 2757 vel
1727 2721 1919 2757 liberorum
1942 2732 1992 2757 ex
2015 2722 2193 2757 eiusmodi
2213 2725 2453 2760 matrimoniis

216 2769 499 2811 procreatorum
522 2765 660 2801 lucrum
684 2771 899 2802 convertere.

359 2809 599 2856 Epiloqus.
646 2809 746 2853 Quae
775 2811 889 2856 iqitur
918 2810 1022 2846 nobis
1049 2810 1268 2856 placuerunt
1297 2814 1332 2845 et
1385 2821 1425 2845 er
1455 2809 1549 2846 hanc
1578 2820 1722 2846 sacram
1746 2810 2014 2856 praqmaticam
2035 2810 2196 2856 formam
2219 2810 2452 2848 declarantur

225 2860 287 2890 tua
310 2854 430 2900 qloria
453 2855 563 2890 simul
583 2865 663 2890 cum
685 2855 888 2891 beatissimo
913 2855 1188 2902 archiepiscopo
1211 2854 1312 2890 urbis
1365 2855 1620 2901 heopolitanae
1643 2854 1693 2890 ad
1720 2865 1813 2901 opus
1834 2855 2072 2900 effectumque
2095 2855 2275 2891 adducere
2297 2857 2450 2893 studeat.

271 3003 292 3034 4
326 3002 404 3042 *τε]
438 2998 478 3033 δὲ
502 3002 585 3041 ML,
618 3014 676 3034 om.
702 3014 770 3034 cum
790 3001 974 3043 Scrimqero
1006 3003 1093 3044 vulp.
1126 3001 1138 3043 ΙΙ
1170 2998 1213 3033 τὸ
1236 2997 1305 3043 τὴν
1374 2999 1665 3043 συνοικησάντων
1689 3001 1720 3033 L
1748 3001 1760 3043 H
1783 3003 1985 3046 γινομένων
2009 3001 2050 3034 Μ
2071 3001 2162 3042 Ath.]
2191 3003 2396 3046 γενομένων
2418 3005 2451 3037 L

225 3047 425 3087 Zachariae]
457 3044 523 3087 τὴν
556 3047 646 3087 ML,
676 3044 720 3079 τὸ
752 3046 948 3078 Haloander
980 3049 992 3089 ΙΙ
1023 3048 1041 3079 5
1069 3045 1216 3090 μάρθης
1239 3047 1270 3078 L
1294 3044 1306 3090 Η
1373 3047 1457 3086 vulo.
1490 3045 1502 3089 ΙΙ
1536 3048 1577 3080 27
1610 3043 1811 3088 δηλούμενα
1838 3044 1953 3085 τύπου
1985 3047 2023 3087 (s.
2045 3059 2073 3079 v.
2106 3044 2231 3089 νόμου)
2262 3047 2305 3087 L]
2336 3046 2450 3081 τύπου

225 3088 419 3131 δεικνύναι]
445 3088 629 3124 δεικνύναι
649 3103 690 3123 τε
717 3103 785 3124 cum
808 3091 1007 3123 Haloandro
1028 3093 1114 3134 vuly.
1139 3092 1222 3124 male
1247 3090 1259 3134 ΙΙ
1284 3091 1304 3123 6
1374 3088 1571 3134 δηλούμενα
1595 3091 1638 3123 Μ
1656 3090 1668 3133 ΙΙ
1697 3092 1739 3124 28
1765 3089 1997 3124 θεοπολιτῶν
2018 3091 2050 3123 L
2074 3090 2086 3134 ΙΙ
2113 3088 2303 3125 σπευσάτω
2329 3093 2359 3125 L
2375 3092 2387 3136 ΙΙ
2407 3095 2449 3127 29

223 3137 291 3178 μὲν
314 3144 490 3178 suspectum
519 3137 531 3178 11
561 3138 580 3170 8
604 3133 743 3180 μάρθα
759 3136 791 3168 L
823 3135 835 3178 ΙΙ
868 3132 918 3175 δὲ]
952 3132 996 3177 δὴ
1020 3148 1087 3169 cum
1107 3136 1304 3169 Haloandro
1372 3138 1492 3169 subscr.
1518 3136 1550 3168 d.
1575 3136 1607 3167 k.
1632 3135 1714 3168 febr.
1739 3146 1785 3168 cr.
1810 3136 1866 3168 dn.
1890 3136 2005 3168 iustin.
2030 3146 2086 3178 pp.
2110 3146 2187 3177 aug.
2211 3146 2261 3168 uc.
2288 3147 2392 3170 conss.
2410 3138 2455 3170 Μ

222 3182 309 3223 vulq.
327 3180 339 3223 ΙΙ
361 3183 401 3214 10
423 3182 588 3221 πέμπτου
606 3182 648 3222 L]
674 3193 733 3213 om.
752 3181 794 3212 M
808 3180 820 3223 ΙΙ
840 3182 877 3213 11
904 3180 971 3222 μὲν
987 3193 1045 3213 om.
1064 3182 1094 3213 L
1112 3180 1124 3223 ss
1145 3183 1187 3214 14
1210 3180 1301 3213 θεί*
1373 3181 1461 3215 Δατ.
1495 3178 1571 3212 καλ.
1606 3181 1714 3223 Φεβρ.
1746 3178 1928 3223 βασιλείας
1955 3176 2208 3213 Ἰουστινιανοῦ
2238 3178 2450 3226 Αὐγούστου

225 3226 275 3257 La
303 3225 314 3267 ΙΙ
338 3225 575 3267 νομοθεσίαν]
606 3227 682 3259 Cod.
701 3228 732 3265 5,
749 3232 796 3266 37,
813 3232 848 3258 28
877 3229 892 3263 ξ
913 3232 927 3257 4
947 3224 959 3268 ΙΙ
984 3227 1023 3258 15
1051 3222 1304 3264 ἀναδέξασθαι
1372 3221 1544 3258 ὑπατείας
1565 3225 1630 3257 τοῦ
1654 3223 1763 3258 αὐτοῦ
1780 3226 1856 3258 Ath.
1903 3224 2119 3269 ἐξεφωνήθη
2145 3225 2204 3258 ἐπὶ
2227 3225 2271 3271 τῇ
2295 3223 2451 3268 ὑπατείᾳ

224 3270 255 3301 L
275 3269 286 3312 11
305 3272 344 3303 17
371 3269 561 3311 ἐνέχεσθαι
580 3278 657 3313 post
680 3267 796 3315 λόγοις
813 3270 885 3302 coll.
908 3270 939 3302 L
958 3271 969 3312 Η
985 3267 1102 3314 λόγοις
1125 3271 1197 3303 ML
1213 3271 1302 3311 Am]
1370 3265 1622 3303 Ἰουστινιανοῦ
1649 3270 1681 3302 T
1679 3271 1769 3303 heod-
1817 3271 1990 3304 Numerum
2014 3270 2082 3302 111.
2114 3270 2221 3312 suppl.
2251 3271 2448 3312 Zachariae,

225 3311 403 3357 λογισμοῖς
435 3317 516 3348 coni.
542 3316 729 3348 Zachariae
753 3327 815 3347 non
840 3322 922 3347 recte
950 3314 962 3357 ΙΙ
992 3314 1128 3348 ἑαυτοῖς
1153 3315 1196 3347 Μ
1221 3314 1233 3359 ΙΙ
1263 3315 1302 3349 19
1371 3322 1454 3347 recte
1487 3327 1614 3348 monens
1638 3315 1678 3347 de
1701 3316 1839 3348 secundo
1861 3316 2028 3348 consulatu
2052 3315 2096 3357 (α.
2122 3316 2200 3354 528)
2226 3316 2366 3358 coyitari
2387 3328 2448 3348 non

226 3354 334 3397 δείξοι
359 3360 398 3391 Μ
413 3359 425 3401 ΙΙ
441 3358 489 3401 μὴ
515 3373 573 3394 om.
594 3360 642 3392 L¹
659 3359 671 3402 ΙΙ
690 3361 732 3393 20
756 3361 815 3392 καὶ
837 3359 893 3404 τῇ]
919 3361 978 3392 καὶ
1001 3372 1059 3392 οηι.
1081 3361 1113 3392 L
1130 3359 1142 3402 ΙΙ
1161 3361 1200 3393 21
1234 3360 1301 3393 πᾶ-
1367 3372 1473 3403 posse,
1498 3372 1566 3392 cum
1588 3372 1618 3392 a.
1645 3361 1710 3393 529
1736 3361 1857 3393 demum
1881 3368 1911 3393 et
1932 3360 2119 3393 Belisarius
2143 3361 2295 3402 maqister
2318 3361 2447 3393 militum

226 3413 295 3434 σαν
319 3404 361 3443 L]
380 3405 483 3445 νπᾶσι
508 3405 558 3445 ΙΙΙ,
590 3407 695 3438 παισὶ
717 3405 911 3445 ῌαίοαηιίεν
939 3404 951 3447 ΙΙ
981 3405 1023 3438 22
1056 3403 1146 3437 αἰδοὺ
1172 3403 1268 3438 M⁶L
1291 3403 1303 3448 l]
1367 3417 1429 3446 per
1458 3405 1616 3437 Orientem
1637 3406 1753 3446 factus
1784 3406 1826 3438 sit
1850 3412 1880 3438 et
1902 3405 2096 3450 Antiochiae
2118 3416 2228 3437 nomen
2250 3405 2382 3437 inditum
2405 3405 2447 3436 sit

226 3448 267 3478 23
301 3447 340 3479 ἐν
368 3446 397 3489 ᾧ
423 3449 494 3481 ML
519 3450 608 3490 Ath.]
638 3446 691 3493 ἐφ’
715 3446 745 3491 ᾡ
768 3451 847 3482 coni.
873 3449 1060 3492 Hombequ
1082 3451 1150 3482 sine
1175 3462 1275 3483 causa
1291 3450 1303 3492 ΙΙ
1373 3450 1545 3492 Theopolis
1561 3450 1602 3489 (υ.
1622 3450 1697 3491 28);
1710 3457 1884 3493 praeterea
1906 3451 1990 3494 leyes
2007 3450 2130 3483 altatae
2145 3449 2235 3491 (731,
2249 3455 2294 3482 24.
2313 3448 2448 3491 732‚14)

228 3491 361 3524 ἐκεῖνον
385 3493 415 3524 L
434 3493 446 3536 ss
463 3492 504 3524 τὸ
531 3491 570 3527 δὲ
594 3493 637 3537 L]
662 3492 744 3527 τοὺς
765 3490 804 3526 δὲ
828 3493 896 3536 Ml]
914 3495 958 3527 24
980 3493 1072 3526 εἶναι
1097 3507 1156 3527 om.
1180 3495 1211 3527 L
1231 3494 1242 3537 ΙΙ
1259 3495 1301 3527 26
1371 3495 1451 3526 αηηί
1471 3501 1545 3527 sunt
1569 3495 1646 3528 531.

2478 752 2516 783 10

2479 976 2517 1007 15

2476 1198 2517 1230 20

2476 1419 2517 1452 25
