<?xml version="1.0" encoding="UTF-8"?>
<!DOCTYPE html PUBLIC "-//W3C//DTD XHTML 1.0 Transitional//EN"
    "http://www.w3.org/TR/xhtml1/DTD/xhtml1-transitional.dtd">
<html xmlns="http://www.w3.org/1999/xhtml" xml:lang="en" lang="en">
 <head>
  <title>
</title>
<meta http-equiv="Content-Type" content="text/html;charset=utf-8" />
  <meta name='ocr-system' content='tesseract 3.04.00' />
  <meta name='ocr-capabilities' content='ocr_page ocr_carea ocr_par ocr_line ocrx_word'/>
</head>
<body>
  <div class='ocr_page' id='page_1' title='image "./corpusiuriscivil03krueuoft_0175.png"; bbox 0 0 2618 4010; ppageno 0'>
   <div class='ocr_carea' id='block_1_1' title="bbox 76 127 408 184">
    <p class='ocr_par' dir='ltr' id='par_1_1' title="bbox 76 127 408 184">
     <span class='ocr_line' id='line_1_1' title="bbox 76 127 408 184; baseline -0.006 -19"><span class='ocrx_word' id='word_1_1' title='bbox 76 181 79 184; x_wconf 15' lang='grc' dir='ltr'><em>Δ</em></span> <span class='ocrx_word' id='word_1_2' title='bbox 112 132 172 165; x_wconf 79' lang='lat' dir='ltr'><strong>DE</strong></span> <span class='ocrx_word' id='word_1_3' title='bbox 201 127 408 165; x_wconf 72' lang='lat' dir='ltr'><strong>ARMENHS</strong></span> 
     </span>
    </p>
   </div>
   <div class='ocr_carea' id='block_1_2' title="bbox 110 226 1192 1046">
    <p class='ocr_par' dir='ltr' id='par_1_2' title="bbox 110 226 1192 1046">
     <span class='ocr_line' id='line_1_2' title="bbox 112 226 1189 277; baseline -0.003 -9"><span class='ocrx_word' id='word_1_4' title='bbox 112 231 265 268; x_wconf 76' lang='grc' dir='ltr'><strong><em>εστάναι</em></strong></span> <span class='ocrx_word' id='word_1_5' title='bbox 283 230 463 267; x_wconf 72' lang='grc' dir='ltr'><strong><em>πολιτείας</em></strong></span> <span class='ocrx_word' id='word_1_6' title='bbox 493 226 614 277; x_wconf 81' lang='grc' dir='ltr'><strong><em>ἀρχαῖς</em></strong></span> <span class='ocrx_word' id='word_1_7' title='bbox 636 242 677 264; x_wconf 78' lang='grc' dir='ltr'><strong>τε</strong></span> <span class='ocrx_word' id='word_1_8' title='bbox 699 227 909 275; x_wconf 83' lang='grc' dir='ltr'><strong><em>Ῥωμαϊκαῖς</em></strong></span> <span class='ocrx_word' id='word_1_9' title='bbox 931 229 1189 276; x_wconf 70' lang='grc' dir='ltr'><strong><em>ἑκοσμήσαμεν,</em></strong></span> 
     </span>
     <span class='ocr_line' id='line_1_3' title="bbox 112 273 1187 326; baseline -0.003 -13"><span class='ocrx_word' id='word_1_10' title='bbox 112 278 191 313; x_wconf 83' lang='grc' dir='ltr'><strong>τῶν</strong></span> <span class='ocrx_word' id='word_1_11' title='bbox 215 279 403 326; x_wconf 72' lang='grc' dir='ltr'><strong><em>προτέρων</em></strong></span> <span class='ocrx_word' id='word_1_12' title='bbox 426 274 540 320; x_wconf 78' lang='grc' dir='ltr'><strong><em>αὐτὴν</em></strong></span> <span class='ocrx_word' id='word_1_13' title='bbox 569 273 839 316; x_wconf 77' lang='grc' dir='ltr'><strong><em>ἀπαλλάξαντες</em></strong></span> <span class='ocrx_word' id='word_1_14' title='bbox 869 273 1077 320; x_wconf 78' lang='grc' dir='ltr'><strong><em>ὀνομάτων,</em></strong></span> <span class='ocrx_word' id='word_1_15' title='bbox 1107 273 1187 320; x_wconf 85' lang='grc' dir='ltr'><strong><em>σχή-</em></strong></span> 
     </span>
     <span class='ocr_line' id='line_1_4' title="bbox 110 317 1186 369; baseline -0.001 -12"><span class='ocrx_word' id='word_1_16' title='bbox 110 326 205 368; x_wconf 84' lang='grc' dir='ltr'><strong><em>μασί</em></strong></span> <span class='ocrx_word' id='word_1_17' title='bbox 231 335 272 357; x_wconf 78' lang='grc' dir='ltr'><strong>τε</strong></span> <span class='ocrx_word' id='word_1_18' title='bbox 302 323 462 369; x_wconf 78' lang='grc' dir='ltr'><strong><em>χρῆσθαι</em></strong></span> <span class='ocrx_word' id='word_1_19' title='bbox 485 324 559 356; x_wconf 88' lang='grc' dir='ltr'><strong><em>τοῖς</em></strong></span> <span class='ocrx_word' id='word_1_20' title='bbox 580 317 768 366; x_wconf 85' lang='grc' dir='ltr'><strong><em>Ῥωμαίων</em></strong></span> <span class='ocrx_word' id='word_1_21' title='bbox 793 322 1070 367; x_wconf 80' lang='grc' dir='ltr'><strong><em>συνειθίσαμεν,</em></strong></span> <span class='ocrx_word' id='word_1_22' title='bbox 1101 322 1186 356; x_wconf 84' lang='grc' dir='ltr'><strong><em>θεσ-</em></strong></span> 
     </span>
     <span class='ocr_line' id='line_1_5' title="bbox 110 363 1188 413; baseline -0.003 -10"><span class='ocrx_word' id='word_1_23' title='bbox 110 366 196 412; x_wconf 79' lang='grc' dir='ltr'><strong>μούς</strong></span> <span class='ocrx_word' id='word_1_24' title='bbox 217 381 257 403; x_wconf 81' lang='grc' dir='ltr'><strong>τε</strong></span> <span class='ocrx_word' id='word_1_25' title='bbox 280 366 344 402; x_wconf 84' lang='grc' dir='ltr'><strong><em>οὐκ</em></strong></span> <span class='ocrx_word' id='word_1_26' title='bbox 366 366 491 402; x_wconf 78' lang='grc' dir='ltr'><strong><em>ἄλλους</em></strong></span> <span class='ocrx_word' id='word_1_27' title='bbox 519 366 612 401; x_wconf 77' lang='grc' dir='ltr'><strong><em>εἶναι</em></strong></span> <span class='ocrx_word' id='word_1_28' title='bbox 640 365 733 413; x_wconf 73' lang='grc' dir='ltr'><strong><em>παρ’</em></strong></span> <span class='ocrx_word' id='word_1_29' title='bbox 762 364 878 402; x_wconf 78' lang='grc' dir='ltr'><strong><em>αὐτοῖς</em></strong></span> <span class='ocrx_word' id='word_1_30' title='bbox 897 364 918 410; x_wconf 85' lang='grc' dir='ltr'><em>ἢ</em></span> <span class='ocrx_word' id='word_1_31' title='bbox 941 364 1001 402; x_wconf 68' lang='grc' dir='ltr'><strong>οὓς</strong></span> <span class='ocrx_word' id='word_1_32' title='bbox 1023 363 1188 412; x_wconf 84' lang='grc' dir='ltr'><strong><em>Ῥωμαῖοι</em></strong></span> 
     </span>
     <span class='ocr_line' id='line_1_6' title="bbox 112 409 1186 469; baseline -0.001 -21"><span class='ocrx_word' id='word_1_33' title='bbox 112 416 322 459; x_wconf 70' lang='grc' dir='ltr'><strong><em>νομίζωσιν</em></strong></span> <span class='ocrx_word' id='word_1_34' title='bbox 356 411 541 457; x_wconf 72' lang='grc' dir='ltr'><strong><em>ἐτάξαμεν.</em></strong></span> <span class='ocrx_word' id='word_1_35' title='bbox 601 414 674 445; x_wconf 78' lang='grc' dir='ltr'><strong>Καὶ</strong></span> <span class='ocrx_word' id='word_1_36' title='bbox 714 409 890 457; x_wconf 76' lang='grc' dir='ltr'><strong><em>ᾠήθημεν</em></strong></span> <span class='ocrx_word' id='word_1_37' title='bbox 924 413 1051 460; x_wconf 86' lang='grc' dir='ltr'><strong><em>χρῆναι</em></strong></span> <span class='ocrx_word' id='word_1_38' title='bbox 1088 412 1186 469; x_wconf 59' lang='grc' dir='ltr'><strong><em>ῥητῷ</em></strong></span> 
     </span>
     <span class='ocr_line' id='line_1_7' title="bbox 112 454 1189 504; baseline -0.002 -11"><span class='ocrx_word' id='word_1_39' title='bbox 112 457 214 504; x_wconf 74' lang='grc' dir='ltr'><strong><em>νόμῳ</em></strong></span> <span class='ocrx_word' id='word_1_40' title='bbox 249 456 391 493; x_wconf 78' lang='grc' dir='ltr'><strong><em>κάκεῖνο</em></strong></span> <span class='ocrx_word' id='word_1_41' title='bbox 422 457 686 502; x_wconf 72' lang='grc' dir='ltr'><strong><em>ἐπανορθῶσαι</em></strong></span> <span class='ocrx_word' id='word_1_42' title='bbox 719 458 762 492; x_wconf 87' lang='grc' dir='ltr'><strong>τὸ</strong></span> <span class='ocrx_word' id='word_1_43' title='bbox 797 458 915 492; x_wconf 81' lang='grc' dir='ltr'><strong><em>κακῶς</em></strong></span> <span class='ocrx_word' id='word_1_44' title='bbox 947 454 1036 504; x_wconf 73' lang='grc' dir='ltr'><strong><em>παρ’</em></strong></span> <span class='ocrx_word' id='word_1_45' title='bbox 1070 460 1189 492; x_wconf 88' lang='grc' dir='ltr'><strong><em>αυτοῖς</em></strong></span> 
     </span>
     <span class='ocr_line' id='line_1_8' title="bbox 112 500 1189 551; baseline -0.001 -14"><span class='ocrx_word' id='word_1_46' title='bbox 112 500 428 551; x_wconf 79' lang='grc' dir='ltr'><strong><em>ἁμαρτανόμενον,</em></strong></span> <span class='ocrx_word' id='word_1_47' title='bbox 464 505 524 537; x_wconf 73' lang='grc' dir='ltr'><strong>καὶ</strong></span> <span class='ocrx_word' id='word_1_48' title='bbox 553 502 602 547; x_wconf 87' lang='grc' dir='ltr'><strong><em>μὴ</em></strong></span> <span class='ocrx_word' id='word_1_49' title='bbox 637 501 729 537; x_wconf 82' lang='grc' dir='ltr'><strong><em>κατὰ</em></strong></span> <span class='ocrx_word' id='word_1_50' title='bbox 764 502 806 537; x_wconf 87' lang='grc' dir='ltr'><strong>τὸ</strong></span> <span class='ocrx_word' id='word_1_51' title='bbox 842 501 1069 550; x_wconf 82' lang='grc' dir='ltr'><strong><em>βαρβαρικὸν</em></strong></span> <span class='ocrx_word' id='word_1_52' title='bbox 1102 503 1189 537; x_wconf 70' lang='grc' dir='ltr'><strong><em>ἔθος</em></strong></span> 
     </span>
     <span class='ocr_line' id='line_1_9' title="bbox 112 546 1190 595; baseline -0.001 -12"><span class='ocrx_word' id='word_1_53' title='bbox 112 546 260 595; x_wconf 79' lang='grc' dir='ltr'><strong><em>ἀνδρῶν</em></strong></span> <span class='ocrx_word' id='word_1_54' title='bbox 281 551 349 594; x_wconf 76' lang='grc' dir='ltr'><strong>μὲν</strong></span> <span class='ocrx_word' id='word_1_55' title='bbox 373 549 466 583; x_wconf 83' lang='grc' dir='ltr'><strong><em>εἶναι</em></strong></span> <span class='ocrx_word' id='word_1_56' title='bbox 494 547 556 582; x_wconf 86' lang='grc' dir='ltr'><strong>τὰς</strong></span> <span class='ocrx_word' id='word_1_57' title='bbox 580 546 745 590; x_wconf 80' lang='grc' dir='ltr'><strong><em>διαδοχὰς</em></strong></span> <span class='ocrx_word' id='word_1_58' title='bbox 774 549 853 583; x_wconf 86' lang='grc' dir='ltr'><strong>τῶν</strong></span> <span class='ocrx_word' id='word_1_59' title='bbox 881 561 922 582; x_wconf 82' lang='grc' dir='ltr'><strong>τε</strong></span> <span class='ocrx_word' id='word_1_60' title='bbox 950 551 1090 595; x_wconf 76' lang='grc' dir='ltr'><strong><em>γονέων</em></strong></span> <span class='ocrx_word' id='word_1_61' title='bbox 1112 549 1190 583; x_wconf 75' lang='grc' dir='ltr'><strong>τῶν</strong></span> 
     </span>
     <span class='ocr_line' id='line_1_10' title="bbox 112 590 1190 640; baseline 0 -13"><span class='ocrx_word' id='word_1_62' title='bbox 112 607 152 628; x_wconf 84' lang='grc' dir='ltr'><strong>τε</strong></span> <span class='ocrx_word' id='word_1_63' title='bbox 173 591 260 628; x_wconf 71' lang='grc' dir='ltr'><strong><em>ἀδελ</em></strong></span> <span class='ocrx_word' id='word_1_64' title='bbox 290 595 343 628; x_wconf 77' lang='grc' dir='ltr'><strong>ὧν</strong></span> <span class='ocrx_word' id='word_1_65' title='bbox 373 595 436 629; x_wconf 80' lang='grc' dir='ltr'><strong>τοῦ</strong></span> <span class='ocrx_word' id='word_1_66' title='bbox 462 606 503 628; x_wconf 82' lang='grc' dir='ltr'><strong>τε</strong></span> <span class='ocrx_word' id='word_1_67' title='bbox 534 592 641 627; x_wconf 80' lang='grc' dir='ltr'><strong><em>ἄλλου</em></strong></span> <span class='ocrx_word' id='word_1_68' title='bbox 671 596 810 639; x_wconf 79' lang='grc' dir='ltr'><strong><em>γένους,</em></strong></span> <span class='ocrx_word' id='word_1_69' title='bbox 841 594 1025 640; x_wconf 79' lang='grc' dir='ltr'><strong><em>γυναικῶν</em></strong></span> <span class='ocrx_word' id='word_1_70' title='bbox 1056 591 1096 627; x_wconf 73' lang='grc' dir='ltr'><strong>δὲ</strong></span> <span class='ocrx_word' id='word_1_71' title='bbox 1126 590 1190 627; x_wconf 82' lang='grc' dir='ltr'><strong><em>οὐκ</em></strong></span> 
     </span>
     <span class='ocr_line' id='line_1_11' title="bbox 115 607 644 684; baseline 0 -11"><span class='ocrx_word' id='word_1_72' title='bbox 115 641 181 681; x_wconf 75' lang='grc' dir='ltr'><strong><em>ἔτι,</em></strong></span> <span class='ocrx_word' id='word_1_73' title='bbox 199 607 287 684; x_wconf 53' lang='lat' dir='ltr'><strong>,ung</strong></span> <span class='ocrx_word' id='word_1_74' title='bbox 637 636 644 648; x_wconf 76' lang='lat'>⁷</span> 
     </span>
     <span class='ocr_line' id='line_1_12' title="bbox 112 681 1190 732; baseline -0.001 -14"><span class='ocrx_word' id='word_1_75' title='bbox 112 683 357 732; x_wconf 71' lang='grc' dir='ltr'><strong><em>ἀγοράζεσθαι</em></strong></span> <span class='ocrx_word' id='word_1_76' title='bbox 387 684 487 729; x_wconf 83' lang='grc' dir='ltr'><strong><em>παρὰ</em></strong></span> <span class='ocrx_word' id='word_1_77' title='bbox 519 685 597 719; x_wconf 79' lang='grc' dir='ltr'><strong>τῶν</strong></span> <span class='ocrx_word' id='word_1_78' title='bbox 621 686 796 718; x_wconf 79' lang='grc' dir='ltr'><strong><em>συνοικεῖν</em></strong></span> <span class='ocrx_word' id='word_1_79' title='bbox 826 696 871 728; x_wconf 85' lang='grc' dir='ltr'><strong>με</strong></span> <span class='ocrx_word' id='word_1_80' title='bbox 894 681 1052 726; x_wconf 84' lang='grc' dir='ltr'><strong><em>λόντων,</em></strong></span> <span class='ocrx_word' id='word_1_81' title='bbox 1084 696 1190 718; x_wconf 88' lang='grc' dir='ltr'><strong><em>τουτο</em></strong></span> 
     </span>
     <span class='ocr_line' id='line_1_13' title="bbox 112 726 1189 777; baseline -0.002 -13"><span class='ocrx_word' id='word_1_82' title='bbox 112 726 180 764; x_wconf 67' lang='grc' dir='ltr'><strong>ὅπη</strong></span> <span class='ocrx_word' id='word_1_83' title='bbox 226 729 547 777; x_wconf 79' lang='grc' dir='ltr'><strong><em>βαρβαρικώτερον</em></strong></span> <span class='ocrx_word' id='word_1_84' title='bbox 562 732 664 776; x_wconf 81' lang='grc' dir='ltr'><strong><em>μέχρι</em></strong></span> <span class='ocrx_word' id='word_1_85' title='bbox 688 730 752 763; x_wconf 81' lang='grc' dir='ltr'><strong>τοῦ</strong></span> <span class='ocrx_word' id='word_1_86' title='bbox 771 729 838 763; x_wconf 74' lang='grc' dir='ltr'><strong>νῦν</strong></span> <span class='ocrx_word' id='word_1_87' title='bbox 861 726 954 774; x_wconf 75' lang='grc' dir='ltr'><strong><em>παρ’</em></strong></span> <span class='ocrx_word' id='word_1_88' title='bbox 973 726 1093 763; x_wconf 79' lang='grc' dir='ltr'><strong><em>αὐτοῖς</em></strong></span> <span class='ocrx_word' id='word_1_89' title='bbox 1116 730 1189 762; x_wconf 80' lang='grc' dir='ltr'><strong><em>ἐνο-</em></strong></span> 
     </span>
     <span class='ocr_line' id='line_1_14' title="bbox 112 742 1189 820; baseline -0.003 -11"><span class='ocrx_word' id='word_1_90' title='bbox 112 742 250 819; x_wconf 63' lang='grc' dir='ltr'><strong><em>μίσθη·</em></strong></span> <span class='ocrx_word' id='word_1_91' title='bbox 286 773 350 809; x_wconf 75' lang='grc' dir='ltr'><strong><em>οὐκ</em></strong></span> <span class='ocrx_word' id='word_1_92' title='bbox 382 773 505 809; x_wconf 81' lang='grc' dir='ltr'><strong><em>αὐτῶν</em></strong></span> <span class='ocrx_word' id='word_1_93' title='bbox 536 772 662 818; x_wconf 86' lang='grc' dir='ltr'><strong><em>μόνων</em></strong></span> <span class='ocrx_word' id='word_1_94' title='bbox 694 774 810 808; x_wconf 77' lang='grc' dir='ltr'><strong><em>ταῦτα</em></strong></span> <span class='ocrx_word' id='word_1_95' title='bbox 840 769 1061 820; x_wconf 76' lang='grc' dir='ltr'><strong><em>ἀγριώτερον</em></strong></span> <span class='ocrx_word' id='word_1_96' title='bbox 1088 772 1189 814; x_wconf 79' lang='grc' dir='ltr'><strong><em>δοξα-</em></strong></span> 
     </span>
     <span class='ocr_line' id='line_1_15' title="bbox 113 814 1191 862; baseline 0 -9"><span class='ocrx_word' id='word_1_97' title='bbox 113 817 270 861; x_wconf 86' lang='grc' dir='ltr'><strong><em>σάντων,</em></strong></span> <span class='ocrx_word' id='word_1_98' title='bbox 294 818 384 855; x_wconf 82' lang='grc' dir='ltr'><strong><em>ἀλλὰ</em></strong></span> <span class='ocrx_word' id='word_1_99' title='bbox 403 824 463 854; x_wconf 83' lang='grc' dir='ltr'><strong>καὶ</strong></span> <span class='ocrx_word' id='word_1_100' title='bbox 487 820 547 854; x_wconf 78' lang='grc' dir='ltr'><strong>ἑτέ</strong></span> <span class='ocrx_word' id='word_1_101' title='bbox 568 833 622 854; x_wconf 90' lang='grc' dir='ltr'><strong>ων</strong></span> <span class='ocrx_word' id='word_1_102' title='bbox 645 819 773 854; x_wconf 78' lang='grc' dir='ltr'><strong><em>ἐθνῶν</em></strong></span> <span class='ocrx_word' id='word_1_103' title='bbox 796 814 909 852; x_wconf 71' lang='grc' dir='ltr'><strong><em>οὕτως</em></strong></span> <span class='ocrx_word' id='word_1_104' title='bbox 931 816 1191 862; x_wconf 86' lang='grc' dir='ltr'><strong><em>ἀτιμασάντων</em></strong></span> 
     </span>
     <span class='ocr_line' id='line_1_16' title="bbox 112 834 1192 912; baseline -0.001 -14"><span class='ocrx_word' id='word_1_105' title='bbox 112 864 180 908; x_wconf 85' lang='grc' dir='ltr'><strong>τὴν</strong></span> <span class='ocrx_word' id='word_1_106' title='bbox 203 864 313 911; x_wconf 83' lang='grc' dir='ltr'><strong><em>φύσιν</em></strong></span> <span class='ocrx_word' id='word_1_107' title='bbox 336 868 396 899; x_wconf 79' lang='grc' dir='ltr'><strong>καὶ</strong></span> <span class='ocrx_word' id='word_1_108' title='bbox 420 865 462 899; x_wconf 83' lang='grc' dir='ltr'><strong>τὸ</strong></span> <span class='ocrx_word' id='word_1_109' title='bbox 486 834 582 909; x_wconf 56' lang='grc' dir='ltr'><strong><em>θῆλυ</em></strong></span> <span class='ocrx_word' id='word_1_110' title='bbox 606 862 930 912; x_wconf 84' lang='grc' dir='ltr'><strong><em>περιυβρισάντων,</em></strong></span> <span class='ocrx_word' id='word_1_111' title='bbox 960 861 1009 897; x_wconf 77' lang='grc' dir='ltr'><strong>ὠς</strong></span> <span class='ocrx_word' id='word_1_112' title='bbox 1027 862 1068 897; x_wconf 82' lang='grc' dir='ltr'><strong><em>οὐ</em></strong></span> <span class='ocrx_word' id='word_1_113' title='bbox 1091 876 1144 899; x_wconf 88' lang='grc' dir='ltr'><strong>πα</strong></span> <span class='ocrx_word' id='word_1_114' title='bbox 1168 862 1192 897; x_wconf 81' lang='grc' dir='ltr'><em>ὰ</em></span> 
     </span>
     <span class='ocr_line' id='line_1_17' title="bbox 114 876 1187 967; baseline -0.001 -24"><span class='ocrx_word' id='word_1_115' title='bbox 114 910 204 944; x_wconf 83' lang='grc' dir='ltr'><strong><em>θεοῦ</em></strong></span> <span class='ocrx_word' id='word_1_116' title='bbox 228 910 423 958; x_wconf 81' lang='grc' dir='ltr'><strong><em>γενόμενον</em></strong></span> <span class='ocrx_word' id='word_1_117' title='bbox 447 909 531 945; x_wconf 78' lang='grc' dir='ltr'><strong><em>οὐδὲ</em></strong></span> <span class='ocrx_word' id='word_1_118' title='bbox 554 908 747 944; x_wconf 80' lang='grc' dir='ltr'><strong><em>συντελοῦν</em></strong></span> <span class='ocrx_word' id='word_1_119' title='bbox 762 909 807 956; x_wconf 86' lang='grc' dir='ltr'><strong>τῇ</strong></span> <span class='ocrx_word' id='word_1_120' title='bbox 826 912 1083 967; x_wconf 79' lang='grc' dir='ltr'><strong><em>γενεσιουργίᾳ,</em></strong></span> <span class='ocrx_word' id='word_1_121' title='bbox 1106 876 1187 943; x_wconf 46' lang='grc' dir='ltr'><strong><em>ἃλς]</em></strong></span> 
     </span>
     <span class='ocr_line' id='line_1_18' title="bbox 115 951 1190 1001; baseline -0.002 -11"><span class='ocrx_word' id='word_1_122' title='bbox 115 951 162 989; x_wconf 76' lang='grc' dir='ltr'><strong>ὠς</strong></span> <span class='ocrx_word' id='word_1_123' title='bbox 185 953 320 990; x_wconf 81' lang='grc' dir='ltr'><strong><em>εὐτελές</em></strong></span> <span class='ocrx_word' id='word_1_124' title='bbox 342 970 382 990; x_wconf 87' lang='grc' dir='ltr'><strong>τε</strong></span> <span class='ocrx_word' id='word_1_125' title='bbox 405 959 464 990; x_wconf 81' lang='grc' dir='ltr'><strong>καὶ</strong></span> <span class='ocrx_word' id='word_1_126' title='bbox 487 953 732 1001; x_wconf 79' lang='grc' dir='ltr'><strong><em>ἠτιμασμένον</em></strong></span> <span class='ocrx_word' id='word_1_127' title='bbox 754 957 814 988; x_wconf 81' lang='grc' dir='ltr'><strong>καὶ</strong></span> <span class='ocrx_word' id='word_1_128' title='bbox 845 953 961 997; x_wconf 71' lang='grc' dir='ltr'><strong><em>πόίσης</em></strong></span> <span class='ocrx_word' id='word_1_129' title='bbox 990 955 1063 995; x_wconf 77' lang='grc' dir='ltr'><strong>ἐξω</strong></span> <span class='ocrx_word' id='word_1_130' title='bbox 1088 965 1190 1001; x_wconf 86' lang='grc' dir='ltr'><strong><em>προς-</em></strong></span> 
     </span>
     <span class='ocr_line' id='line_1_19' title="bbox 115 1001 583 1046; baseline 0 -12"><span class='ocrx_word' id='word_1_131' title='bbox 115 1002 200 1046; x_wconf 81' lang='grc' dir='ltr'><strong><em>ῆκον</em></strong></span> <span class='ocrx_word' id='word_1_132' title='bbox 222 1001 449 1036; x_wconf 69' lang='grc' dir='ltr'><strong><em>καθεστάναι</em></strong></span> <span class='ocrx_word' id='word_1_133' title='bbox 471 1002 583 1045; x_wconf 81' lang='grc' dir='ltr'><strong><em>τιμῆς.</em></strong></span> 
     </span>
    </p>
   </div>
   <div class='ocr_carea' id='block_1_3' title="bbox 1176 112 1360 182">
    <p class='ocr_par' dir='ltr' id='par_1_3' title="bbox 1176 112 1360 182">
     <span class='ocr_line' id='line_1_20' title="bbox 1176 112 1360 182; baseline 0 -21"><span class='ocrx_word' id='word_1_134' title='bbox 1176 112 1254 161; x_wconf 84' lang='lat'><strong>145</strong></span> <span class='ocrx_word' id='word_1_135' title='bbox 1289 176 1360 182; x_wconf 38' lang='grc'><strong>,-</strong></span> 
     </span>
    </p>
   </div>
   <div class='ocr_carea' id='block_1_4' title="bbox 1037 176 1278 183">
    <p class='ocr_par' dir='ltr' id='par_1_4' title="bbox 1037 176 1278 183">
     <span class='ocr_line' id='line_1_21' title="bbox 1037 176 1278 183; baseline 0 3827"><span class='ocrx_word' id='word_1_136' title='bbox 1037 176 1278 183; x_wconf 95' lang='lat' dir='ltr'><strong> </strong></span> 
     </span>
    </p>
   </div>
   <div class='ocr_carea' id='block_1_5' title="bbox 1879 116 2336 173">
    <p class='ocr_par' dir='ltr' id='par_1_5' title="bbox 1879 116 2336 173">
     <span class='ocr_line' id='line_1_22' title="bbox 1879 116 2336 173; baseline -0.011 -12"><span class='ocrx_word' id='word_1_137' title='bbox 1879 117 1987 161; x_wconf 90' lang='lat' dir='ltr'><strong>Nov.</strong></span> <span class='ocrx_word' id='word_1_138' title='bbox 2018 116 2123 160; x_wconf 92' lang='lat' dir='ltr'><strong>XXI</strong></span> <span class='ocrx_word' id='word_1_139' title='bbox 2153 129 2211 173; x_wconf 85' lang='lat' dir='ltr'><strong>pr.</strong></span> <span class='ocrx_word' id='word_1_140' title='bbox 2246 118 2281 159; x_wconf 91' lang='lat'><strong>1.</strong></span> <span class='ocrx_word' id='word_1_141' title='bbox 2312 117 2336 156; x_wconf 88' lang='lat'>2</span> 
     </span>
    </p>
   </div>
   <div class='ocr_carea' id='block_1_6' title="bbox 1224 227 2336 639">
    <p class='ocr_par' dir='ltr' id='par_1_6' title="bbox 1224 227 2336 639">
     <span class='ocr_line' id='line_1_23' title="bbox 1257 227 2332 276; baseline -0.002 -9"><span class='ocrx_word' id='word_1_142' title='bbox 1257 229 1457 276; x_wconf 76' lang='lat' dir='ltr'>republica,</span> <span class='ocrx_word' id='word_1_143' title='bbox 1482 230 1519 266; x_wconf 89' lang='lat' dir='ltr'><strong>et</strong></span> <span class='ocrx_word' id='word_1_144' title='bbox 1541 227 1906 266; x_wconf 81' lang='lat' dir='ltr'><strong>administrationibus</strong></span> <span class='ocrx_word' id='word_1_145' title='bbox 1930 239 2008 266; x_wconf 85' lang='lat' dir='ltr'><strong>eam</strong></span> <span class='ocrx_word' id='word_1_146' title='bbox 2032 229 2204 267; x_wconf 85' lang='lat' dir='ltr'><strong>Romanis</strong></span> <span class='ocrx_word' id='word_1_147' title='bbox 2228 239 2332 265; x_wconf 88' lang='lat' dir='ltr'><strong>orna-</strong></span> 
     </span>
     <span class='ocr_line' id='line_1_24' title="bbox 1256 274 2334 321; baseline -0.002 -9"><span class='ocrx_word' id='word_1_148' title='bbox 1256 277 1381 319; x_wconf 80' lang='lat' dir='ltr'><strong>vimus,</strong></span> <span class='ocrx_word' id='word_1_149' title='bbox 1405 274 1584 321; x_wconf 80' lang='lat' dir='ltr'><strong>prioribus</strong></span> <span class='ocrx_word' id='word_1_150' title='bbox 1601 284 1681 310; x_wconf 87' lang='lat' dir='ltr'><strong>eam</strong></span> <span class='ocrx_word' id='word_1_151' title='bbox 1704 274 1896 311; x_wconf 81' lang='lat' dir='ltr'><strong>liberantes</strong></span> <span class='ocrx_word' id='word_1_152' title='bbox 1915 275 2130 318; x_wconf 76' lang='lat' dir='ltr'><strong>nominibus,</strong></span> <span class='ocrx_word' id='word_1_153' title='bbox 2154 277 2191 310; x_wconf 90' lang='lat' dir='ltr'><strong>et</strong></span> <span class='ocrx_word' id='word_1_154' title='bbox 2210 274 2334 321; x_wconf 81' lang='lat' dir='ltr'><strong>figuris</strong></span> 
     </span>
     <span class='ocr_line' id='line_1_25' title="bbox 1257 320 2334 366; baseline -0.001 -9"><span class='ocrx_word' id='word_1_155' title='bbox 1257 322 1308 357; x_wconf 89' lang='lat' dir='ltr'><strong>uti</strong></span> <span class='ocrx_word' id='word_1_156' title='bbox 1331 321 1575 357; x_wconf 81' lang='lat' dir='ltr'><strong>Romanorum</strong></span> <span class='ocrx_word' id='word_1_157' title='bbox 1598 320 1827 364; x_wconf 79' lang='lat' dir='ltr'><strong>assuevimus,</strong></span> <span class='ocrx_word' id='word_1_158' title='bbox 1853 321 2127 366; x_wconf 81' lang='lat' dir='ltr'><strong>sanctionesque</strong></span> <span class='ocrx_word' id='word_1_159' title='bbox 2149 331 2224 356; x_wconf 88' lang='lat' dir='ltr'><strong>non</strong></span> <span class='ocrx_word' id='word_1_160' title='bbox 2244 320 2334 356; x_wconf 86' lang='lat' dir='ltr'><strong>alias</strong></span> 
     </span>
     <span class='ocr_line' id='line_1_26' title="bbox 1257 365 2334 412; baseline -0.002 -10"><span class='ocrx_word' id='word_1_161' title='bbox 1257 377 1336 403; x_wconf 90' lang='lat' dir='ltr'><strong>esse</strong></span> <span class='ocrx_word' id='word_1_162' title='bbox 1366 366 1464 412; x_wconf 87' lang='lat' dir='ltr'><strong>apud</strong></span> <span class='ocrx_word' id='word_1_163' title='bbox 1494 376 1555 402; x_wconf 86' lang='lat' dir='ltr'><strong>eos</strong></span> <span class='ocrx_word' id='word_1_164' title='bbox 1586 375 1693 411; x_wconf 86' lang='lat' dir='ltr'><strong>quam</strong></span> <span class='ocrx_word' id='word_1_165' title='bbox 1725 374 1804 408; x_wconf 89' lang='lat' dir='ltr'><strong>eas,</strong></span> <span class='ocrx_word' id='word_1_166' title='bbox 1837 376 1926 411; x_wconf 85' lang='lat' dir='ltr'><strong>quas</strong></span> <span class='ocrx_word' id='word_1_167' title='bbox 1958 365 2111 402; x_wconf 88' lang='lat' dir='ltr'><strong>Romani</strong></span> <span class='ocrx_word' id='word_1_168' title='bbox 2140 366 2334 407; x_wconf 83' lang='lat' dir='ltr'><strong>nominant,</strong></span> 
     </span>
     <span class='ocr_line' id='line_1_27' title="bbox 1224 409 2335 457; baseline 0 -11"><span class='ocrx_word' id='word_1_169' title='bbox 1224 415 1242 446; x_wconf 89' lang='lat'>5</span> <span class='ocrx_word' id='word_1_170' title='bbox 1258 412 1508 457; x_wconf 86' lang='lat' dir='ltr'><strong>disposuimus.</strong></span> <span class='ocrx_word' id='word_1_171' title='bbox 1567 410 1617 446; x_wconf 86' lang='lat' dir='ltr'><strong>Et</strong></span> <span class='ocrx_word' id='word_1_172' title='bbox 1652 409 1915 446; x_wconf 85' lang='lat' dir='ltr'><strong>aestimavimus</strong></span> <span class='ocrx_word' id='word_1_173' title='bbox 1957 414 2123 456; x_wconf 81' lang='lat' dir='ltr'><strong>oportere</strong></span> <span class='ocrx_word' id='word_1_174' title='bbox 2166 421 2335 457; x_wconf 86' lang='lat' dir='ltr'><strong>expressa</strong></span> 
     </span>
     <span class='ocr_line' id='line_1_28' title="bbox 1256 455 2333 502; baseline -0.001 -9"><span class='ocrx_word' id='word_1_175' title='bbox 1256 458 1334 502; x_wconf 82' lang='lat' dir='ltr'><strong>lege</strong></span> <span class='ocrx_word' id='word_1_176' title='bbox 1355 457 1444 493; x_wconf 88' lang='lat' dir='ltr'><strong>illud</strong></span> <span class='ocrx_word' id='word_1_177' title='bbox 1467 466 1607 502; x_wconf 86' lang='lat' dir='ltr'><strong>quoque</strong></span> <span class='ocrx_word' id='word_1_178' title='bbox 1631 455 1817 500; x_wconf 83' lang='lat' dir='ltr'><strong>corrigere,</strong></span> <span class='ocrx_word' id='word_1_179' title='bbox 1844 456 1938 501; x_wconf 89' lang='lat' dir='ltr'><strong>quod</strong></span> <span class='ocrx_word' id='word_1_180' title='bbox 1961 457 2052 492; x_wconf 90' lang='lat' dir='ltr'><strong>male</strong></span> <span class='ocrx_word' id='word_1_181' title='bbox 2072 457 2167 502; x_wconf 89' lang='lat' dir='ltr'><strong>apud</strong></span> <span class='ocrx_word' id='word_1_182' title='bbox 2191 467 2253 493; x_wconf 87' lang='lat' dir='ltr'><strong>eos</strong></span> <span class='ocrx_word' id='word_1_183' title='bbox 2274 456 2333 492; x_wconf 87' lang='lat' dir='ltr'><strong>de-</strong></span> 
     </span>
     <span class='ocr_line' id='line_1_29' title="bbox 1258 501 2336 548; baseline -0.002 -10"><span class='ocrx_word' id='word_1_184' title='bbox 1258 503 1507 548; x_wconf 88' lang='lat' dir='ltr'><strong>linquebatur,</strong></span> <span class='ocrx_word' id='word_1_185' title='bbox 1542 505 1578 537; x_wconf 88' lang='lat' dir='ltr'><strong>et</strong></span> <span class='ocrx_word' id='word_1_186' title='bbox 1608 511 1681 537; x_wconf 89' lang='lat' dir='ltr'><strong>non</strong></span> <span class='ocrx_word' id='word_1_187' title='bbox 1711 501 1907 537; x_wconf 89' lang='lat' dir='ltr'><strong>secundum</strong></span> <span class='ocrx_word' id='word_1_188' title='bbox 1938 501 2163 537; x_wconf 85' lang='lat' dir='ltr'><strong>barbaricam</strong></span> <span class='ocrx_word' id='word_1_189' title='bbox 2193 504 2336 547; x_wconf 85' lang='lat' dir='ltr'><strong>gentem</strong></span> 
     </span>
     <span class='ocr_line' id='line_1_30' title="bbox 1257 546 2335 593; baseline -0.001 -9"><span class='ocrx_word' id='word_1_190' title='bbox 1257 548 1414 584; x_wconf 85' lang='lat' dir='ltr'><strong>virorum</strong></span> <span class='ocrx_word' id='word_1_191' title='bbox 1454 546 1594 592; x_wconf 87' lang='lat' dir='ltr'><strong>quidem</strong></span> <span class='ocrx_word' id='word_1_192' title='bbox 1634 556 1714 583; x_wconf 86' lang='lat' dir='ltr'><strong>esse</strong></span> <span class='ocrx_word' id='word_1_193' title='bbox 1749 546 1993 583; x_wconf 86' lang='lat' dir='ltr'><strong>successiones</strong></span> <span class='ocrx_word' id='word_1_194' title='bbox 2034 550 2108 583; x_wconf 85' lang='lat' dir='ltr'><strong>tam</strong></span> <span class='ocrx_word' id='word_1_195' title='bbox 2148 549 2335 593; x_wconf 89' lang='lat' dir='ltr'><strong>parentum</strong></span> 
     </span>
     <span class='ocr_line' id='line_1_31' title="bbox 1259 591 2334 639; baseline -0.002 -10"><span class='ocrx_word' id='word_1_196' title='bbox 1259 604 1364 639; x_wconf 89' lang='lat' dir='ltr'><strong>quam</strong></span> <span class='ocrx_word' id='word_1_197' title='bbox 1398 593 1551 628; x_wconf 82' lang='lat' dir='ltr'><strong>fratrum</strong></span> <span class='ocrx_word' id='word_1_198' title='bbox 1586 595 1623 628; x_wconf 89' lang='lat' dir='ltr'><strong>et</strong></span> <span class='ocrx_word' id='word_1_199' title='bbox 1657 591 1805 628; x_wconf 88' lang='lat' dir='ltr'><strong>alterius</strong></span> <span class='ocrx_word' id='word_1_200' title='bbox 1840 592 1998 636; x_wconf 85' lang='lat' dir='ltr'><strong>generis,</strong></span> <span class='ocrx_word' id='word_1_201' title='bbox 2034 592 2220 628; x_wconf 88' lang='lat' dir='ltr'><strong>mulierum</strong></span> <span class='ocrx_word' id='word_1_202' title='bbox 2251 603 2334 629; x_wconf 85' lang='lat' dir='ltr'><strong>vero</strong></span> 
     </span>
    </p>
   </div>
   <div class='ocr_carea' id='block_1_7' title="bbox 273 635 2335 692">
    <p class='ocr_par' dir='ltr' id='par_1_7' title="bbox 273 635 2335 692">
     <span class='ocr_line' id='line_1_32' title="bbox 273 635 2335 692; baseline -0.001 -18"><span class='ocrx_word' id='word_1_203' title='bbox 273 641 291 673; x_wconf 75' lang='grc' dir='ltr'><em>ὲ</em></span> <span class='ocrx_word' id='word_1_204' title='bbox 313 642 420 686; x_wconf 78' lang='grc' dir='ltr'><strong><em>χωρὶς</em></strong></span> <span class='ocrx_word' id='word_1_205' title='bbox 439 638 585 685; x_wconf 81' lang='grc' dir='ltr'><strong><em>προικὸς</em></strong></span> <span class='ocrx_word' id='word_1_206' title='bbox 603 637 712 673; x_wconf 61' lang='lat' dir='ltr'><strong>amois</strong></span> <span class='ocrx_word' id='word_1_207' title='bbox 735 639 783 673; x_wconf 78' lang='grc' dir='ltr'><strong>εἰς</strong></span> <span class='ocrx_word' id='word_1_208' title='bbox 805 635 874 672; x_wconf 76' lang='grc' dir='ltr'><strong>ἀνδ</strong></span> <span class='ocrx_word' id='word_1_209' title='bbox 896 637 931 672; x_wconf 78' lang='grc' dir='ltr'><strong>ὸς</strong></span> <span class='ocrx_word' id='word_1_210' title='bbox 955 639 1086 684; x_wconf 81' lang='grc' dir='ltr'><strong><em>φοιτᾶν</em></strong></span> <span class='ocrx_word' id='word_1_211' title='bbox 1101 636 1191 692; x_wconf 60' lang='grc' dir='ltr'><strong><em>μηδὲ</em></strong></span> <span class='ocrx_word' id='word_1_212' title='bbox 1207 641 1245 675; x_wconf 90' lang='grc'><strong>10</strong></span> <span class='ocrx_word' id='word_1_213' title='bbox 1257 648 1500 685; x_wconf 85' lang='lat' dir='ltr'><strong>nequaquam,</strong></span> <span class='ocrx_word' id='word_1_214' title='bbox 1535 647 1650 682; x_wconf 90' lang='lat' dir='ltr'><strong>neque</strong></span> <span class='ocrx_word' id='word_1_215' title='bbox 1681 637 1759 673; x_wconf 86' lang='lat' dir='ltr'><strong>sine</strong></span> <span class='ocrx_word' id='word_1_216' title='bbox 1789 637 1872 673; x_wconf 90' lang='lat' dir='ltr'><strong>dote</strong></span> <span class='ocrx_word' id='word_1_217' title='bbox 1907 647 1967 673; x_wconf 85' lang='lat' dir='ltr'><strong>eas</strong></span> <span class='ocrx_word' id='word_1_218' title='bbox 1999 637 2045 673; x_wconf 87' lang='lat' dir='ltr'><strong>ad</strong></span> <span class='ocrx_word' id='word_1_219' title='bbox 2076 638 2170 673; x_wconf 88' lang='lat' dir='ltr'><strong>viros</strong></span> <span class='ocrx_word' id='word_1_220' title='bbox 2202 638 2335 680; x_wconf 87' lang='lat' dir='ltr'><strong>venire,</strong></span> 
     </span>
    </p>
   </div>
   <div class='ocr_carea' id='block_1_8' title="bbox 1258 683 2338 855">
    <p class='ocr_par' dir='ltr' id='par_1_8' title="bbox 1258 683 2338 855">
     <span class='ocr_line' id='line_1_33' title="bbox 1259 683 2336 728; baseline 0 -9"><span class='ocrx_word' id='word_1_221' title='bbox 1259 695 1326 720; x_wconf 92' lang='lat' dir='ltr'><strong>nec</strong></span> <span class='ocrx_word' id='word_1_222' title='bbox 1354 684 1421 720; x_wconf 92' lang='lat' dir='ltr'><strong>emi</strong></span> <span class='ocrx_word' id='word_1_223' title='bbox 1445 694 1467 719; x_wconf 94' lang='lat' dir='ltr'><strong>a</strong></span> <span class='ocrx_word' id='word_1_224' title='bbox 1488 683 1626 719; x_wconf 88' lang='lat' dir='ltr'><strong>maritis</strong></span> <span class='ocrx_word' id='word_1_225' title='bbox 1648 683 1799 727; x_wconf 83' lang='lat' dir='ltr'><strong>futuris,</strong></span> <span class='ocrx_word' id='word_1_226' title='bbox 1831 683 1928 728; x_wconf 90' lang='lat' dir='ltr'><strong>quod</strong></span> <span class='ocrx_word' id='word_1_227' title='bbox 1950 683 2140 718; x_wconf 88' lang='lat' dir='ltr'><strong>barbarice</strong></span> <span class='ocrx_word' id='word_1_228' title='bbox 2163 683 2336 719; x_wconf 87' lang='lat' dir='ltr'><strong>hactenus</strong></span> 
     </span>
     <span class='ocr_line' id='line_1_34' title="bbox 1261 728 2336 775; baseline -0.002 -10"><span class='ocrx_word' id='word_1_229' title='bbox 1261 729 1357 775; x_wconf 87' lang='lat' dir='ltr'><strong>apud</strong></span> <span class='ocrx_word' id='word_1_230' title='bbox 1392 740 1453 765; x_wconf 92' lang='lat' dir='ltr'><strong>eos</strong></span> <span class='ocrx_word' id='word_1_231' title='bbox 1489 729 1716 774; x_wconf 82' lang='lat' dir='ltr'><strong>servabatur3</strong></span> <span class='ocrx_word' id='word_1_232' title='bbox 1761 739 1833 764; x_wconf 91' lang='lat' dir='ltr'><strong>non</strong></span> <span class='ocrx_word' id='word_1_233' title='bbox 1869 728 1957 774; x_wconf 89' lang='lat' dir='ltr'><strong>ipsis</strong></span> <span class='ocrx_word' id='word_1_234' title='bbox 1995 728 2212 764; x_wconf 89' lang='lat' dir='ltr'><strong>solummodo</strong></span> <span class='ocrx_word' id='word_1_235' title='bbox 2247 729 2336 764; x_wconf 88' lang='lat' dir='ltr'><strong>haec</strong></span> 
     </span>
     <span class='ocr_line' id='line_1_35' title="bbox 1258 773 2338 818; baseline -0.002 -8"><span class='ocrx_word' id='word_1_236' title='bbox 1258 775 1415 810; x_wconf 84' lang='lat' dir='ltr'><strong>ferocius</strong></span> <span class='ocrx_word' id='word_1_237' title='bbox 1452 774 1694 818; x_wconf 88' lang='lat' dir='ltr'><strong>sentientibus,</strong></span> <span class='ocrx_word' id='word_1_238' title='bbox 1731 773 1793 809; x_wconf 84' lang='lat' dir='ltr'><strong>sed</strong></span> <span class='ocrx_word' id='word_1_239' title='bbox 1829 774 1934 809; x_wconf 89' lang='lat' dir='ltr'><strong>etiam</strong></span> <span class='ocrx_word' id='word_1_240' title='bbox 1971 774 2050 809; x_wconf 90' lang='lat' dir='ltr'><strong>aliis</strong></span> <span class='ocrx_word' id='word_1_241' title='bbox 2085 774 2252 818; x_wconf 83' lang='lat' dir='ltr'><strong>gentibus</strong></span> <span class='ocrx_word' id='word_1_242' title='bbox 2287 774 2338 808; x_wconf 88' lang='lat' dir='ltr'><strong>ita</strong></span> 
     </span>
     <span class='ocr_line' id='line_1_36' title="bbox 1259 819 2336 855; baseline -0.002 0"><span class='ocrx_word' id='word_1_243' title='bbox 1259 820 1560 855; x_wconf 74' lang='lat' dir='ltr'><strong>exhonorantibus</strong></span> <span class='ocrx_word' id='word_1_244' title='bbox 1593 822 1759 855; x_wconf 88' lang='lat' dir='ltr'><strong>naturam</strong></span> <span class='ocrx_word' id='word_1_245' title='bbox 1798 821 1833 854; x_wconf 89' lang='lat' dir='ltr'><strong>et</strong></span> <span class='ocrx_word' id='word_1_246' title='bbox 1864 819 2054 855; x_wconf 82' lang='lat' dir='ltr'><strong>femineum</strong></span> <span class='ocrx_word' id='word_1_247' title='bbox 2084 819 2336 854; x_wconf 85' lang='lat' dir='ltr'><strong>iniuriantibus</strong></span> 
     </span>
    </p>
   </div>
   <div class='ocr_carea' id='block_1_9' title="bbox 1207 864 2338 910">
    <p class='ocr_par' dir='ltr' id='par_1_9' title="bbox 1207 864 2338 910">
     <span class='ocr_line' id='line_1_37' title="bbox 1207 864 2338 910; baseline 0 -11"><span class='ocrx_word' id='word_1_248' title='bbox 1207 868 1245 899; x_wconf 85' lang='lat'><strong>15</strong></span> <span class='ocrx_word' id='word_1_249' title='bbox 1257 875 1386 909; x_wconf 86' lang='lat' dir='ltr'><strong>genus,</strong></span> <span class='ocrx_word' id='word_1_250' title='bbox 1421 869 1604 910; x_wconf 84' lang='lat' dir='ltr'><strong>tamquam</strong></span> <span class='ocrx_word' id='word_1_251' title='bbox 1634 876 1711 901; x_wconf 89' lang='lat' dir='ltr'><strong>non·</strong></span> <span class='ocrx_word' id='word_1_252' title='bbox 1740 875 1762 900; x_wconf 85' lang='lat' dir='ltr'><strong>a</strong></span> <span class='ocrx_word' id='word_1_253' title='bbox 1793 864 1859 900; x_wconf 88' lang='lat' dir='ltr'><strong>deo</strong></span> <span class='ocrx_word' id='word_1_254' title='bbox 1887 864 1935 900; x_wconf 89' lang='lat' dir='ltr'><strong>sit</strong></span> <span class='ocrx_word' id='word_1_255' title='bbox 1957 864 2093 900; x_wconf 87' lang='lat' dir='ltr'><strong>factum</strong></span> <span class='ocrx_word' id='word_1_256' title='bbox 2116 875 2183 900; x_wconf 92' lang='lat' dir='ltr'><strong>nec</strong></span> <span class='ocrx_word' id='word_1_257' title='bbox 2208 865 2338 900; x_wconf 87' lang='lat' dir='ltr'><strong>serviat</strong></span> 
     </span>
    </p>
   </div>
   <div class='ocr_carea' id='block_1_10' title="bbox 1258 909 2340 1002">
    <p class='ocr_par' dir='ltr' id='par_1_10' title="bbox 1258 909 2340 1002">
     <span class='ocr_line' id='line_1_38' title="bbox 1258 909 2340 954; baseline 0 -9"><span class='ocrx_word' id='word_1_258' title='bbox 1258 910 1453 954; x_wconf 86' lang='lat' dir='ltr'><strong>nativitati,</strong></span> <span class='ocrx_word' id='word_1_259' title='bbox 1489 910 1552 946; x_wconf 87' lang='lat' dir='ltr'><strong>sed</strong></span> <span class='ocrx_word' id='word_1_260' title='bbox 1586 913 1769 954; x_wconf 87' lang='lat' dir='ltr'><strong>tamquam</strong></span> <span class='ocrx_word' id='word_1_261' title='bbox 1801 910 1868 946; x_wconf 83' lang='lat' dir='ltr'><strong>vile</strong></span> <span class='ocrx_word' id='word_1_262' title='bbox 1903 912 1939 945; x_wconf 89' lang='lat' dir='ltr'><strong>et</strong></span> <span class='ocrx_word' id='word_1_263' title='bbox 1973 909 2267 945; x_wconf 83' lang='lat' dir='ltr'><strong>exhonorandum</strong></span> <span class='ocrx_word' id='word_1_264' title='bbox 2305 913 2340 945; x_wconf 90' lang='lat' dir='ltr'><strong>et</strong></span> 
     </span>
     <span class='ocr_line' id='line_1_39' title="bbox 1260 955 2238 1002; baseline 0.001 -12"><span class='ocrx_word' id='word_1_265' title='bbox 1260 958 1361 990; x_wconf 81' lang='lat' dir='ltr'><strong>extra</strong></span> <span class='ocrx_word' id='word_1_266' title='bbox 1384 965 1523 991; x_wconf 92' lang='lat' dir='ltr'><strong>omnem</strong></span> <span class='ocrx_word' id='word_1_267' title='bbox 1549 957 1806 1002; x_wconf 88' lang='lat' dir='ltr'><strong>competentem</strong></span> <span class='ocrx_word' id='word_1_268' title='bbox 1830 955 2031 992; x_wconf 88' lang='lat' dir='ltr'><strong>consistens</strong></span> <span class='ocrx_word' id='word_1_269' title='bbox 2057 955 2238 991; x_wconf 90' lang='lat' dir='ltr'><strong>honorem.</strong></span> 
     </span>
    </p>
   </div>
   <div class='ocr_carea' id='block_1_11' title="bbox 1125 1055 1335 1092">
    <p class='ocr_par' dir='ltr' id='par_1_11' title="bbox 1125 1055 1335 1092">
     <span class='ocr_line' id='line_1_40' title="bbox 1125 1055 1335 1092; baseline 0.005 -1"><span class='ocrx_word' id='word_1_270' title='bbox 1125 1055 1282 1092; x_wconf 75' lang='lat' dir='ltr'>CAPUT</span> <span class='ocrx_word' id='word_1_271' title='bbox 1306 1056 1335 1092; x_wconf 91' lang='grc' dir='ltr'><strong>Ι.</strong></span> 
     </span>
    </p>
   </div>
   <div class='ocr_carea' id='block_1_12' title="bbox 162 1108 1194 1158">
    <p class='ocr_par' dir='ltr' id='par_1_12' title="bbox 162 1108 1194 1158">
     <span class='ocr_line' id='line_1_41' title="bbox 162 1108 1194 1158; baseline -0.003 -9"><span class='ocrx_word' id='word_1_272' title='bbox 162 1116 319 1156; x_wconf 84' lang='grc' dir='ltr'><strong><em>Θεσπίζο</em></strong></span> <span class='ocrx_word' id='word_1_273' title='bbox 348 1127 387 1148; x_wconf 87' lang='grc' dir='ltr'><strong>εν</strong></span> <span class='ocrx_word' id='word_1_274' title='bbox 402 1117 526 1148; x_wconf 81' lang='grc' dir='ltr'><strong><em>τοίνυν</em></strong></span> <span class='ocrx_word' id='word_1_275' title='bbox 546 1110 606 1147; x_wconf 79' lang='grc' dir='ltr'><strong>διὰ</strong></span> <span class='ocrx_word' id='word_1_276' title='bbox 628 1110 733 1148; x_wconf 79' lang='grc' dir='ltr'><strong><em>τοῦδε</em></strong></span> <span class='ocrx_word' id='word_1_277' title='bbox 754 1113 819 1147; x_wconf 79' lang='grc' dir='ltr'><strong>τοῦ</strong></span> <span class='ocrx_word' id='word_1_278' title='bbox 835 1112 940 1147; x_wconf 84' lang='grc' dir='ltr'><strong><em>θείου</em></strong></span> <span class='ocrx_word' id='word_1_279' title='bbox 958 1108 1081 1158; x_wconf 81' lang='grc' dir='ltr'><strong><em>νόμου,</em></strong></span> <span class='ocrx_word' id='word_1_280' title='bbox 1106 1108 1194 1147; x_wconf 68' lang='grc' dir='ltr'><strong><em>ὥςτε</em></strong></span> 
     </span>
    </p>
   </div>
   <div class='ocr_carea' id='block_1_13' title="bbox 1308 1112 2341 1159">
    <p class='ocr_par' dir='ltr' id='par_1_13' title="bbox 1308 1112 2341 1159">
     <span class='ocr_line' id='line_1_42' title="bbox 1308 1112 2341 1159; baseline 0.001 -12"><span class='ocrx_word' id='word_1_281' title='bbox 1308 1112 1493 1148; x_wconf 87' lang='lat' dir='ltr'><strong>Sancimus</strong></span> <span class='ocrx_word' id='word_1_282' title='bbox 1529 1113 1650 1159; x_wconf 89' lang='lat' dir='ltr'><strong>itaque</strong></span> <span class='ocrx_word' id='word_1_283' title='bbox 1681 1124 1746 1159; x_wconf 90' lang='lat' dir='ltr'><strong>per</strong></span> <span class='ocrx_word' id='word_1_284' title='bbox 1777 1114 1871 1157; x_wconf 89' lang='lat' dir='ltr'><strong>hanc</strong></span> <span class='ocrx_word' id='word_1_285' title='bbox 1903 1123 2043 1149; x_wconf 89' lang='lat' dir='ltr'><strong>sacram</strong></span> <span class='ocrx_word' id='word_1_286' title='bbox 2074 1113 2205 1158; x_wconf 87' lang='lat' dir='ltr'><strong>legem,</strong></span> <span class='ocrx_word' id='word_1_287' title='bbox 2241 1114 2281 1148; x_wconf 93' lang='lat' dir='ltr'><strong>ut</strong></span> <span class='ocrx_word' id='word_1_288' title='bbox 2304 1116 2341 1148; x_wconf 90' lang='lat' dir='ltr'><strong>et</strong></span> 
     </span>
    </p>
   </div>
   <div class='ocr_carea' id='block_1_14' title="bbox 116 1154 2341 1214">
    <p class='ocr_par' dir='ltr' id='par_1_14' title="bbox 116 1154 2341 1214">
     <span class='ocr_line' id='line_1_43' title="bbox 116 1154 2341 1214; baseline -0 -20"><span class='ocrx_word' id='word_1_289' title='bbox 116 1163 175 1194; x_wconf 83' lang='grc' dir='ltr'><strong>καὶ</strong></span> <span class='ocrx_word' id='word_1_290' title='bbox 198 1160 297 1208; x_wconf 77' lang='grc' dir='ltr'><strong><em>παρὰ</em></strong></span> <span class='ocrx_word' id='word_1_291' title='bbox 319 1162 510 1214; x_wconf 53' lang='grc' dir='ltr'><strong><em>ᾼρμενζοις</em></strong></span> <span class='ocrx_word' id='word_1_292' title='bbox 537 1157 583 1192; x_wconf 85' lang='grc' dir='ltr'><strong>τὰ</strong></span> <span class='ocrx_word' id='word_1_293' title='bbox 612 1156 703 1192; x_wconf 77' lang='grc' dir='ltr'><strong><em>αὐτὰ</em></strong></span> <span class='ocrx_word' id='word_1_294' title='bbox 729 1160 878 1211; x_wconf 59' lang='grc' dir='ltr'><strong><em>κρατεῖν</em></strong></span> <span class='ocrx_word' id='word_1_295' title='bbox 901 1154 993 1206; x_wconf 84' lang='grc' dir='ltr'><strong><em>ἅπερ</em></strong></span> <span class='ocrx_word' id='word_1_296' title='bbox 1016 1160 1077 1191; x_wconf 76' lang='grc' dir='ltr'><strong>καὶ</strong></span> <span class='ocrx_word' id='word_1_297' title='bbox 1100 1156 1190 1204; x_wconf 77' lang='grc' dir='ltr'><strong><em>παρ’</em></strong></span> <span class='ocrx_word' id='word_1_298' title='bbox 1207 1161 1249 1192; x_wconf 85' lang='grc'><strong>20</strong></span> <span class='ocrx_word' id='word_1_299' title='bbox 1264 1158 1360 1204; x_wconf 88' lang='lat' dir='ltr'><strong>apud</strong></span> <span class='ocrx_word' id='word_1_300' title='bbox 1383 1158 1570 1210; x_wconf 76' lang='lat' dir='ltr'><strong>Armenios</strong></span> <span class='ocrx_word' id='word_1_301' title='bbox 1603 1159 1694 1194; x_wconf 90' lang='lat' dir='ltr'><strong>haec</strong></span> <span class='ocrx_word' id='word_1_302' title='bbox 1724 1160 1803 1204; x_wconf 90' lang='lat' dir='ltr'><strong>ipsa</strong></span> <span class='ocrx_word' id='word_1_303' title='bbox 1833 1163 1955 1194; x_wconf 89' lang='lat' dir='ltr'><strong>tenere</strong></span> <span class='ocrx_word' id='word_1_304' title='bbox 1987 1169 2079 1203; x_wconf 88' lang='lat' dir='ltr'><strong>quae</strong></span> <span class='ocrx_word' id='word_1_305' title='bbox 2109 1159 2216 1194; x_wconf 89' lang='lat' dir='ltr'><strong>etiam</strong></span> <span class='ocrx_word' id='word_1_306' title='bbox 2244 1168 2266 1193; x_wconf 87' lang='lat' dir='ltr'><strong>a</strong></span> <span class='ocrx_word' id='word_1_307' title='bbox 2292 1158 2341 1193; x_wconf 88' lang='lat' dir='ltr'><strong>ud</strong></span> 
     </span>
    </p>
   </div>
   <div class='ocr_carea' id='block_1_15' title="bbox 115 1200 1194 1395">
    <p class='ocr_par' dir='ltr' id='par_1_15' title="bbox 115 1200 1194 1395">
     <span class='ocr_line' id='line_1_44' title="bbox 116 1200 1194 1251; baseline -0.003 -12"><span class='ocrx_word' id='word_1_308' title='bbox 116 1203 199 1251; x_wconf 82' lang='grc' dir='ltr'><strong><em>ἡμῖν</em></strong></span> <span class='ocrx_word' id='word_1_309' title='bbox 222 1219 248 1241; x_wconf 88' lang='grc' dir='ltr'><strong><em>π</em></strong></span> <span class='ocrx_word' id='word_1_310' title='bbox 274 1215 400 1250; x_wconf 81' lang='grc' dir='ltr'><strong><em>οφασει</em></strong></span> <span class='ocrx_word' id='word_1_311' title='bbox 423 1215 485 1247; x_wconf 88' lang='grc' dir='ltr'><strong>της</strong></span> <span class='ocrx_word' id='word_1_312' title='bbox 506 1204 585 1237; x_wconf 82' lang='grc' dir='ltr'><strong>τῶν</strong></span> <span class='ocrx_word' id='word_1_313' title='bbox 607 1202 771 1247; x_wconf 87' lang='grc' dir='ltr'><strong><em>θηλειων</em></strong></span> <span class='ocrx_word' id='word_1_314' title='bbox 795 1200 977 1247; x_wconf 78' lang='grc' dir='ltr'><strong><em>διαδοχῆς,</em></strong></span> <span class='ocrx_word' id='word_1_315' title='bbox 1005 1206 1065 1237; x_wconf 84' lang='grc' dir='ltr'><strong>καὶ</strong></span> <span class='ocrx_word' id='word_1_316' title='bbox 1088 1201 1194 1248; x_wconf 82' lang='grc' dir='ltr'><strong><em>μηδε-</em></strong></span> 
     </span>
     <span class='ocr_line' id='line_1_45' title="bbox 116 1245 1190 1297; baseline -0.002 -13"><span class='ocrx_word' id='word_1_317' title='bbox 116 1254 203 1294; x_wconf 88' lang='grc' dir='ltr'><strong><em>μίαν</em></strong></span> <span class='ocrx_word' id='word_1_318' title='bbox 233 1263 326 1284; x_wconf 89' lang='grc' dir='ltr'><strong><em>εναι</em></strong></span> <span class='ocrx_word' id='word_1_319' title='bbox 352 1246 531 1295; x_wconf 82' lang='grc' dir='ltr'><strong><em>διαφορὰν</em></strong></span> <span class='ocrx_word' id='word_1_320' title='bbox 561 1246 706 1297; x_wconf 78' lang='grc' dir='ltr'><strong><em>ἄρρενός</em></strong></span> <span class='ocrx_word' id='word_1_321' title='bbox 736 1261 776 1283; x_wconf 88' lang='grc' dir='ltr'><strong>τε</strong></span> <span class='ocrx_word' id='word_1_322' title='bbox 805 1251 866 1282; x_wconf 85' lang='grc' dir='ltr'><strong>καὶ</strong></span> <span class='ocrx_word' id='word_1_323' title='bbox 889 1247 1047 1293; x_wconf 82' lang='grc' dir='ltr'><strong><em>θηλείας.</em></strong></span> <span class='ocrx_word' id='word_1_324' title='bbox 1093 1245 1190 1282; x_wconf 77' lang='grc' dir='ltr'><strong><em>Ἀλλ’</em></strong></span> 
     </span>
     <span class='ocr_line' id='line_1_46' title="bbox 118 1291 1194 1343; baseline -0.002 -14"><span class='ocrx_word' id='word_1_325' title='bbox 118 1293 234 1343; x_wconf 76' lang='grc' dir='ltr'><strong><em>ὥςπερ</em></strong></span> <span class='ocrx_word' id='word_1_326' title='bbox 257 1296 298 1329; x_wconf 76' lang='grc' dir='ltr'><strong>ἐν</strong></span> <span class='ocrx_word' id='word_1_327' title='bbox 319 1297 393 1329; x_wconf 87' lang='grc' dir='ltr'><strong><em>τοῖς</em></strong></span> <span class='ocrx_word' id='word_1_328' title='bbox 415 1291 596 1342; x_wconf 78' lang='grc' dir='ltr'><strong><em>ἡμετέροις</em></strong></span> <span class='ocrx_word' id='word_1_329' title='bbox 619 1292 742 1339; x_wconf 85' lang='grc' dir='ltr'><strong><em>νόμοις</em></strong></span> <span class='ocrx_word' id='word_1_330' title='bbox 764 1295 952 1336; x_wconf 78' lang='grc' dir='ltr'><strong><em>τέτακται,</em></strong></span> <span class='ocrx_word' id='word_1_331' title='bbox 976 1292 1069 1328; x_wconf 84' lang='grc' dir='ltr'><strong><em>κατὰ</em></strong></span> <span class='ocrx_word' id='word_1_332' title='bbox 1087 1296 1194 1328; x_wconf 89' lang='grc' dir='ltr'><strong><em>ποῖον</em></strong></span> 
     </span>
     <span class='ocr_line' id='line_1_47' title="bbox 115 1337 1194 1395; baseline -0.003 -20"><span class='ocrx_word' id='word_1_333' title='bbox 115 1342 183 1385; x_wconf 74' lang='grc' dir='ltr'><strong>μὲν</strong></span> <span class='ocrx_word' id='word_1_334' title='bbox 217 1340 335 1385; x_wconf 75' lang='grc' dir='ltr'><strong><em>σχῆμα</em></strong></span> <span class='ocrx_word' id='word_1_335' title='bbox 367 1338 624 1394; x_wconf 76' lang='grc' dir='ltr'><strong><em>κληρονομοῦσι</em></strong></span> <span class='ocrx_word' id='word_1_336' title='bbox 659 1341 788 1395; x_wconf 50' lang='grc' dir='ltr'><strong><em>γὀνεῒς,</em></strong></span> <span class='ocrx_word' id='word_1_337' title='bbox 822 1337 931 1387; x_wconf 81' lang='grc' dir='ltr'><strong><em>ἤγουν</em></strong></span> <span class='ocrx_word' id='word_1_338' title='bbox 963 1341 1104 1387; x_wconf 85' lang='grc' dir='ltr'><strong><em>πατέρα</em></strong></span> <span class='ocrx_word' id='word_1_339' title='bbox 1134 1341 1194 1373; x_wconf 79' lang='grc' dir='ltr'><strong>καὶ</strong></span> 
     </span>
    </p>
   </div>
   <div class='ocr_carea' id='block_1_16' title="bbox 1263 1203 2342 1384">
    <p class='ocr_par' dir='ltr' id='par_1_16' title="bbox 1263 1203 2342 1384">
     <span class='ocr_line' id='line_1_48' title="bbox 1263 1203 2342 1246; baseline 0.001 -8"><span class='ocrx_word' id='word_1_340' title='bbox 1263 1214 1328 1239; x_wconf 90' lang='lat' dir='ltr'><strong>nos</strong></span> <span class='ocrx_word' id='word_1_341' title='bbox 1368 1213 1557 1239; x_wconf 83' lang='lat' dir='ltr'><strong>occasmne</strong></span> <span class='ocrx_word' id='word_1_342' title='bbox 1596 1205 1832 1239; x_wconf 87' lang='lat' dir='ltr'><strong>successionis</strong></span> <span class='ocrx_word' id='word_1_343' title='bbox 1871 1204 2099 1246; x_wconf 86' lang='lat' dir='ltr'><strong>feminarum,</strong></span> <span class='ocrx_word' id='word_1_344' title='bbox 2135 1206 2172 1239; x_wconf 90' lang='lat' dir='ltr'><strong>et</strong></span> <span class='ocrx_word' id='word_1_345' title='bbox 2206 1203 2268 1239; x_wconf 93' lang='lat' dir='ltr'><strong>nul</strong></span> <span class='ocrx_word' id='word_1_346' title='bbox 2283 1213 2342 1239; x_wconf 87' lang='lat' dir='ltr'><strong>am</strong></span> 
     </span>
     <span class='ocr_line' id='line_1_49' title="bbox 1263 1248 2342 1285; baseline 0 -1"><span class='ocrx_word' id='word_1_347' title='bbox 1263 1259 1343 1285; x_wconf 91' lang='lat' dir='ltr'><strong>esse</strong></span> <span class='ocrx_word' id='word_1_348' title='bbox 1366 1248 1599 1284; x_wconf 87' lang='lat' dir='ltr'><strong>differentiam</strong></span> <span class='ocrx_word' id='word_1_349' title='bbox 1621 1250 1770 1285; x_wconf 90' lang='lat' dir='ltr'><strong>masculi</strong></span> <span class='ocrx_word' id='word_1_350' title='bbox 1801 1252 1864 1284; x_wconf 88' lang='lat' dir='ltr'><strong>aut</strong></span> <span class='ocrx_word' id='word_1_351' title='bbox 1892 1249 2060 1284; x_wconf 84' lang='lat' dir='ltr'><strong>feminae:</strong></span> <span class='ocrx_word' id='word_1_352' title='bbox 2095 1250 2158 1285; x_wconf 90' lang='lat' dir='ltr'><strong>sed</strong></span> <span class='ocrx_word' id='word_1_353' title='bbox 2189 1249 2282 1285; x_wconf 89' lang='lat' dir='ltr'><strong>sicut</strong></span> <span class='ocrx_word' id='word_1_354' title='bbox 2304 1251 2342 1284; x_wconf 92' lang='lat' dir='ltr'><strong>et</strong></span> 
     </span>
     <span class='ocr_line' id='line_1_50' title="bbox 1263 1294 2342 1340; baseline 0.001 -11"><span class='ocrx_word' id='word_1_355' title='bbox 1263 1295 1300 1329; x_wconf 89' lang='lat' dir='ltr'><strong>in</strong></span> <span class='ocrx_word' id='word_1_356' title='bbox 1331 1295 1463 1330; x_wconf 89' lang='lat' dir='ltr'><strong>nostris</strong></span> <span class='ocrx_word' id='word_1_357' title='bbox 1496 1295 1633 1339; x_wconf 88' lang='lat' dir='ltr'><strong>legibus</strong></span> <span class='ocrx_word' id='word_1_358' title='bbox 1665 1295 1876 1340; x_wconf 90' lang='lat' dir='ltr'><strong>dispositum</strong></span> <span class='ocrx_word' id='word_1_359' title='bbox 1909 1297 1979 1337; x_wconf 89' lang='lat' dir='ltr'><strong>est,</strong></span> <span class='ocrx_word' id='word_1_360' title='bbox 2014 1294 2211 1329; x_wconf 88' lang='lat' dir='ltr'><strong>secundum</strong></span> <span class='ocrx_word' id='word_1_361' title='bbox 2235 1305 2342 1339; x_wconf 87' lang='lat' dir='ltr'><strong>quam</strong></span> 
     </span>
     <span class='ocr_line' id='line_1_51' title="bbox 1263 1339 2341 1384; baseline 0.001 -10"><span class='ocrx_word' id='word_1_362' title='bbox 1263 1339 1412 1384; x_wconf 88' lang='lat' dir='ltr'><strong>figuram</strong></span> <span class='ocrx_word' id='word_1_363' title='bbox 1442 1340 1591 1375; x_wconf 91' lang='lat' dir='ltr'><strong>heredes</strong></span> <span class='ocrx_word' id='word_1_364' title='bbox 1623 1340 1778 1375; x_wconf 86' lang='lat' dir='ltr'><strong>existant</strong></span> <span class='ocrx_word' id='word_1_365' title='bbox 1804 1342 2009 1384; x_wconf 86' lang='lat' dir='ltr'><strong>parentum,</strong></span> <span class='ocrx_word' id='word_1_366' title='bbox 2043 1340 2112 1375; x_wconf 90' lang='lat' dir='ltr'><strong>hoc</strong></span> <span class='ocrx_word' id='word_1_367' title='bbox 2143 1343 2198 1375; x_wconf 93' lang='lat' dir='ltr'><strong>est</strong></span> <span class='ocrx_word' id='word_1_368' title='bbox 2226 1340 2341 1384; x_wconf 88' lang='lat' dir='ltr'><strong>patris</strong></span> 
     </span>
    </p>
   </div>
   <div class='ocr_carea' id='block_1_17' title="bbox 115 1383 2342 1440">
    <p class='ocr_par' dir='ltr' id='par_1_17' title="bbox 115 1383 2342 1440">
     <span class='ocr_line' id='line_1_52' title="bbox 115 1383 2342 1440; baseline 0.001 -22"><span class='ocrx_word' id='word_1_369' title='bbox 115 1387 268 1432; x_wconf 77' lang='grc' dir='ltr'><strong><em>μητέρα,</em></strong></span> <span class='ocrx_word' id='word_1_370' title='bbox 299 1387 360 1419; x_wconf 80' lang='grc' dir='ltr'><strong>καὶ</strong></span> <span class='ocrx_word' id='word_1_371' title='bbox 382 1397 537 1439; x_wconf 68' lang='grc' dir='ltr'><strong><em>πάππον</em></strong></span> <span class='ocrx_word' id='word_1_372' title='bbox 555 1388 621 1440; x_wconf 53' lang='grc' dir='ltr'><strong><em>καὶ,</em></strong></span> <span class='ocrx_word' id='word_1_373' title='bbox 638 1398 804 1440; x_wconf 62' lang='grc' dir='ltr'><strong><em>μαμμην,</em></strong></span> <span class='ocrx_word' id='word_1_374' title='bbox 835 1387 896 1419; x_wconf 78' lang='grc' dir='ltr'><strong>καὶ</strong></span> <span class='ocrx_word' id='word_1_375' title='bbox 924 1383 1006 1419; x_wconf 75' lang='grc' dir='ltr'><strong><em>τοὺς</em></strong></span> <span class='ocrx_word' id='word_1_376' title='bbox 1028 1386 1084 1418; x_wconf 79' lang='grc' dir='ltr'><strong>ἔτι</strong></span> <span class='ocrx_word' id='word_1_377' title='bbox 1106 1396 1191 1431; x_wconf 86' lang='grc' dir='ltr'><strong><em>πορ-</em></strong></span> <span class='ocrx_word' id='word_1_378' title='bbox 1207 1386 1249 1419; x_wconf 86' lang='grc'><strong>25</strong></span> <span class='ocrx_word' id='word_1_379' title='bbox 1264 1390 1300 1420; x_wconf 85' lang='lat' dir='ltr'><strong>et</strong></span> <span class='ocrx_word' id='word_1_380' title='bbox 1323 1385 1464 1428; x_wconf 81' lang='lat' dir='ltr'><strong>matris,</strong></span> <span class='ocrx_word' id='word_1_381' title='bbox 1490 1388 1525 1420; x_wconf 82' lang='lat' dir='ltr'><strong>et</strong></span> <span class='ocrx_word' id='word_1_382' title='bbox 1549 1386 1605 1421; x_wconf 81' lang='lat' dir='ltr'><strong>avi</strong></span> <span class='ocrx_word' id='word_1_383' title='bbox 1627 1389 1665 1421; x_wconf 82' lang='lat' dir='ltr'><strong>et</strong></span> <span class='ocrx_word' id='word_1_384' title='bbox 1688 1386 1807 1428; x_wconf 84' lang='lat' dir='ltr'><strong>aviae,</strong></span> <span class='ocrx_word' id='word_1_385' title='bbox 1833 1387 1870 1420; x_wconf 85' lang='lat' dir='ltr'><strong>et</strong></span> <span class='ocrx_word' id='word_1_386' title='bbox 1892 1384 2010 1419; x_wconf 83' lang='lat' dir='ltr'><strong>adhuc</strong></span> <span class='ocrx_word' id='word_1_387' title='bbox 2032 1383 2192 1429; x_wconf 79' lang='lat' dir='ltr'><strong>longius,</strong></span> <span class='ocrx_word' id='word_1_388' title='bbox 2223 1389 2260 1420; x_wconf 81' lang='lat' dir='ltr'><strong>et</strong></span> <span class='ocrx_word' id='word_1_389' title='bbox 2282 1395 2342 1421; x_wconf 85' lang='lat' dir='ltr'><strong>eo-</strong></span> 
     </span>
    </p>
   </div>
   <div class='ocr_carea' id='block_1_18' title="bbox 116 1427 1194 1620">
    <p class='ocr_par' dir='ltr' id='par_1_18' title="bbox 116 1427 1194 1620">
     <span class='ocr_line' id='line_1_53' title="bbox 139 1427 1193 1476; baseline -0.001 -12"><span class='ocrx_word' id='word_1_390' title='bbox 139 1433 281 1476; x_wconf 78' lang='grc' dir='ltr'><strong><em>ωτέρω,</em></strong></span> <span class='ocrx_word' id='word_1_391' title='bbox 310 1427 333 1474; x_wconf 82' lang='grc' dir='ltr'>ἢ</span> <span class='ocrx_word' id='word_1_392' title='bbox 355 1432 416 1464; x_wconf 81' lang='grc' dir='ltr'><strong>καὶ</strong></span> <span class='ocrx_word' id='word_1_393' title='bbox 434 1441 515 1464; x_wconf 81' lang='grc' dir='ltr'><strong><em>τους</em></strong></span> <span class='ocrx_word' id='word_1_394' title='bbox 541 1443 608 1475; x_wconf 86' lang='grc' dir='ltr'><strong><em>μετ</em></strong></span> <span class='ocrx_word' id='word_1_395' title='bbox 649 1441 792 1472; x_wconf 81' lang='grc' dir='ltr'><strong><em>αυτους,</em></strong></span> <span class='ocrx_word' id='word_1_396' title='bbox 824 1432 1011 1465; x_wconf 81' lang='grc' dir='ltr'><strong><em>τουτέστιν</em></strong></span> <span class='ocrx_word' id='word_1_397' title='bbox 1033 1428 1113 1464; x_wconf 83' lang='grc' dir='ltr'><strong><em>υἱὸν</em></strong></span> <span class='ocrx_word' id='word_1_398' title='bbox 1133 1432 1193 1463; x_wconf 85' lang='grc' dir='ltr'><strong>καὶ</strong></span> 
     </span>
     <span class='ocr_line' id='line_1_54' title="bbox 116 1445 1193 1523; baseline -0.002 -14"><span class='ocrx_word' id='word_1_399' title='bbox 116 1445 319 1523; x_wconf 58' lang='grc' dir='ltr'><strong>εθυγατέρα,</strong></span> <span class='ocrx_word' id='word_1_400' title='bbox 343 1471 442 1510; x_wconf 73' lang='grc' dir='ltr'><strong><em>ὅπως</em></strong></span> <span class='ocrx_word' id='word_1_401' title='bbox 463 1489 503 1510; x_wconf 85' lang='grc' dir='ltr'><strong>τε</strong></span> <span class='ocrx_word' id='word_1_402' title='bbox 527 1473 628 1510; x_wconf 74' lang='grc' dir='ltr'><strong><em>αὐτοὶ</em></strong></span> <span class='ocrx_word' id='word_1_403' title='bbox 652 1474 973 1521; x_wconf 78' lang='grc' dir='ltr'><strong><em>κληρονομοῦνται·</em></strong></span> <span class='ocrx_word' id='word_1_404' title='bbox 997 1471 1111 1509; x_wconf 69' lang='grc' dir='ltr'><strong><em>οὕτως</em></strong></span> <span class='ocrx_word' id='word_1_405' title='bbox 1133 1477 1193 1509; x_wconf 84' lang='grc' dir='ltr'><strong>καὶ</strong></span> 
     </span>
     <span class='ocr_line' id='line_1_55' title="bbox 117 1517 1194 1567; baseline -0.002 -12"><span class='ocrx_word' id='word_1_406' title='bbox 117 1520 217 1567; x_wconf 81' lang='grc' dir='ltr'><strong><em>παρὰ</em></strong></span> <span class='ocrx_word' id='word_1_407' title='bbox 235 1520 428 1567; x_wconf 76' lang='grc' dir='ltr'><strong><em>Ἀρμενίοις</em></strong></span> <span class='ocrx_word' id='word_1_408' title='bbox 446 1520 539 1555; x_wconf 84' lang='grc' dir='ltr'><strong><em>εἶναι</em></strong></span> <span class='ocrx_word' id='word_1_409' title='bbox 567 1523 626 1554; x_wconf 81' lang='grc' dir='ltr'><strong>καὶ</strong></span> <span class='ocrx_word' id='word_1_410' title='bbox 649 1519 762 1565; x_wconf 80' lang='grc' dir='ltr'><strong><em>μηδὲν</em></strong></span> <span class='ocrx_word' id='word_1_411' title='bbox 784 1517 831 1555; x_wconf 75' lang='grc' dir='ltr'><strong>τά</strong></span> <span class='ocrx_word' id='word_1_412' title='bbox 852 1518 1036 1567; x_wconf 81' lang='grc' dir='ltr'><strong><em>Ἀρμενίας</em></strong></span> <span class='ocrx_word' id='word_1_413' title='bbox 1059 1519 1194 1565; x_wconf 88' lang='grc' dir='ltr'><strong><em>νόμιμα</em></strong></span> 
     </span>
     <span class='ocr_line' id='line_1_56' title="bbox 117 1562 1193 1620; baseline -0.001 -20"><span class='ocrx_word' id='word_1_414' title='bbox 117 1568 195 1600; x_wconf 81' lang='grc' dir='ltr'><strong>τῶν</strong></span> <span class='ocrx_word' id='word_1_415' title='bbox 217 1562 405 1611; x_wconf 85' lang='grc' dir='ltr'><strong><em>Ῥωμαίων</em></strong></span> <span class='ocrx_word' id='word_1_416' title='bbox 432 1563 628 1600; x_wconf 76' lang='grc' dir='ltr'><strong><em>διεστάναι.</em></strong></span> <span class='ocrx_word' id='word_1_417' title='bbox 676 1567 722 1600; x_wconf 81' lang='grc' dir='ltr'><strong>Εἰ</strong></span> <span class='ocrx_word' id='word_1_418' title='bbox 750 1564 820 1613; x_wconf 84' lang='grc' dir='ltr'><strong>γὰρ</strong></span> <span class='ocrx_word' id='word_1_419' title='bbox 847 1567 908 1620; x_wconf 73' lang='grc' dir='ltr'><strong>τῆς</strong></span> <span class='ocrx_word' id='word_1_420' title='bbox 938 1563 1108 1612; x_wconf 81' lang='grc' dir='ltr'><strong><em>ἡμετέρας</em></strong></span> <span class='ocrx_word' id='word_1_421' title='bbox 1131 1578 1193 1600; x_wconf 88' lang='grc' dir='ltr'><strong><em>πο-</em></strong></span> 
     </span>
    </p>
   </div>
   <div class='ocr_carea' id='block_1_19' title="bbox 1262 1429 2344 1611">
    <p class='ocr_par' dir='ltr' id='par_1_19' title="bbox 1262 1429 2344 1611">
     <span class='ocr_line' id='line_1_57' title="bbox 1262 1429 2343 1476; baseline 0 -11"><span class='ocrx_word' id='word_1_422' title='bbox 1262 1441 1341 1465; x_wconf 91' lang='lat' dir='ltr'><strong>rum</strong></span> <span class='ocrx_word' id='word_1_423' title='bbox 1375 1431 1435 1475; x_wconf 92' lang='lat' dir='ltr'><strong>qui</strong></span> <span class='ocrx_word' id='word_1_424' title='bbox 1466 1434 1548 1476; x_wconf 87' lang='lat' dir='ltr'><strong>post</strong></span> <span class='ocrx_word' id='word_1_425' title='bbox 1578 1431 1676 1476; x_wconf 89' lang='lat' dir='ltr'><strong>ipsos</strong></span> <span class='ocrx_word' id='word_1_426' title='bbox 1708 1434 1808 1470; x_wconf 79' lang='lat' dir='ltr'><strong>sunt,</strong></span> <span class='ocrx_word' id='word_1_427' title='bbox 1841 1431 1909 1466; x_wconf 93' lang='lat' dir='ltr'><strong>hoc</strong></span> <span class='ocrx_word' id='word_1_428' title='bbox 1933 1432 1989 1465; x_wconf 88' lang='lat' dir='ltr'><strong>est</strong></span> <span class='ocrx_word' id='word_1_429' title='bbox 2011 1429 2077 1464; x_wconf 91' lang='lat' dir='ltr'><strong>filii</strong></span> <span class='ocrx_word' id='word_1_430' title='bbox 2106 1433 2142 1465; x_wconf 91' lang='lat' dir='ltr'><strong>et</strong></span> <span class='ocrx_word' id='word_1_431' title='bbox 2164 1429 2274 1473; x_wconf 88' lang='lat' dir='ltr'><strong>filiae,</strong></span> <span class='ocrx_word' id='word_1_432' title='bbox 2308 1434 2343 1466; x_wconf 89' lang='lat' dir='ltr'><strong>et</strong></span> 
     </span>
     <span class='ocr_line' id='line_1_58' title="bbox 1264 1475 2343 1522; baseline -0.001 -11"><span class='ocrx_word' id='word_1_433' title='bbox 1264 1476 1558 1520; x_wconf 89' lang='lat' dir='ltr'><strong>quemadmodum</strong></span> <span class='ocrx_word' id='word_1_434' title='bbox 1582 1476 1652 1522; x_wconf 87' lang='lat' dir='ltr'><strong>ipsi</strong></span> <span class='ocrx_word' id='word_1_435' title='bbox 1675 1476 1908 1512; x_wconf 88' lang='lat' dir='ltr'><strong>hereditatem</strong></span> <span class='ocrx_word' id='word_1_436' title='bbox 1937 1475 2192 1510; x_wconf 81' lang='lat' dir='ltr'><strong>transmittant:</strong></span> <span class='ocrx_word' id='word_1_437' title='bbox 2214 1475 2286 1518; x_wconf 74' lang='lat' dir='ltr'><strong>,ita</strong></span> <span class='ocrx_word' id='word_1_438' title='bbox 2308 1480 2343 1511; x_wconf 87' lang='lat' dir='ltr'><strong>et</strong></span> 
     </span>
     <span class='ocr_line' id='line_1_59' title="bbox 1263 1520 2344 1573; baseline -0.001 -17"><span class='ocrx_word' id='word_1_439' title='bbox 1263 1521 1359 1566; x_wconf 86' lang='lat' dir='ltr'><strong>apud</strong></span> <span class='ocrx_word' id='word_1_440' title='bbox 1390 1521 1577 1557; x_wconf 86' lang='lat' dir='ltr'><strong>Armenios</strong></span> <span class='ocrx_word' id='word_1_441' title='bbox 1614 1532 1693 1557; x_wconf 91' lang='lat' dir='ltr'><strong>esse</strong></span> <span class='ocrx_word' id='word_1_442' title='bbox 1728 1525 1765 1557; x_wconf 90' lang='lat' dir='ltr'><strong>et</strong></span> <span class='ocrx_word' id='word_1_443' title='bbox 1801 1521 1889 1573; x_wconf 75' lang='lat' dir='ltr'><strong>nihil</strong></span> <span class='ocrx_word' id='word_1_444' title='bbox 1918 1520 2175 1573; x_wconf 66' lang='lat' dir='ltr'><strong>Armeniorum⁸</strong></span> <span class='ocrx_word' id='word_1_445' title='bbox 2196 1521 2290 1573; x_wconf 75' lang='lat' dir='ltr'><strong>leges</strong></span> <span class='ocrx_word' id='word_1_446' title='bbox 2322 1531 2344 1555; x_wconf 92' lang='lat' dir='ltr'><strong>a</strong></span> 
     </span>
     <span class='ocr_line' id='line_1_60' title="bbox 1264 1566 2342 1611; baseline -0.001 -10"><span class='ocrx_word' id='word_1_447' title='bbox 1264 1566 1505 1602; x_wconf 87' lang='lat' dir='ltr'><strong>Romanorum</strong></span> <span class='ocrx_word' id='word_1_448' title='bbox 1541 1566 1695 1602; x_wconf 85' lang='lat' dir='ltr'><strong>differre.</strong></span> <span class='ocrx_word' id='word_1_449' title='bbox 1744 1567 1781 1602; x_wconf 88' lang='lat' dir='ltr'><strong>Si</strong></span> <span class='ocrx_word' id='word_1_450' title='bbox 1817 1577 1910 1602; x_wconf 82' lang='lat' dir='ltr'><strong>enim</strong></span> <span class='ocrx_word' id='word_1_451' title='bbox 1945 1568 2091 1601; x_wconf 87' lang='lat' dir='ltr'><strong>nostrae</strong></span> <span class='ocrx_word' id='word_1_452' title='bbox 2125 1566 2342 1611; x_wconf 83' lang='lat' dir='ltr'><strong>re1pub11cae</strong></span> 
     </span>
    </p>
   </div>
   <div class='ocr_carea' id='block_1_20' title="bbox 119 1609 2342 1666">
    <p class='ocr_par' dir='ltr' id='par_1_20' title="bbox 119 1609 2342 1666">
     <span class='ocr_line' id='line_1_61' title="bbox 119 1609 2342 1666; baseline 0 -20"><span class='ocrx_word' id='word_1_453' title='bbox 119 1611 249 1646; x_wconf 79' lang='grc' dir='ltr'><strong><em>λιτείας</em></strong></span> <span class='ocrx_word' id='word_1_454' title='bbox 271 1612 339 1645; x_wconf 77' lang='grc' dir='ltr'><strong><em>εἰσὶ</em></strong></span> <span class='ocrx_word' id='word_1_455' title='bbox 372 1609 576 1646; x_wconf 82' lang='grc' dir='ltr'><strong><em>δουλεύουσί</em></strong></span> <span class='ocrx_word' id='word_1_456' title='bbox 603 1624 643 1645; x_wconf 83' lang='grc' dir='ltr'><strong>τε</strong></span> <span class='ocrx_word' id='word_1_457' title='bbox 670 1610 755 1656; x_wconf 81' lang='grc' dir='ltr'><strong><em>ὴμιν</em></strong></span> <span class='ocrx_word' id='word_1_458' title='bbox 777 1623 868 1666; x_wconf 61' lang='grc' dir='ltr'><strong><em>μετα</em></strong></span> <span class='ocrx_word' id='word_1_459' title='bbox 889 1612 968 1646; x_wconf 82' lang='grc' dir='ltr'><strong>τῶν</strong></span> <span class='ocrx_word' id='word_1_460' title='bbox 988 1610 1107 1645; x_wconf 80' lang='grc' dir='ltr'><strong><em>ἄλλων</em></strong></span> <span class='ocrx_word' id='word_1_461' title='bbox 1130 1611 1192 1644; x_wconf 63' lang='lat' dir='ltr'><strong>i&amp;-</strong></span> <span class='ocrx_word' id='word_1_462' title='bbox 1208 1614 1250 1646; x_wconf 82' lang='lat'><strong>30</strong></span> <span class='ocrx_word' id='word_1_463' title='bbox 1264 1616 1348 1647; x_wconf 91' lang='lat' dir='ltr'><strong>sunt</strong></span> <span class='ocrx_word' id='word_1_464' title='bbox 1378 1613 1604 1658; x_wconf 86' lang='lat' dir='ltr'><strong>serviuntque</strong></span> <span class='ocrx_word' id='word_1_465' title='bbox 1635 1612 1738 1648; x_wconf 85' lang='lat' dir='ltr'><strong>nobis</strong></span> <span class='ocrx_word' id='word_1_466' title='bbox 1764 1623 1844 1647; x_wconf 91' lang='lat' dir='ltr'><strong>cum</strong></span> <span class='ocrx_word' id='word_1_467' title='bbox 1868 1611 1948 1646; x_wconf 85' lang='lat' dir='ltr'><strong>aliis</strong></span> <span class='ocrx_word' id='word_1_468' title='bbox 1978 1611 2143 1655; x_wconf 88' lang='lat' dir='ltr'><strong>gentibus</strong></span> <span class='ocrx_word' id='word_1_469' title='bbox 2172 1615 2208 1646; x_wconf 91' lang='lat' dir='ltr'><strong>et</strong></span> <span class='ocrx_word' id='word_1_470' title='bbox 2232 1613 2342 1647; x_wconf 91' lang='lat' dir='ltr'><strong>omni-</strong></span> 
     </span>
    </p>
   </div>
   <div class='ocr_carea' id='block_1_21' title="bbox 118 1654 1196 1841">
    <p class='ocr_par' dir='ltr' id='par_1_21' title="bbox 118 1654 1196 1841">
     <span class='ocr_line' id='line_1_62' title="bbox 118 1654 1194 1703; baseline -0.001 -12"><span class='ocrx_word' id='word_1_471' title='bbox 118 1659 196 1691; x_wconf 85' lang='grc' dir='ltr'><strong>νῶν</strong></span> <span class='ocrx_word' id='word_1_472' title='bbox 226 1659 286 1691; x_wconf 83' lang='grc' dir='ltr'><strong>καὶ</strong></span> <span class='ocrx_word' id='word_1_473' title='bbox 309 1656 463 1692; x_wconf 86' lang='grc' dir='ltr'><strong><em>πάντων</em></strong></span> <span class='ocrx_word' id='word_1_474' title='bbox 485 1654 706 1691; x_wconf 82' lang='grc' dir='ltr'><strong><em>ἀπολαύουσι</em></strong></span> <span class='ocrx_word' id='word_1_475' title='bbox 729 1657 808 1691; x_wconf 84' lang='grc' dir='ltr'><strong>τῶν</strong></span> <span class='ocrx_word' id='word_1_476' title='bbox 834 1659 1037 1703; x_wconf 80' lang='grc' dir='ltr'><strong><em>ημετέρων,</em></strong></span> <span class='ocrx_word' id='word_1_477' title='bbox 1070 1655 1111 1690; x_wconf 79' lang='grc' dir='ltr'><strong><em>οὐ</em></strong></span> <span class='ocrx_word' id='word_1_478' title='bbox 1135 1654 1194 1699; x_wconf 83' lang='grc' dir='ltr'><strong>δή·</strong></span> 
     </span>
     <span class='ocr_line' id='line_1_63' title="bbox 119 1698 1195 1748; baseline -0.003 -11"><span class='ocrx_word' id='word_1_479' title='bbox 119 1715 189 1737; x_wconf 88' lang='grc' dir='ltr'><strong><em>που</em></strong></span> <span class='ocrx_word' id='word_1_480' title='bbox 222 1701 331 1747; x_wconf 84' lang='grc' dir='ltr'><strong><em>μόναι</em></strong></span> <span class='ocrx_word' id='word_1_481' title='bbox 366 1715 417 1738; x_wconf 89' lang='grc' dir='ltr'><strong>πα</strong></span> <span class='ocrx_word' id='word_1_482' title='bbox 446 1699 456 1713; x_wconf 86' lang='lat'>&#39;</span> <span class='ocrx_word' id='word_1_483' title='bbox 496 1699 613 1736; x_wconf 73' lang='grc' dir='ltr'><strong><em>αὐτοῖς</em></strong></span> <span class='ocrx_word' id='word_1_484' title='bbox 648 1701 688 1736; x_wconf 84' lang='grc' dir='ltr'><strong>αἱ</strong></span> <span class='ocrx_word' id='word_1_485' title='bbox 721 1699 866 1745; x_wconf 83' lang='grc' dir='ltr'><strong><em>θήλειαι</em></strong></span> <span class='ocrx_word' id='word_1_486' title='bbox 894 1703 956 1746; x_wconf 81' lang='grc' dir='ltr'><strong>τῆς</strong></span> <span class='ocrx_word' id='word_1_487' title='bbox 987 1701 1078 1748; x_wconf 77' lang='grc' dir='ltr'><strong><em>παρ’</em></strong></span> <span class='ocrx_word' id='word_1_488' title='bbox 1111 1698 1195 1746; x_wconf 83' lang='grc' dir='ltr'><strong><em>ἡμῖν</em></strong></span> 
     </span>
     <span class='ocr_line' id='line_1_64' title="bbox 120 1715 1196 1792; baseline -0.001 -10"><span class='ocrx_word' id='word_1_489' title='bbox 120 1746 282 1792; x_wconf 80' lang='grc' dir='ltr'><strong><em>ἰσότητος</em></strong></span> <span class='ocrx_word' id='word_1_490' title='bbox 305 1715 612 1792; x_wconf 63' lang='grc' dir='ltr'><strong><em>ἐκβληθήσονται·</em></strong></span> <span class='ocrx_word' id='word_1_491' title='bbox 649 1745 739 1781; x_wconf 75' lang='grc' dir='ltr'><strong><em>ἀλλὰ</em></strong></span> <span class='ocrx_word' id='word_1_492' title='bbox 758 1748 869 1783; x_wconf 86' lang='grc' dir='ltr'><strong><em>πᾶσιν</em></strong></span> <span class='ocrx_word' id='word_1_493' title='bbox 894 1749 933 1781; x_wconf 83' lang='grc' dir='ltr'><strong>ἐν</strong></span> <span class='ocrx_word' id='word_1_494' title='bbox 956 1747 1025 1791; x_wconf 77' lang='grc' dir='ltr'><strong><em>ἰ’σῳ</em></strong></span> <span class='ocrx_word' id='word_1_495' title='bbox 1049 1745 1095 1781; x_wconf 81' lang='grc' dir='ltr'><strong>τὰ</strong></span> <span class='ocrx_word' id='word_1_496' title='bbox 1118 1747 1196 1781; x_wconf 76' lang='grc' dir='ltr'><strong>τῶν</strong></span> 
     </span>
     <span class='ocr_line' id='line_1_65' title="bbox 119 1789 1194 1841; baseline -0.002 -13"><span class='ocrx_word' id='word_1_497' title='bbox 119 1789 303 1841; x_wconf 75' lang='grc' dir='ltr'><strong><em>ἡμετέρων</em></strong></span> <span class='ocrx_word' id='word_1_498' title='bbox 325 1795 429 1827; x_wconf 83' lang='grc' dir='ltr'><strong><em>ἔσται</em></strong></span> <span class='ocrx_word' id='word_1_499' title='bbox 452 1791 588 1837; x_wconf 88' lang='grc' dir='ltr'><strong><em>νόμων,</em></strong></span> <span class='ocrx_word' id='word_1_500' title='bbox 613 1789 682 1826; x_wconf 76' lang='grc' dir='ltr'><strong>ὅσα</strong></span> <span class='ocrx_word' id='word_1_501' title='bbox 705 1805 745 1826; x_wconf 84' lang='grc' dir='ltr'><strong>τε</strong></span> <span class='ocrx_word' id='word_1_502' title='bbox 768 1794 806 1827; x_wconf 78' lang='grc' dir='ltr'><strong>ἐκ</strong></span> <span class='ocrx_word' id='word_1_503' title='bbox 829 1793 907 1827; x_wconf 85' lang='grc' dir='ltr'><strong>τῶν</strong></span> <span class='ocrx_word' id='word_1_504' title='bbox 929 1791 1100 1827; x_wconf 80' lang='grc' dir='ltr'><strong><em>παλαιῶν</em></strong></span> <span class='ocrx_word' id='word_1_505' title='bbox 1115 1804 1194 1826; x_wconf 88' lang='grc' dir='ltr'><strong><em>συν-</em></strong></span> 
     </span>
    </p>
   </div>
   <div class='ocr_carea' id='block_1_22' title="bbox 1265 1656 2343 1838">
    <p class='ocr_par' dir='ltr' id='par_1_22' title="bbox 1265 1656 2343 1838">
     <span class='ocr_line' id='line_1_66' title="bbox 1265 1656 2342 1701; baseline -0.001 -9"><span class='ocrx_word' id='word_1_506' title='bbox 1265 1658 1332 1693; x_wconf 90' lang='lat' dir='ltr'><strong>bus</strong></span> <span class='ocrx_word' id='word_1_507' title='bbox 1355 1658 1489 1694; x_wconf 91' lang='lat' dir='ltr'><strong>nostris</strong></span> <span class='ocrx_word' id='word_1_508' title='bbox 1514 1658 1691 1701; x_wconf 88' lang='lat' dir='ltr'><strong>fruuntur,</strong></span> <span class='ocrx_word' id='word_1_509' title='bbox 1716 1666 1941 1701; x_wconf 88' lang='lat' dir='ltr'><strong>nequaquam</strong></span> <span class='ocrx_word' id='word_1_510' title='bbox 1965 1656 2063 1692; x_wconf 88' lang='lat' dir='ltr'><strong>solae</strong></span> <span class='ocrx_word' id='word_1_511' title='bbox 2086 1657 2183 1701; x_wconf 85' lang='lat' dir='ltr'><strong>apud</strong></span> <span class='ocrx_word' id='word_1_512' title='bbox 2207 1667 2268 1692; x_wconf 91' lang='lat' dir='ltr'><strong>eos</strong></span> <span class='ocrx_word' id='word_1_513' title='bbox 2290 1657 2342 1692; x_wconf 86' lang='lat' dir='ltr'><strong>fe-</strong></span> 
     </span>
     <span class='ocr_line' id='line_1_67' title="bbox 1265 1701 2343 1748; baseline 0 -11"><span class='ocrx_word' id='word_1_514' title='bbox 1265 1702 1382 1738; x_wconf 89' lang='lat' dir='ltr'><strong>minae</strong></span> <span class='ocrx_word' id='word_1_515' title='bbox 1406 1707 1530 1739; x_wconf 84' lang='lat' dir='ltr'><strong>nostra</strong></span> <span class='ocrx_word' id='word_1_516' title='bbox 1553 1704 1732 1748; x_wconf 89' lang='lat' dir='ltr'><strong>aequitate</strong></span> <span class='ocrx_word' id='word_1_517' title='bbox 1749 1703 1975 1748; x_wconf 89' lang='lat' dir='ltr'><strong>repellentur,</strong></span> <span class='ocrx_word' id='word_1_518' title='bbox 2001 1701 2064 1737; x_wconf 88' lang='lat' dir='ltr'><strong>sed</strong></span> <span class='ocrx_word' id='word_1_519' title='bbox 2088 1702 2253 1738; x_wconf 93' lang='lat' dir='ltr'><strong>omnibus</strong></span> <span class='ocrx_word' id='word_1_520' title='bbox 2276 1703 2343 1737; x_wconf 90' lang='lat' dir='ltr'><strong>sub</strong></span> 
     </span>
     <span class='ocr_line' id='line_1_68' title="bbox 1265 1748 2342 1794; baseline -0.001 -11"><span class='ocrx_word' id='word_1_521' title='bbox 1265 1748 1444 1794; x_wconf 88' lang='lat' dir='ltr'><strong>aequitate</strong></span> <span class='ocrx_word' id='word_1_522' title='bbox 1467 1751 1613 1784; x_wconf 87' lang='lat' dir='ltr'><strong>nostrae</strong></span> <span class='ocrx_word' id='word_1_523' title='bbox 1637 1752 1742 1784; x_wconf 89' lang='lat' dir='ltr'><strong>erunt</strong></span> <span class='ocrx_word' id='word_1_524' title='bbox 1762 1749 1870 1792; x_wconf 86' lang='lat' dir='ltr'><strong>leges,</strong></span> <span class='ocrx_word' id='word_1_525' title='bbox 1895 1757 2136 1793; x_wconf 90' lang='lat' dir='ltr'><strong>quascumque</strong></span> <span class='ocrx_word' id='word_1_526' title='bbox 2155 1758 2199 1782; x_wconf 84' lang='lat' dir='ltr'><strong>ex</strong></span> <span class='ocrx_word' id='word_1_527' title='bbox 2217 1748 2342 1782; x_wconf 90' lang='lat' dir='ltr'><strong>veteri-</strong></span> 
     </span>
     <span class='ocr_line' id='line_1_69' title="bbox 1265 1792 2343 1838; baseline -0.001 -10"><span class='ocrx_word' id='word_1_528' title='bbox 1265 1794 1333 1829; x_wconf 89' lang='lat' dir='ltr'><strong>bus</strong></span> <span class='ocrx_word' id='word_1_529' title='bbox 1358 1794 1562 1838; x_wconf 86' lang='lat' dir='ltr'><strong>collegimus</strong></span> <span class='ocrx_word' id='word_1_530' title='bbox 1594 1798 1630 1829; x_wconf 88' lang='lat' dir='ltr'><strong>et</strong></span> <span class='ocrx_word' id='word_1_531' title='bbox 1659 1794 1697 1829; x_wconf 88' lang='lat' dir='ltr'><strong>in</strong></span> <span class='ocrx_word' id='word_1_532' title='bbox 1720 1794 1853 1829; x_wconf 88' lang='lat' dir='ltr'><strong>nostris</strong></span> <span class='ocrx_word' id='word_1_533' title='bbox 1876 1792 2062 1838; x_wconf 88' lang='lat' dir='ltr'><strong>posuimus</strong></span> <span class='ocrx_word' id='word_1_534' title='bbox 2086 1792 2265 1828; x_wconf 89' lang='lat' dir='ltr'><strong>Institutis</strong></span> <span class='ocrx_word' id='word_1_535' title='bbox 2289 1797 2343 1827; x_wconf 90' lang='lat' dir='ltr'><strong>at-</strong></span> 
     </span>
    </p>
   </div>
   <div class='ocr_carea' id='block_1_23' title="bbox 118 1834 2345 1893">
    <p class='ocr_par' dir='ltr' id='par_1_23' title="bbox 118 1834 2345 1893">
     <span class='ocr_line' id='line_1_70' title="bbox 118 1834 2345 1893; baseline 0 -21"><span class='ocrx_word' id='word_1_536' title='bbox 118 1838 346 1884; x_wconf 74' lang='grc' dir='ltr'><strong><em>ηθροισαμεν</em></strong></span> <span class='ocrx_word' id='word_1_537' title='bbox 382 1840 442 1872; x_wconf 80' lang='grc' dir='ltr'><strong>καὶ</strong></span> <span class='ocrx_word' id='word_1_538' title='bbox 483 1840 523 1872; x_wconf 81' lang='grc' dir='ltr'><strong>έν</strong></span> <span class='ocrx_word' id='word_1_539' title='bbox 554 1840 626 1872; x_wconf 83' lang='grc' dir='ltr'><strong><em>τοῖς</em></strong></span> <span class='ocrx_word' id='word_1_540' title='bbox 642 1878 649 1890; x_wconf 50' lang='grc' dir='ltr'><strong><em>Ι</em></strong></span> <span class='ocrx_word' id='word_1_541' title='bbox 664 1834 843 1885; x_wconf 76' lang='grc' dir='ltr'><strong><em>ἡμετέροις</em></strong></span> <span class='ocrx_word' id='word_1_542' title='bbox 876 1836 1053 1883; x_wconf 76' lang='grc' dir='ltr'><strong><em>ἐτάξαμεν</em></strong></span> <span class='ocrx_word' id='word_1_543' title='bbox 1085 1837 1194 1872; x_wconf 84' lang='grc' dir='ltr'><strong><em>ῖνστι-</em></strong></span> <span class='ocrx_word' id='word_1_544' title='bbox 1209 1841 1251 1874; x_wconf 86' lang='grc'><strong>35</strong></span> <span class='ocrx_word' id='word_1_545' title='bbox 1266 1849 1334 1884; x_wconf 89' lang='lat' dir='ltr'><strong>que</strong></span> <span class='ocrx_word' id='word_1_546' title='bbox 1358 1839 1514 1893; x_wconf 74' lang='lat' dir='ltr'><strong>Digestis</strong></span> <span class='ocrx_word' id='word_1_547' title='bbox 1537 1843 1574 1875; x_wconf 88' lang='lat' dir='ltr'><strong>et</strong></span> <span class='ocrx_word' id='word_1_548' title='bbox 1598 1849 1842 1884; x_wconf 90' lang='lat' dir='ltr'><strong>quaecumque</strong></span> <span class='ocrx_word' id='word_1_549' title='bbox 1863 1849 1906 1873; x_wconf 84' lang='lat' dir='ltr'><strong>ex</strong></span> <span class='ocrx_word' id='word_1_550' title='bbox 1929 1837 2102 1883; x_wconf 88' lang='lat' dir='ltr'><strong>imperiali</strong></span> <span class='ocrx_word' id='word_1_551' title='bbox 2125 1837 2345 1883; x_wconf 86' lang='lat' dir='ltr'><strong>legislatione</strong></span> 
     </span>
    </p>
   </div>
   <div class='ocr_carea' id='block_1_24' title="bbox 118 1879 1197 2021">
    <p class='ocr_par' dir='ltr' id='par_1_24' title="bbox 118 1879 1197 2021">
     <span class='ocr_line' id='line_1_71' title="bbox 119 1879 1196 1931; baseline -0.002 -13"><span class='ocrx_word' id='word_1_552' title='bbox 119 1883 257 1919; x_wconf 78' lang='grc' dir='ltr'><strong><em>τούτοις</em></strong></span> <span class='ocrx_word' id='word_1_553' title='bbox 279 1897 320 1918; x_wconf 84' lang='grc' dir='ltr'><strong>τε</strong></span> <span class='ocrx_word' id='word_1_554' title='bbox 341 1886 401 1918; x_wconf 80' lang='grc' dir='ltr'><strong>καὶ</strong></span> <span class='ocrx_word' id='word_1_555' title='bbox 425 1880 598 1931; x_wconf 79' lang='grc' dir='ltr'><strong><em>διγέστοις</em></strong></span> <span class='ocrx_word' id='word_1_556' title='bbox 630 1879 698 1916; x_wconf 80' lang='grc' dir='ltr'><strong>ὃσα</strong></span> <span class='ocrx_word' id='word_1_557' title='bbox 720 1897 761 1918; x_wconf 82' lang='grc' dir='ltr'><strong>τε</strong></span> <span class='ocrx_word' id='word_1_558' title='bbox 785 1884 823 1917; x_wconf 80' lang='grc' dir='ltr'><strong>ἐκ</strong></span> <span class='ocrx_word' id='word_1_559' title='bbox 846 1883 907 1927; x_wconf 81' lang='grc' dir='ltr'><strong>τῆς</strong></span> <span class='ocrx_word' id='word_1_560' title='bbox 929 1882 1117 1928; x_wconf 83' lang='grc' dir='ltr'><strong><em>βασιλικῆς</em></strong></span> <span class='ocrx_word' id='word_1_561' title='bbox 1138 1895 1196 1917; x_wconf 89' lang='grc' dir='ltr'><strong>νο-</strong></span> 
     </span>
     <span class='ocr_line' id='line_1_72' title="bbox 118 1925 1197 1977; baseline -0.001 -14"><span class='ocrx_word' id='word_1_562' title='bbox 118 1930 296 1972; x_wconf 84' lang='grc' dir='ltr'><strong><em>μοθεσίας</em></strong></span> <span class='ocrx_word' id='word_1_563' title='bbox 318 1930 397 1963; x_wconf 82' lang='grc' dir='ltr'><strong>τῶν</strong></span> <span class='ocrx_word' id='word_1_564' title='bbox 418 1942 459 1963; x_wconf 89' lang='grc' dir='ltr'><strong>τε</strong></span> <span class='ocrx_word' id='word_1_565' title='bbox 479 1928 691 1976; x_wconf 75' lang='grc' dir='ltr'><strong><em>ἔμπροσθεν</em></strong></span> <span class='ocrx_word' id='word_1_566' title='bbox 711 1925 990 1977; x_wconf 74' lang='grc' dir='ltr'><strong><em>αὐτοκρατόρων</em></strong></span> <span class='ocrx_word' id='word_1_567' title='bbox 1007 1930 1067 1963; x_wconf 81' lang='grc' dir='ltr'><strong>καὶ</strong></span> <span class='ocrx_word' id='word_1_568' title='bbox 1090 1925 1197 1973; x_wconf 81' lang='grc' dir='ltr'><strong><em>ἡμῶν</em></strong></span> 
     </span>
     <span class='ocr_line' id='line_1_73' title="bbox 121 1971 637 2021; baseline 0 -13"><span class='ocrx_word' id='word_1_569' title='bbox 121 1977 183 2017; x_wconf 79' lang='grc' dir='ltr'><strong><em>[τε]</em></strong></span> <span class='ocrx_word' id='word_1_570' title='bbox 208 1972 332 2009; x_wconf 74' lang='grc' dir='ltr'><strong><em>αὐτῶν</em></strong></span> <span class='ocrx_word' id='word_1_571' title='bbox 354 1971 637 2021; x_wconf 85' lang='grc' dir='ltr'><strong><em>ἀπογέγραπται.</em></strong></span> 
     </span>
    </p>
   </div>
   <div class='ocr_carea' id='block_1_25' title="bbox 1265 1884 2345 1966">
    <p class='ocr_par' dir='ltr' id='par_1_25' title="bbox 1265 1884 2345 1966">
     <span class='ocr_line' id='line_1_74' title="bbox 1265 1884 2345 1965; baseline -0.001 -46"><span class='ocrx_word' id='word_1_572' title='bbox 1265 1889 1349 1965; x_wconf 79' lang='lat' dir='ltr'><strong>tamt</strong></span> <span class='ocrx_word' id='word_1_573' title='bbox 1370 1895 1529 1930; x_wconf 90' lang='lat' dir='ltr'><strong>pr1orum</strong></span> <span class='ocrx_word' id='word_1_574' title='bbox 1560 1885 1814 1930; x_wconf 81' lang='lat' dir='ltr'><strong>imperatorum</strong></span> <span class='ocrx_word' id='word_1_575' title='bbox 1842 1893 1949 1929; x_wconf 87' lang='lat' dir='ltr'><strong>quam</strong></span> <span class='ocrx_word' id='word_1_576' title='bbox 1972 1887 2098 1919; x_wconf 86' lang='lat' dir='ltr'><strong>nostra</strong></span> <span class='ocrx_word' id='word_1_577' title='bbox 2122 1884 2345 1930; x_wconf 87' lang='lat' dir='ltr'><strong>conscriptae</strong></span> 
     </span>
     <span class='ocr_line' id='line_1_75' title="bbox 1265 1940 1359 1966; baseline -0.011 0"><span class='ocrx_word' id='word_1_578' title='bbox 1265 1940 1332 1966; x_wconf 92' lang='lat' dir='ltr'><strong>sun</strong></span> <span class='ocrx_word' id='word_1_579' title='bbox 1351 1956 1359 1965; x_wconf 88' lang='lat'><strong>.</strong></span> 
     </span>
    </p>
   </div>
   <div class='ocr_carea' id='block_1_26' title="bbox 1120 2031 1347 2067">
    <p class='ocr_par' dir='ltr' id='par_1_26' title="bbox 1120 2031 1347 2067">
     <span class='ocr_line' id='line_1_76' title="bbox 1120 2031 1347 2067; baseline 0.004 -1"><span class='ocrx_word' id='word_1_580' title='bbox 1120 2031 1280 2067; x_wconf 86' lang='lat' dir='ltr'><strong>CAPUT·</strong></span> <span class='ocrx_word' id='word_1_581' title='bbox 1301 2032 1347 2067; x_wconf 89' lang='lat'><strong>11.</strong></span> 
     </span>
    </p>
   </div>
   <div class='ocr_carea' id='block_1_27' title="bbox 171 2082 1195 2134">
    <p class='ocr_par' dir='ltr' id='par_1_27' title="bbox 171 2082 1195 2134">
     <span class='ocr_line' id='line_1_77' title="bbox 171 2082 1195 2134; baseline 0 -12"><span class='ocrx_word' id='word_1_582' title='bbox 171 2088 290 2123; x_wconf 82' lang='grc' dir='ltr'><strong><em>Ταῦτα</em></strong></span> <span class='ocrx_word' id='word_1_583' title='bbox 313 2090 438 2122; x_wconf 89' lang='grc' dir='ltr'><strong><em>τοίνυν</em></strong></span> <span class='ocrx_word' id='word_1_584' title='bbox 461 2082 608 2123; x_wconf 74' lang='grc' dir='ltr'><strong><em>ἅπαντα</em></strong></span> <span class='ocrx_word' id='word_1_585' title='bbox 631 2089 776 2134; x_wconf 84' lang='grc' dir='ltr'><strong><em>κρατεῖν</em></strong></span> <span class='ocrx_word' id='word_1_586' title='bbox 799 2087 847 2121; x_wconf 82' lang='grc' dir='ltr'><strong>εἰς</strong></span> <span class='ocrx_word' id='word_1_587' title='bbox 870 2085 937 2122; x_wconf 86' lang='grc' dir='ltr'><strong>τὸν</strong></span> <span class='ocrx_word' id='word_1_588' title='bbox 961 2083 1109 2123; x_wconf 78' lang='grc' dir='ltr'><strong><em>ἅπαντα</em></strong></span> <span class='ocrx_word' id='word_1_589' title='bbox 1133 2088 1195 2122; x_wconf 87' lang='grc' dir='ltr'><strong>θε-</strong></span> 
     </span>
    </p>
   </div>
   <div class='ocr_carea' id='block_1_28' title="bbox 1308 2087 2346 2133">
    <p class='ocr_par' dir='ltr' id='par_1_28' title="bbox 1308 2087 2346 2133">
     <span class='ocr_line' id='line_1_78' title="bbox 1308 2087 2346 2133; baseline 0.002 -11"><span class='ocrx_word' id='word_1_590' title='bbox 1308 2088 1409 2123; x_wconf 87' lang='lat' dir='ltr'><strong>Haec</strong></span> <span class='ocrx_word' id='word_1_591' title='bbox 1428 2087 1537 2130; x_wconf 75' lang='lat' dir='ltr'><strong>igitur</strong></span> <span class='ocrx_word' id='word_1_592' title='bbox 1563 2087 1681 2123; x_wconf 88' lang='lat' dir='ltr'><strong>omnia</strong></span> <span class='ocrx_word' id='word_1_593' title='bbox 1700 2087 1820 2123; x_wconf 88' lang='lat' dir='ltr'><strong>valere</strong></span> <span class='ocrx_word' id='word_1_594' title='bbox 1844 2098 1910 2133; x_wconf 88' lang='lat' dir='ltr'><strong>per</strong></span> <span class='ocrx_word' id='word_1_595' title='bbox 1933 2097 2037 2123; x_wconf 91' lang='lat' dir='ltr'><strong>omne</strong></span> <span class='ocrx_word' id='word_1_596' title='bbox 2060 2088 2239 2124; x_wconf 90' lang='lat' dir='ltr'><strong>sancimus</strong></span> <span class='ocrx_word' id='word_1_597' title='bbox 2257 2090 2346 2123; x_wconf 88' lang='lat' dir='ltr'><strong>tem-</strong></span> 
     </span>
    </p>
   </div>
   <div class='ocr_carea' id='block_1_29' title="bbox 121 2129 2346 2181">
    <p class='ocr_par' dir='ltr' id='par_1_29' title="bbox 121 2129 2346 2181">
     <span class='ocr_line' id='line_1_79' title="bbox 121 2129 2346 2181; baseline 0 -14"><span class='ocrx_word' id='word_1_598' title='bbox 121 2136 296 2177; x_wconf 77' lang='grc' dir='ltr'><strong><em>σπίζομεν</em></strong></span> <span class='ocrx_word' id='word_1_599' title='bbox 318 2130 464 2178; x_wconf 84' lang='grc' dir='ltr'><strong><em>χρόνον,</em></strong></span> <span class='ocrx_word' id='word_1_600' title='bbox 493 2129 672 2179; x_wconf 83' lang='grc' dir='ltr'><strong><em>ἀρχόμενα</em></strong></span> <span class='ocrx_word' id='word_1_601' title='bbox 695 2134 733 2166; x_wconf 80' lang='grc' dir='ltr'><strong>ἐκ</strong></span> <span class='ocrx_word' id='word_1_602' title='bbox 756 2136 959 2177; x_wconf 83' lang='grc' dir='ltr'><strong><em>προοιμίων</em></strong></span> <span class='ocrx_word' id='word_1_603' title='bbox 980 2135 1041 2176; x_wconf 82' lang='grc' dir='ltr'><strong>τῆς</strong></span> <span class='ocrx_word' id='word_1_604' title='bbox 1064 2134 1195 2181; x_wconf 84' lang='grc' dir='ltr'><strong><em>παρού-</em></strong></span> <span class='ocrx_word' id='word_1_605' title='bbox 1209 2137 1252 2168; x_wconf 85' lang='grc'><strong>40</strong></span> <span class='ocrx_word' id='word_1_606' title='bbox 1266 2144 1351 2178; x_wconf 82' lang='lat' dir='ltr'><strong>pus,</strong></span> <span class='ocrx_word' id='word_1_607' title='bbox 1386 2133 1594 2177; x_wconf 81' lang='lat' dir='ltr'><strong>incipientia</strong></span> <span class='ocrx_word' id='word_1_608' title='bbox 1625 2143 1647 2167; x_wconf 82' lang='lat' dir='ltr'><strong>a</strong></span> <span class='ocrx_word' id='word_1_609' title='bbox 1676 2133 1861 2178; x_wconf 86' lang='lat' dir='ltr'><strong>principiis</strong></span> <span class='ocrx_word' id='word_1_610' title='bbox 1892 2133 2091 2177; x_wconf 83' lang='lat' dir='ltr'><strong>praesentis</strong></span> <span class='ocrx_word' id='word_1_611' title='bbox 2116 2138 2262 2178; x_wconf 78' lang='lat' dir='ltr'><strong>quartae</strong></span> <span class='ocrx_word' id='word_1_612' title='bbox 2285 2134 2346 2169; x_wconf 83' lang='lat' dir='ltr'><strong>de-</strong></span> 
     </span>
    </p>
   </div>
   <div class='ocr_carea' id='block_1_30' title="bbox 120 2200 2352 3058">
    <p class='ocr_par' dir='ltr' id='par_1_30' title="bbox 120 2200 2346 2605">
     <span class='ocr_line' id='line_1_80' title="bbox 120 2200 2344 2249; baseline -0 -12"><span class='ocrx_word' id='word_1_613' title='bbox 120 2214 161 2239; x_wconf 88' lang='lat' dir='ltr'><strong>re</strong></span> <span class='ocrx_word' id='word_1_614' title='bbox 180 2201 328 2249; x_wconf 83' lang='lat' dir='ltr'><strong>publica</strong></span> <span class='ocrx_word' id='word_1_615' title='bbox 347 2200 497 2247; x_wconf 78' lang='lat' dir='ltr'><strong>differre</strong></span> <span class='ocrx_word' id='word_1_616' title='bbox 519 2201 679 2242; x_wconf 87' lang='lat' dir='ltr'><strong>velimus,</strong></span> <span class='ocrx_word' id='word_1_617' title='bbox 711 2205 745 2236; x_wconf 88' lang='lat' dir='ltr'><strong>et</strong></span> <span class='ocrx_word' id='word_1_618' title='bbox 767 2201 1040 2247; x_wconf 62' lang='lat' dir='ltr'><strong>magistratibus</strong></span> <span class='ocrx_word' id='word_1_619' title='bbox 1062 2201 1238 2236; x_wconf 85' lang='lat' dir='ltr'><strong>Romanis</strong></span> <span class='ocrx_word' id='word_1_620' title='bbox 1262 2201 1469 2236; x_wconf 87' lang='lat' dir='ltr'><strong>ornavimus</strong></span> <span class='ocrx_word' id='word_1_621' title='bbox 1486 2201 1679 2247; x_wconf 78' lang='lat' dir='ltr'><strong>prioribus</strong></span> <span class='ocrx_word' id='word_1_622' title='bbox 1695 2201 1900 2236; x_wconf 86' lang='lat' dir='ltr'><strong>nominibus</strong></span> <span class='ocrx_word' id='word_1_623' title='bbox 1925 2201 2131 2243; x_wconf 73' lang='lat' dir='ltr'><strong>liberatam,</strong></span> <span class='ocrx_word' id='word_1_624' title='bbox 2156 2207 2191 2237; x_wconf 84' lang='lat' dir='ltr'><strong>et</strong></span> <span class='ocrx_word' id='word_1_625' title='bbox 2214 2201 2344 2237; x_wconf 81' lang='lat' dir='ltr'><strong>Roma-</strong></span> 
     </span>
     <span class='ocr_line' id='line_1_81' title="bbox 121 2244 2344 2293; baseline -0 -11"><span class='ocrx_word' id='word_1_626' title='bbox 121 2258 251 2283; x_wconf 88' lang='lat' dir='ltr'><strong>norum</strong></span> <span class='ocrx_word' id='word_1_627' title='bbox 281 2247 402 2293; x_wconf 84' lang='lat' dir='ltr'><strong>specie</strong></span> <span class='ocrx_word' id='word_1_628' title='bbox 431 2247 485 2281; x_wconf 86' lang='lat' dir='ltr'><strong>uti</strong></span> <span class='ocrx_word' id='word_1_629' title='bbox 515 2245 820 2291; x_wconf 88' lang='lat' dir='ltr'><strong>consuefecimus,</strong></span> <span class='ocrx_word' id='word_1_630' title='bbox 852 2256 968 2291; x_wconf 84' lang='lat' dir='ltr'><strong>neque</strong></span> <span class='ocrx_word' id='word_1_631' title='bbox 995 2245 1092 2291; x_wconf 75' lang='lat' dir='ltr'><strong>leyes</strong></span> <span class='ocrx_word' id='word_1_632' title='bbox 1121 2250 1163 2280; x_wconf 88' lang='lat' dir='ltr'><strong>ut</strong></span> <span class='ocrx_word' id='word_1_633' title='bbox 1189 2245 1285 2281; x_wconf 85' lang='lat' dir='ltr'><strong>aliae</strong></span> <span class='ocrx_word' id='word_1_634' title='bbox 1308 2244 1411 2291; x_wconf 86' lang='lat' dir='ltr'><strong>apud</strong></span> <span class='ocrx_word' id='word_1_635' title='bbox 1438 2256 1501 2280; x_wconf 88' lang='lat' dir='ltr'><strong>eos</strong></span> <span class='ocrx_word' id='word_1_636' title='bbox 1526 2249 1645 2280; x_wconf 79' lang='lat' dir='ltr'><strong>essent</strong></span> <span class='ocrx_word' id='word_1_637' title='bbox 1674 2246 1745 2281; x_wconf 86' lang='lat' dir='ltr'><strong>nisi</strong></span> <span class='ocrx_word' id='word_1_638' title='bbox 1768 2257 1861 2291; x_wconf 88' lang='lat' dir='ltr'><strong>quas</strong></span> <span class='ocrx_word' id='word_1_639' title='bbox 1889 2245 2048 2281; x_wconf 83' lang='lat' dir='ltr'><strong>Romani</strong></span> <span class='ocrx_word' id='word_1_640' title='bbox 2070 2247 2195 2281; x_wconf 88' lang='lat' dir='ltr'><strong>colunt</strong></span> <span class='ocrx_word' id='word_1_641' title='bbox 2214 2247 2344 2282; x_wconf 86' lang='lat' dir='ltr'><strong>consti-</strong></span> 
     </span>
     <span class='ocr_line' id='line_1_82' title="bbox 123 2289 2345 2338; baseline -0 -10"><span class='ocrx_word' id='word_1_642' title='bbox 123 2293 264 2328; x_wconf 84' lang='lat' dir='ltr'><strong>tuimus.</strong></span> <span class='ocrx_word' id='word_1_643' title='bbox 310 2292 429 2336; x_wconf 83' lang='lat' dir='ltr'><strong>Atque</strong></span> <span class='ocrx_word' id='word_1_644' title='bbox 450 2290 736 2326; x_wconf 77' lang='lat' dir='ltr'><strong>existimavimus</strong></span> <span class='ocrx_word' id='word_1_645' title='bbox 757 2300 935 2335; x_wconf 83' lang='lat' dir='ltr'><strong>expressa</strong></span> <span class='ocrx_word' id='word_1_646' title='bbox 960 2289 1037 2336; x_wconf 76' lang='lat' dir='ltr'><strong>leqe</strong></span> <span class='ocrx_word' id='word_1_647' title='bbox 1059 2289 1153 2324; x_wconf 86' lang='lat' dir='ltr'><strong>illud</strong></span> <span class='ocrx_word' id='word_1_648' title='bbox 1177 2300 1322 2336; x_wconf 88' lang='lat' dir='ltr'><strong>quoque</strong></span> <span class='ocrx_word' id='word_1_649' title='bbox 1345 2289 1601 2335; x_wconf 74' lang='lat' dir='ltr'><strong>corriqendum</strong></span> <span class='ocrx_word' id='word_1_650' title='bbox 1624 2300 1712 2332; x_wconf 85' lang='lat' dir='ltr'><strong>esse,</strong></span> <span class='ocrx_word' id='word_1_651' title='bbox 1747 2290 1786 2325; x_wconf 90' lang='lat' dir='ltr'><strong>in</strong></span> <span class='ocrx_word' id='word_1_652' title='bbox 1806 2301 1878 2336; x_wconf 89' lang='lat' dir='ltr'><strong>quo</strong></span> <span class='ocrx_word' id='word_1_653' title='bbox 1897 2290 1991 2326; x_wconf 86' lang='lat' dir='ltr'><strong>male</strong></span> <span class='ocrx_word' id='word_1_654' title='bbox 2011 2290 2112 2335; x_wconf 82' lang='lat' dir='ltr'><strong>apud</strong></span> <span class='ocrx_word' id='word_1_655' title='bbox 2133 2302 2197 2326; x_wconf 90' lang='lat' dir='ltr'><strong>eos</strong></span> <span class='ocrx_word' id='word_1_656' title='bbox 2217 2302 2345 2338; x_wconf 80' lang='lat' dir='ltr'><strong>pecca·</strong></span> 
     </span>
     <span class='ocr_line' id='line_1_83' title="bbox 124 2333 2345 2382; baseline -0.001 -9"><span class='ocrx_word' id='word_1_657' title='bbox 124 2342 195 2379; x_wconf 85' lang='lat' dir='ltr'><strong>tur,</strong></span> <span class='ocrx_word' id='word_1_658' title='bbox 224 2346 290 2372; x_wconf 84' lang='lat' dir='ltr'><strong>nec</strong></span> <span class='ocrx_word' id='word_1_659' title='bbox 313 2335 552 2370; x_wconf 84' lang='lat' dir='ltr'><strong>barbarorum</strong></span> <span class='ocrx_word' id='word_1_660' title='bbox 575 2345 676 2369; x_wconf 88' lang='lat' dir='ltr'><strong>more</strong></span> <span class='ocrx_word' id='word_1_661' title='bbox 698 2334 786 2369; x_wconf 84' lang='lat' dir='ltr'><strong>viris</strong></span> <span class='ocrx_word' id='word_1_662' title='bbox 805 2333 948 2379; x_wconf 87' lang='lat' dir='ltr'><strong>quidem</strong></span> <span class='ocrx_word' id='word_1_663' title='bbox 971 2334 1217 2370; x_wconf 81' lang='lat' dir='ltr'><strong>successiones</strong></span> <span class='ocrx_word' id='word_1_664' title='bbox 1239 2335 1278 2369; x_wconf 90' lang='lat' dir='ltr'><strong>in</strong></span> <span class='ocrx_word' id='word_1_665' title='bbox 1298 2334 1394 2369; x_wconf 87' lang='lat' dir='ltr'><strong>bona</strong></span> <span class='ocrx_word' id='word_1_666' title='bbox 1417 2338 1452 2369; x_wconf 89' lang='lat' dir='ltr'><strong>et</strong></span> <span class='ocrx_word' id='word_1_667' title='bbox 1470 2334 1683 2380; x_wconf 86' lang='lat' dir='ltr'><strong>parentium</strong></span> <span class='ocrx_word' id='word_1_668' title='bbox 1712 2338 1749 2370; x_wconf 93' lang='lat' dir='ltr'><strong>et</strong></span> <span class='ocrx_word' id='word_1_669' title='bbox 1766 2335 1931 2381; x_wconf 83' lang='lat' dir='ltr'><strong>fratrum</strong></span> <span class='ocrx_word' id='word_1_670' title='bbox 1962 2338 1999 2370; x_wconf 88' lang='lat' dir='ltr'><strong>et</strong></span> <span class='ocrx_word' id='word_1_671' title='bbox 2026 2335 2188 2381; x_wconf 85' lang='lat' dir='ltr'><strong>reliquae</strong></span> <span class='ocrx_word' id='word_1_672' title='bbox 2212 2347 2345 2382; x_wconf 75' lang='lat' dir='ltr'><strong>coqna-</strong></span> 
     </span>
     <span class='ocr_line' id='line_1_84' title="bbox 125 2378 2346 2431; baseline -0 -15"><span class='ocrx_word' id='word_1_673' title='bbox 125 2381 234 2417; x_wconf 85' lang='lat' dir='ltr'><strong>tionis</strong></span> <span class='ocrx_word' id='word_1_674' title='bbox 257 2383 470 2431; x_wconf 74' lang='lat' dir='ltr'><strong>competere,</strong></span> <span class='ocrx_word' id='word_1_675' title='bbox 492 2378 640 2424; x_wconf 84' lang='lat' dir='ltr'><strong>feminis</strong></span> <span class='ocrx_word' id='word_1_676' title='bbox 669 2389 754 2413; x_wconf 88' lang='lat' dir='ltr'><strong>vero</strong></span> <span class='ocrx_word' id='word_1_677' title='bbox 783 2389 856 2413; x_wconf 88' lang='lat' dir='ltr'><strong>non</strong></span> <span class='ocrx_word' id='word_1_678' title='bbox 882 2378 986 2421; x_wconf 89' lang='lat' dir='ltr'><strong>item,</strong></span> <span class='ocrx_word' id='word_1_679' title='bbox 1018 2389 1134 2425; x_wconf 86' lang='lat' dir='ltr'><strong>neque</strong></span> <span class='ocrx_word' id='word_1_680' title='bbox 1155 2379 1234 2415; x_wconf 80' lang='lat' dir='ltr'><strong>sine</strong></span> <span class='ocrx_word' id='word_1_681' title='bbox 1257 2378 1341 2414; x_wconf 88' lang='lat' dir='ltr'><strong>dote</strong></span> <span class='ocrx_word' id='word_1_682' title='bbox 1364 2390 1427 2414; x_wconf 91' lang='lat' dir='ltr'><strong>eas</strong></span> <span class='ocrx_word' id='word_1_683' title='bbox 1449 2379 1489 2414; x_wconf 86' lang='lat' dir='ltr'><strong>in</strong></span> <span class='ocrx_word' id='word_1_684' title='bbox 1516 2379 1786 2414; x_wconf 80' lang='lat' dir='ltr'><strong>matrimonium</strong></span> <span class='ocrx_word' id='word_1_685' title='bbox 1809 2379 1894 2415; x_wconf 87' lang='lat' dir='ltr'><strong>duci</strong></span> <span class='ocrx_word' id='word_1_686' title='bbox 1916 2391 1961 2415; x_wconf 88' lang='lat' dir='ltr'><strong>ne</strong></span> <span class='ocrx_word' id='word_1_687' title='bbox 1987 2391 2033 2416; x_wconf 86' lang='lat' dir='ltr'><strong>ue</strong></span> <span class='ocrx_word' id='word_1_688' title='bbox 2054 2381 2125 2415; x_wconf 85' lang='lat' dir='ltr'><strong>emi</strong></span> <span class='ocrx_word' id='word_1_689' title='bbox 2142 2381 2187 2416; x_wconf 88' lang='lat' dir='ltr'><strong>ab</strong></span> <span class='ocrx_word' id='word_1_690' title='bbox 2215 2380 2262 2415; x_wconf 82' lang='lat' dir='ltr'><strong>iis</strong></span> <span class='ocrx_word' id='word_1_691' title='bbox 2284 2382 2346 2427; x_wconf 85' lang='lat' dir='ltr'><strong>qui</strong></span> 
     </span>
     <span class='ocr_line' id='line_1_85' title="bbox 124 2391 2346 2471; baseline -0 -10"><span class='ocrx_word' id='word_1_692' title='bbox 124 2424 416 2462; x_wconf 72' lang='lat' dir='ltr'><strong>consuetudinem</strong></span> <span class='ocrx_word' id='word_1_693' title='bbox 438 2434 563 2459; x_wconf 89' lang='lat' dir='ltr'><strong>earum</strong></span> <span class='ocrx_word' id='word_1_694' title='bbox 584 2422 743 2458; x_wconf 77' lang='lat' dir='ltr'><strong>habituri</strong></span> <span class='ocrx_word' id='word_1_695' title='bbox 762 2427 858 2465; x_wconf 87' lang='lat' dir='ltr'><strong>sunt,</strong></span> <span class='ocrx_word' id='word_1_696' title='bbox 882 2422 922 2458; x_wconf 86' lang='lat' dir='ltr'><strong>id</strong></span> <span class='ocrx_word' id='word_1_697' title='bbox 942 2423 1042 2469; x_wconf 89' lang='lat' dir='ltr'><strong>quod</strong></span> <span class='ocrx_word' id='word_1_698' title='bbox 1063 2424 1180 2470; x_wconf 74' lang='lat' dir='ltr'><strong>maqis</strong></span> <span class='ocrx_word' id='word_1_699' title='bbox 1203 2423 1312 2459; x_wconf 88' lang='lat' dir='ltr'><strong>etiam</strong></span> <span class='ocrx_word' id='word_1_700' title='bbox 1335 2423 1491 2459; x_wconf 88' lang='lat' dir='ltr'><strong>barbare</strong></span> <span class='ocrx_word' id='word_1_701' title='bbox 1514 2434 1629 2469; x_wconf 88' lang='lat' dir='ltr'><strong>usque</strong></span> <span class='ocrx_word' id='word_1_702' title='bbox 1652 2423 1771 2459; x_wconf 77' lang='lat' dir='ltr'><strong>adbuc</strong></span> <span class='ocrx_word' id='word_1_703' title='bbox 1794 2424 1896 2471; x_wconf 84' lang='lat' dir='ltr'><strong>apud</strong></span> <span class='ocrx_word' id='word_1_704' title='bbox 1922 2391 2006 2460; x_wconf 58' lang='lat' dir='ltr'><strong>illgs</strong></span> <span class='ocrx_word' id='word_1_705' title='bbox 2028 2436 2096 2460; x_wconf 88' lang='lat' dir='ltr'><strong>usu</strong></span> <span class='ocrx_word' id='word_1_706' title='bbox 2119 2425 2233 2461; x_wconf 83' lang='lat' dir='ltr'><strong>venit:</strong></span> <span class='ocrx_word' id='word_1_707' title='bbox 2266 2436 2346 2461; x_wconf 90' lang='lat' dir='ltr'><strong>cum</strong></span> 
     </span>
     <span class='ocr_line' id='line_1_86' title="bbox 124 2467 2345 2517; baseline 0 -12"><span class='ocrx_word' id='word_1_708' title='bbox 124 2481 196 2506; x_wconf 92' lang='lat' dir='ltr'><strong>non</strong></span> <span class='ocrx_word' id='word_1_709' title='bbox 218 2469 292 2517; x_wconf 81' lang='lat' dir='ltr'><strong>ipsi</strong></span> <span class='ocrx_word' id='word_1_710' title='bbox 313 2468 429 2504; x_wconf 87' lang='lat' dir='ltr'><strong>solum</strong></span> <span class='ocrx_word' id='word_1_711' title='bbox 457 2468 622 2515; x_wconf 81' lang='lat' dir='ltr'><strong>ferocius</strong></span> <span class='ocrx_word' id='word_1_712' title='bbox 650 2468 703 2503; x_wconf 88' lang='lat' dir='ltr'><strong>ita</strong></span> <span class='ocrx_word' id='word_1_713' title='bbox 730 2467 922 2510; x_wconf 84' lang='lat' dir='ltr'><strong>sentirent,</strong></span> <span class='ocrx_word' id='word_1_714' title='bbox 953 2468 1018 2504; x_wconf 85' lang='lat' dir='ltr'><strong>sed</strong></span> <span class='ocrx_word' id='word_1_715' title='bbox 1040 2468 1147 2503; x_wconf 89' lang='lat' dir='ltr'><strong>etiam</strong></span> <span class='ocrx_word' id='word_1_716' title='bbox 1171 2468 1266 2504; x_wconf 85' lang='lat' dir='ltr'><strong>aliae</strong></span> <span class='ocrx_word' id='word_1_717' title='bbox 1288 2472 1414 2515; x_wconf 78' lang='lat' dir='ltr'><strong>qentes</strong></span> <span class='ocrx_word' id='word_1_718' title='bbox 1443 2471 1613 2504; x_wconf 88' lang='lat' dir='ltr'><strong>naturam</strong></span> <span class='ocrx_word' id='word_1_719' title='bbox 1645 2468 1736 2504; x_wconf 89' lang='lat' dir='ltr'><strong>adeo</strong></span> <span class='ocrx_word' id='word_1_720' title='bbox 1767 2472 2036 2507; x_wconf 79' lang='lat' dir='ltr'><strong>contemnerent</strong></span> <span class='ocrx_word' id='word_1_721' title='bbox 2065 2473 2176 2516; x_wconf 87' lang='lat' dir='ltr'><strong>atque</strong></span> <span class='ocrx_word' id='word_1_722' title='bbox 2199 2470 2345 2516; x_wconf 86' lang='lat' dir='ltr'><strong>femini-</strong></span> 
     </span>
     <span class='ocr_line' id='line_1_87' title="bbox 124 2512 2345 2594; baseline -0 -43"><span class='ocrx_word' id='word_1_723' title='bbox 124 2526 209 2551; x_wconf 87' lang='lat' dir='ltr'><strong>num</strong></span> <span class='ocrx_word' id='word_1_724' title='bbox 232 2524 346 2561; x_wconf 78' lang='lat' dir='ltr'><strong>qenus</strong></span> <span class='ocrx_word' id='word_1_725' title='bbox 369 2513 587 2549; x_wconf 84' lang='lat' dir='ltr'><strong>contumelia</strong></span> <span class='ocrx_word' id='word_1_726' title='bbox 604 2512 814 2559; x_wconf 83' lang='lat' dir='ltr'><strong>afficerent,</strong></span> <span class='ocrx_word' id='word_1_727' title='bbox 839 2513 946 2559; x_wconf 80' lang='lat' dir='ltr'><strong>quasi</strong></span> <span class='ocrx_word' id='word_1_728' title='bbox 969 2513 1068 2559; x_wconf 85' lang='lat' dir='ltr'><strong>quod</strong></span> <span class='ocrx_word' id='word_1_729' title='bbox 1091 2524 1114 2548; x_wconf 87' lang='lat' dir='ltr'><strong>a</strong></span> <span class='ocrx_word' id='word_1_730' title='bbox 1133 2513 1200 2549; x_wconf 86' lang='lat' dir='ltr'><strong>deo</strong></span> <span class='ocrx_word' id='word_1_731' title='bbox 1206 2514 1433 2594; x_wconf 45' lang='lat' dir='ltr'><strong>(profectum</strong></span> <span class='ocrx_word' id='word_1_732' title='bbox 1456 2524 1530 2549; x_wconf 89' lang='lat' dir='ltr'><strong>non</strong></span> <span class='ocrx_word' id='word_1_733' title='bbox 1553 2516 1656 2556; x_wconf 83' lang='lat' dir='ltr'><strong>esset,</strong></span> <span class='ocrx_word' id='word_1_734' title='bbox 1681 2525 1796 2560; x_wconf 86' lang='lat' dir='ltr'><strong>neque</strong></span> <span class='ocrx_word' id='word_1_735' title='bbox 1819 2514 1869 2550; x_wconf 88' lang='lat' dir='ltr'><strong>ad</strong></span> <span class='ocrx_word' id='word_1_736' title='bbox 1890 2515 2036 2560; x_wconf 75' lang='lat' dir='ltr'><strong>qeneris</strong></span> <span class='ocrx_word' id='word_1_737' title='bbox 2048 2515 2345 2562; x_wconf 81' lang='lat' dir='ltr'><strong>procreationem</strong></span> 
     </span>
     <span class='ocr_line' id='line_1_88' title="bbox 124 2557 1972 2605; baseline -0.001 -9"><span class='ocrx_word' id='word_1_738' title='bbox 124 2571 198 2596; x_wconf 89' lang='lat' dir='ltr'><strong>una</strong></span> <span class='ocrx_word' id='word_1_739' title='bbox 217 2559 365 2601; x_wconf 87' lang='lat' dir='ltr'><strong>valeret,</strong></span> <span class='ocrx_word' id='word_1_740' title='bbox 386 2558 451 2594; x_wconf 87' lang='lat' dir='ltr'><strong>sed</strong></span> <span class='ocrx_word' id='word_1_741' title='bbox 472 2562 652 2604; x_wconf 86' lang='lat' dir='ltr'><strong>tamquam</strong></span> <span class='ocrx_word' id='word_1_742' title='bbox 676 2557 744 2594; x_wconf 88' lang='lat' dir='ltr'><strong>vile</strong></span> <span class='ocrx_word' id='word_1_743' title='bbox 764 2562 800 2593; x_wconf 92' lang='lat' dir='ltr'><strong>et</strong></span> <span class='ocrx_word' id='word_1_744' title='bbox 818 2562 1059 2605; x_wconf 88' lang='lat' dir='ltr'><strong>contemptum</strong></span> <span class='ocrx_word' id='word_1_745' title='bbox 1079 2562 1116 2593; x_wconf 89' lang='lat' dir='ltr'><strong>et</strong></span> <span class='ocrx_word' id='word_1_746' title='bbox 1134 2569 1204 2605; x_wconf 88' lang='lat' dir='ltr'><strong>quo</strong></span> <span class='ocrx_word' id='word_1_747' title='bbox 1254 2558 1369 2594; x_wconf 90' lang='lat' dir='ltr'><strong>omnis</strong></span> <span class='ocrx_word' id='word_1_748' title='bbox 1389 2558 1539 2594; x_wconf 73' lang='lat' dir='ltr'><strong>lionoris</strong></span> <span class='ocrx_word' id='word_1_749' title='bbox 1562 2570 1697 2605; x_wconf 75' lang='lat' dir='ltr'><strong>expers</strong></span> <span class='ocrx_word' id='word_1_750' title='bbox 1720 2570 1797 2595; x_wconf 85' lang='lat' dir='ltr'><strong>esse</strong></span> <span class='ocrx_word' id='word_1_751' title='bbox 1820 2559 1972 2596; x_wconf 84' lang='lat' dir='ltr'><strong>deberet.</strong></span> 
     </span>
    </p>

    <p class='ocr_par' dir='ltr' id='par_1_31' title="bbox 121 2602 2350 3019">
     <span class='ocr_line' id='line_1_89' title="bbox 258 2602 2347 2655; baseline 0.001 -16"><span class='ocrx_word' id='word_1_752' title='bbox 258 2604 286 2639; x_wconf 92' lang='lat'><strong>1.</strong></span> <span class='ocrx_word' id='word_1_753' title='bbox 323 2603 512 2639; x_wconf 89' lang='lat' dir='ltr'><strong>Sancimus</strong></span> <span class='ocrx_word' id='word_1_754' title='bbox 527 2603 642 2649; x_wconf 74' lang='lat' dir='ltr'><strong>iqitur</strong></span> <span class='ocrx_word' id='word_1_755' title='bbox 651 2614 723 2650; x_wconf 84' lang='lat' dir='ltr'><strong>per</strong></span> <span class='ocrx_word' id='word_1_756' title='bbox 741 2602 835 2638; x_wconf 77' lang='lat' dir='ltr'><strong>banc</strong></span> <span class='ocrx_word' id='word_1_757' title='bbox 854 2613 997 2638; x_wconf 88' lang='lat' dir='ltr'><strong>sacram</strong></span> <span class='ocrx_word' id='word_1_758' title='bbox 1018 2603 1142 2655; x_wconf 67' lang='lat' dir='ltr'><strong>leqem,</strong></span> <span class='ocrx_word' id='word_1_759' title='bbox 1163 2607 1204 2639; x_wconf 91' lang='lat' dir='ltr'><strong>ut</strong></span> <span class='ocrx_word' id='word_1_760' title='bbox 1217 2603 1319 2650; x_wconf 85' lang='lat' dir='ltr'><strong>apud</strong></span> <span class='ocrx_word' id='word_1_761' title='bbox 1332 2604 1529 2639; x_wconf 88' lang='lat' dir='ltr'><strong>Armenios</strong></span> <span class='ocrx_word' id='word_1_762' title='bbox 1572 2615 1688 2650; x_wconf 89' lang='lat' dir='ltr'><strong>uoque</strong></span> <span class='ocrx_word' id='word_1_763' title='bbox 1706 2604 1829 2640; x_wconf 88' lang='lat' dir='ltr'><strong>eadem</strong></span> <span class='ocrx_word' id='word_1_764' title='bbox 1847 2604 2031 2640; x_wconf 84' lang='lat' dir='ltr'><strong>obtineant</strong></span> <span class='ocrx_word' id='word_1_765' title='bbox 2049 2616 2143 2652; x_wconf 87' lang='lat' dir='ltr'><strong>quae</strong></span> <span class='ocrx_word' id='word_1_766' title='bbox 2162 2604 2264 2653; x_wconf 83' lang='lat' dir='ltr'><strong>apud</strong></span> <span class='ocrx_word' id='word_1_767' title='bbox 2280 2617 2347 2641; x_wconf 90' lang='lat' dir='ltr'><strong>nos</strong></span> 
     </span>
     <span class='ocr_line' id='line_1_90' title="bbox 122 2648 2347 2701; baseline 0 -15"><span class='ocrx_word' id='word_1_768' title='bbox 122 2649 360 2686; x_wconf 80' lang='lat' dir='ltr'><strong>successionis</strong></span> <span class='ocrx_word' id='word_1_769' title='bbox 374 2648 595 2695; x_wconf 87' lang='lat' dir='ltr'><strong>feminarum</strong></span> <span class='ocrx_word' id='word_1_770' title='bbox 613 2648 768 2691; x_wconf 85' lang='lat' dir='ltr'><strong>nomine,</strong></span> <span class='ocrx_word' id='word_1_771' title='bbox 791 2659 879 2684; x_wconf 84' lang='lat' dir='ltr'><strong>neve</strong></span> <span class='ocrx_word' id='word_1_772' title='bbox 897 2648 1009 2683; x_wconf 87' lang='lat' dir='ltr'><strong>ullum</strong></span> <span class='ocrx_word' id='word_1_773' title='bbox 1023 2652 1072 2683; x_wconf 73' lang='lat' dir='ltr'><strong>stt</strong></span> <span class='ocrx_word' id='word_1_774' title='bbox 1087 2648 1278 2684; x_wconf 86' lang='lat' dir='ltr'><strong>discrimen</strong></span> <span class='ocrx_word' id='word_1_775' title='bbox 1298 2649 1393 2684; x_wconf 87' lang='lat' dir='ltr'><strong>inter</strong></span> <span class='ocrx_word' id='word_1_776' title='bbox 1410 2659 1534 2684; x_wconf 86' lang='lat' dir='ltr'><strong>mascu</strong></span> <span class='ocrx_word' id='word_1_777' title='bbox 1549 2660 1608 2684; x_wconf 89' lang='lat' dir='ltr'><strong>um</strong></span> <span class='ocrx_word' id='word_1_778' title='bbox 1626 2652 1663 2685; x_wconf 84' lang='lat' dir='ltr'><strong>et</strong></span> <span class='ocrx_word' id='word_1_779' title='bbox 1681 2649 1867 2701; x_wconf 86' lang='lat' dir='ltr'><strong>feminam.</strong></span> <span class='ocrx_word' id='word_1_780' title='bbox 1904 2649 1978 2686; x_wconf 88' lang='lat' dir='ltr'><strong>Sed</strong></span> <span class='ocrx_word' id='word_1_781' title='bbox 1995 2650 2291 2697; x_wconf 83' lang='lat' dir='ltr'><strong>quemadmodum</strong></span> <span class='ocrx_word' id='word_1_782' title='bbox 2307 2650 2347 2686; x_wconf 88' lang='lat' dir='ltr'><strong>in</strong></span> 
     </span>
     <span class='ocr_line' id='line_1_91' title="bbox 124 2693 2349 2746; baseline 0 -15"><span class='ocrx_word' id='word_1_783' title='bbox 124 2695 259 2731; x_wconf 84' lang='lat' dir='ltr'><strong>nostris</strong></span> <span class='ocrx_word' id='word_1_784' title='bbox 282 2693 420 2741; x_wconf 77' lang='lat' dir='ltr'><strong>leqibus</strong></span> <span class='ocrx_word' id='word_1_785' title='bbox 443 2693 675 2729; x_wconf 87' lang='lat' dir='ltr'><strong>constitutum</strong></span> <span class='ocrx_word' id='word_1_786' title='bbox 694 2697 758 2735; x_wconf 87' lang='lat' dir='ltr'><strong>est,</strong></span> <span class='ocrx_word' id='word_1_787' title='bbox 783 2704 855 2745; x_wconf 83' lang='lat' dir='ltr'><strong>quo</strong></span> <span class='ocrx_word' id='word_1_788' title='bbox 873 2693 1001 2729; x_wconf 84' lang='lat' dir='ltr'><strong>ordine</strong></span> <span class='ocrx_word' id='word_1_789' title='bbox 1019 2693 1215 2729; x_wconf 85' lang='lat' dir='ltr'><strong>succedant</strong></span> <span class='ocrx_word' id='word_1_790' title='bbox 1236 2693 1465 2740; x_wconf 86' lang='lat' dir='ltr'><strong>parentibus,</strong></span> <span class='ocrx_word' id='word_1_791' title='bbox 1483 2694 1589 2746; x_wconf 81' lang='lat' dir='ltr'><strong>patri</strong></span> <span class='ocrx_word' id='word_1_792' title='bbox 1606 2694 1744 2730; x_wconf 78' lang='lat' dir='ltr'><strong>scilicet</strong></span> <span class='ocrx_word' id='word_1_793' title='bbox 1766 2699 1803 2731; x_wconf 89' lang='lat' dir='ltr'><strong>et</strong></span> <span class='ocrx_word' id='word_1_794' title='bbox 1824 2695 1943 2737; x_wconf 86' lang='lat' dir='ltr'><strong>matri,</strong></span> <span class='ocrx_word' id='word_1_795' title='bbox 1968 2700 2004 2731; x_wconf 86' lang='lat' dir='ltr'><strong>et</strong></span> <span class='ocrx_word' id='word_1_796' title='bbox 2022 2707 2090 2732; x_wconf 85' lang='lat' dir='ltr'><strong>avo</strong></span> <span class='ocrx_word' id='word_1_797' title='bbox 2114 2700 2150 2732; x_wconf 88' lang='lat' dir='ltr'><strong>et</strong></span> <span class='ocrx_word' id='word_1_798' title='bbox 2173 2696 2287 2739; x_wconf 84' lang='lat' dir='ltr'><strong>aviae,</strong></span> <span class='ocrx_word' id='word_1_799' title='bbox 2312 2701 2349 2732; x_wconf 89' lang='lat' dir='ltr'><strong>et</strong></span> 
     </span>
     <span class='ocr_line' id='line_1_92' title="bbox 126 2738 2347 2792; baseline 0.001 -17"><span class='ocrx_word' id='word_1_800' title='bbox 126 2741 189 2792; x_wconf 86' lang='lat' dir='ltr'><strong>qui</strong></span> <span class='ocrx_word' id='word_1_801' title='bbox 211 2739 424 2776; x_wconf 86' lang='lat' dir='ltr'><strong>remotiores</strong></span> <span class='ocrx_word' id='word_1_802' title='bbox 445 2742 547 2781; x_wconf 86' lang='lat' dir='ltr'><strong>sunt,</strong></span> <span class='ocrx_word' id='word_1_803' title='bbox 572 2738 629 2774; x_wconf 86' lang='lat' dir='ltr'><strong>vel</strong></span> <span class='ocrx_word' id='word_1_804' title='bbox 649 2739 757 2774; x_wconf 87' lang='lat' dir='ltr'><strong>etiam</strong></span> <span class='ocrx_word' id='word_1_805' title='bbox 781 2738 827 2773; x_wconf 82' lang='lat' dir='ltr'><strong>n‘s</strong></span> <span class='ocrx_word' id='word_1_806' title='bbox 850 2738 913 2784; x_wconf 89' lang='lat' dir='ltr'><strong>qui</strong></span> <span class='ocrx_word' id='word_1_807' title='bbox 935 2739 1037 2785; x_wconf 85' lang='lat' dir='ltr'><strong>ipsos</strong></span> <span class='ocrx_word' id='word_1_808' title='bbox 1059 2742 1271 2784; x_wconf 87' lang='lat' dir='ltr'><strong>sequuntur,</strong></span> <span class='ocrx_word' id='word_1_809' title='bbox 1297 2738 1338 2773; x_wconf 88' lang='lat' dir='ltr'><strong>id</strong></span> <span class='ocrx_word' id='word_1_810' title='bbox 1360 2742 1414 2774; x_wconf 85' lang='lat' dir='ltr'><strong>est</strong></span> <span class='ocrx_word' id='word_1_811' title='bbox 1433 2738 1514 2784; x_wconf 78' lang='lat' dir='ltr'><strong>filio</strong></span> <span class='ocrx_word' id='word_1_812' title='bbox 1539 2743 1575 2775; x_wconf 90' lang='lat' dir='ltr'><strong>et</strong></span> <span class='ocrx_word' id='word_1_813' title='bbox 1594 2739 1707 2784; x_wconf 81' lang='lat' dir='ltr'><strong>filiae,</strong></span> <span class='ocrx_word' id='word_1_814' title='bbox 1732 2743 1768 2776; x_wconf 90' lang='lat' dir='ltr'><strong>et</strong></span> <span class='ocrx_word' id='word_1_815' title='bbox 1816 2740 1972 2776; x_wconf 84' lang='lat' dir='ltr'><strong>uomodo</strong></span> <span class='ocrx_word' id='word_1_816' title='bbox 1997 2741 2011 2775; x_wconf 89' lang='lat' dir='ltr'><strong>i</strong></span> <span class='ocrx_word' id='word_1_817' title='bbox 2037 2741 2089 2776; x_wconf 89' lang='lat' dir='ltr'><strong>sis</strong></span> <span class='ocrx_word' id='word_1_818' title='bbox 2115 2741 2347 2777; x_wconf 83' lang='lat' dir='ltr'><strong>succedatur:</strong></span> 
     </span>
     <span class='ocr_line' id='line_1_93' title="bbox 126 2783 2347 2835; baseline 0.001 -15"><span class='ocrx_word' id='word_1_819' title='bbox 126 2790 177 2820; x_wconf 76' lang='lat' dir='ltr'><strong>ita</strong></span> <span class='ocrx_word' id='word_1_820' title='bbox 200 2785 307 2821; x_wconf 90' lang='lat' dir='ltr'><strong>etiam</strong></span> <span class='ocrx_word' id='word_1_821' title='bbox 335 2783 436 2831; x_wconf 88' lang='lat' dir='ltr'><strong>apud</strong></span> <span class='ocrx_word' id='word_1_822' title='bbox 453 2783 643 2819; x_wconf 86' lang='lat' dir='ltr'><strong>Armenios</strong></span> <span class='ocrx_word' id='word_1_823' title='bbox 665 2784 731 2825; x_wconf 89' lang='lat' dir='ltr'><strong>sit,</strong></span> <span class='ocrx_word' id='word_1_824' title='bbox 755 2794 842 2819; x_wconf 84' lang='lat' dir='ltr'><strong>neve</strong></span> <span class='ocrx_word' id='word_1_825' title='bbox 869 2783 1062 2835; x_wconf 86' lang='lat' dir='ltr'><strong>quicquam</strong></span> <span class='ocrx_word' id='word_1_826' title='bbox 1083 2783 1273 2819; x_wconf 86' lang='lat' dir='ltr'><strong>Armeniae</strong></span> <span class='ocrx_word' id='word_1_827' title='bbox 1304 2783 1401 2830; x_wconf 78' lang='lat' dir='ltr'><strong>leqes</strong></span> <span class='ocrx_word' id='word_1_828' title='bbox 1424 2795 1448 2819; x_wconf 90' lang='lat' dir='ltr'><strong>a</strong></span> <span class='ocrx_word' id='word_1_829' title='bbox 1471 2783 1721 2820; x_wconf 88' lang='lat' dir='ltr'><strong>Romanorum</strong></span> <span class='ocrx_word' id='word_1_830' title='bbox 1741 2784 1780 2820; x_wconf 88' lang='lat' dir='ltr'><strong>di</strong></span> <span class='ocrx_word' id='word_1_831' title='bbox 1811 2789 1926 2821; x_wconf 87' lang='lat' dir='ltr'><strong>erant.</strong></span> <span class='ocrx_word' id='word_1_832' title='bbox 2008 2797 2066 2821; x_wconf 88' lang='lat' dir='ltr'><strong>am</strong></span> <span class='ocrx_word' id='word_1_833' title='bbox 2089 2786 2122 2821; x_wconf 85' lang='lat' dir='ltr'><strong>si</strong></span> <span class='ocrx_word' id='word_1_834' title='bbox 2144 2787 2262 2822; x_wconf 85' lang='lat' dir='ltr'><strong>nostri</strong></span> <span class='ocrx_word' id='word_1_835' title='bbox 2284 2787 2347 2821; x_wconf 86' lang='lat' dir='ltr'><strong>im-</strong></span> 
     </span>
     <span class='ocr_line' id='line_1_94' title="bbox 121 2828 2349 2877; baseline 0.001 -12"><span class='ocrx_word' id='word_1_836' title='bbox 121 2831 220 2877; x_wconf 80' lang='lat' dir='ltr'><strong>perii</strong></span> <span class='ocrx_word' id='word_1_837' title='bbox 235 2832 320 2865; x_wconf 86' lang='lat' dir='ltr'><strong>sunt</strong></span> <span class='ocrx_word' id='word_1_838' title='bbox 336 2829 606 2874; x_wconf 84' lang='lat' dir='ltr'><strong>inserviuntque</strong></span> <span class='ocrx_word' id='word_1_839' title='bbox 623 2828 729 2864; x_wconf 88' lang='lat' dir='ltr'><strong>nobis</strong></span> <span class='ocrx_word' id='word_1_840' title='bbox 743 2839 823 2863; x_wconf 90' lang='lat' dir='ltr'><strong>cum</strong></span> <span class='ocrx_word' id='word_1_841' title='bbox 835 2828 985 2874; x_wconf 77' lang='lat' dir='ltr'><strong>reliquis</strong></span> <span class='ocrx_word' id='word_1_842' title='bbox 996 2828 1163 2875; x_wconf 74' lang='lat' dir='ltr'><strong>qentibus</strong></span> <span class='ocrx_word' id='word_1_843' title='bbox 1182 2833 1291 2874; x_wconf 90' lang='lat' dir='ltr'><strong>atque</strong></span> <span class='ocrx_word' id='word_1_844' title='bbox 1303 2828 1465 2864; x_wconf 87' lang='lat' dir='ltr'><strong>omnibus</strong></span> <span class='ocrx_word' id='word_1_845' title='bbox 1483 2840 1577 2875; x_wconf 87' lang='lat' dir='ltr'><strong>quae</strong></span> <span class='ocrx_word' id='word_1_846' title='bbox 1596 2833 1723 2865; x_wconf 88' lang='lat' dir='ltr'><strong>nostra</strong></span> <span class='ocrx_word' id='word_1_847' title='bbox 1739 2834 1826 2866; x_wconf 88' lang='lat' dir='ltr'><strong>sunt</strong></span> <span class='ocrx_word' id='word_1_848' title='bbox 1834 2831 2027 2876; x_wconf 84' lang='lat' dir='ltr'><strong>fruuntur,</strong></span> <span class='ocrx_word' id='word_1_849' title='bbox 2047 2842 2122 2867; x_wconf 84' lang='lat' dir='ltr'><strong>non</strong></span> <span class='ocrx_word' id='word_1_850' title='bbox 2141 2842 2230 2867; x_wconf 87' lang='lat' dir='ltr'><strong>sane</strong></span> <span class='ocrx_word' id='word_1_851' title='bbox 2248 2831 2349 2867; x_wconf 88' lang='lat' dir='ltr'><strong>solae</strong></span> 
     </span>
     <span class='ocr_line' id='line_1_95' title="bbox 126 2873 2348 2929; baseline 0 -18"><span class='ocrx_word' id='word_1_852' title='bbox 126 2877 221 2912; x_wconf 85' lang='lat' dir='ltr'><strong>inter</strong></span> <span class='ocrx_word' id='word_1_853' title='bbox 243 2886 306 2911; x_wconf 92' lang='lat' dir='ltr'><strong>eos</strong></span> <span class='ocrx_word' id='word_1_854' title='bbox 322 2875 481 2921; x_wconf 83' lang='lat' dir='ltr'><strong>feminae</strong></span> <span class='ocrx_word' id='word_1_855' title='bbox 500 2873 545 2909; x_wconf 89' lang='lat' dir='ltr'><strong>ab</strong></span> <span class='ocrx_word' id='word_1_856' title='bbox 562 2873 794 2920; x_wconf 78' lang='lat' dir='ltr'><strong>aequalitate,</strong></span> <span class='ocrx_word' id='word_1_857' title='bbox 813 2884 908 2919; x_wconf 91' lang='lat' dir='ltr'><strong>quae</strong></span> <span class='ocrx_word' id='word_1_858' title='bbox 926 2873 1028 2920; x_wconf 85' lang='lat' dir='ltr'><strong>apud</strong></span> <span class='ocrx_word' id='word_1_859' title='bbox 1045 2885 1111 2909; x_wconf 89' lang='lat' dir='ltr'><strong>nos</strong></span> <span class='ocrx_word' id='word_1_860' title='bbox 1129 2878 1194 2916; x_wconf 88' lang='lat' dir='ltr'><strong>est,</strong></span> <span class='ocrx_word' id='word_1_861' title='bbox 1217 2873 1449 2920; x_wconf 78' lang='lat' dir='ltr'><strong>repellentur,</strong></span> <span class='ocrx_word' id='word_1_862' title='bbox 1474 2873 1538 2909; x_wconf 87' lang='lat' dir='ltr'><strong>sed</strong></span> <span class='ocrx_word' id='word_1_863' title='bbox 1553 2873 1602 2910; x_wconf 85' lang='lat' dir='ltr'><strong>ad</strong></span> <span class='ocrx_word' id='word_1_864' title='bbox 1618 2886 1741 2910; x_wconf 88' lang='lat' dir='ltr'><strong>omnes</strong></span> <span class='ocrx_word' id='word_1_865' title='bbox 1764 2875 1968 2922; x_wconf 84' lang='lat' dir='ltr'><strong>aequaliter</strong></span> <span class='ocrx_word' id='word_1_866' title='bbox 1990 2876 2087 2923; x_wconf 77' lang='lat' dir='ltr'><strong>leqes</strong></span> <span class='ocrx_word' id='word_1_867' title='bbox 2105 2880 2252 2917; x_wconf 87' lang='lat' dir='ltr'><strong>nostrae</strong></span> <span class='ocrx_word' id='word_1_868' title='bbox 2265 2887 2348 2929; x_wconf 84' lang='lat' dir='ltr'><strong>per-</strong></span> 
     </span>
     <span class='ocr_line' id='line_1_96' title="bbox 129 2918 2350 2967; baseline -0 -11"><span class='ocrx_word' id='word_1_869' title='bbox 129 2920 300 2962; x_wconf 84' lang='lat' dir='ltr'><strong>tinebunt,</strong></span> <span class='ocrx_word' id='word_1_870' title='bbox 331 2924 403 2956; x_wconf 88' lang='lat' dir='ltr'><strong>tam</strong></span> <span class='ocrx_word' id='word_1_871' title='bbox 421 2919 508 2954; x_wconf 87' lang='lat' dir='ltr'><strong>illae</strong></span> <span class='ocrx_word' id='word_1_872' title='bbox 534 2929 778 2965; x_wconf 87' lang='lat' dir='ltr'><strong>quascumque</strong></span> <span class='ocrx_word' id='word_1_873' title='bbox 796 2929 846 2954; x_wconf 78' lang='lat' dir='ltr'><strong>ex</strong></span> <span class='ocrx_word' id='word_1_874' title='bbox 866 2919 1028 2964; x_wconf 84' lang='lat' dir='ltr'><strong>antiquis</strong></span> <span class='ocrx_word' id='word_1_875' title='bbox 1044 2918 1253 2965; x_wconf 75' lang='lat' dir='ltr'><strong>colleqimus</strong></span> <span class='ocrx_word' id='word_1_876' title='bbox 1273 2922 1309 2954; x_wconf 83' lang='lat' dir='ltr'><strong>et</strong></span> <span class='ocrx_word' id='word_1_877' title='bbox 1330 2918 1368 2953; x_wconf 90' lang='lat' dir='ltr'><strong>in</strong></span> <span class='ocrx_word' id='word_1_878' title='bbox 1385 2919 1523 2954; x_wconf 85' lang='lat' dir='ltr'><strong>nostris</strong></span> <span class='ocrx_word' id='word_1_879' title='bbox 1542 2918 1837 2956; x_wconf 86' lang='lat' dir='ltr'><strong>Institutionibus</strong></span> <span class='ocrx_word' id='word_1_880' title='bbox 1859 2924 1895 2956; x_wconf 87' lang='lat' dir='ltr'><strong>et</strong></span> <span class='ocrx_word' id='word_1_881' title='bbox 1910 2920 2072 2967; x_wconf 76' lang='lat' dir='ltr'><strong>Diqestis</strong></span> <span class='ocrx_word' id='word_1_882' title='bbox 2096 2921 2350 2957; x_wconf 72' lang='lat' dir='ltr'><strong>collocavimus</strong></span> 
     </span>
     <span class='ocr_line' id='line_1_97' title="bbox 127 2963 2349 3019; baseline -0 -18"><span class='ocrx_word' id='word_1_883' title='bbox 127 2977 235 3012; x_wconf 87' lang='lat' dir='ltr'><strong>quam</strong></span> <span class='ocrx_word' id='word_1_884' title='bbox 248 2965 332 3000; x_wconf 87' lang='lat' dir='ltr'><strong>illae</strong></span> <span class='ocrx_word' id='word_1_885' title='bbox 344 2974 588 3016; x_wconf 82' lang='lat' dir='ltr'><strong>quaecumque</strong></span> <span class='ocrx_word' id='word_1_886' title='bbox 606 2974 657 2999; x_wconf 82' lang='lat' dir='ltr'><strong>ex</strong></span> <span class='ocrx_word' id='word_1_887' title='bbox 669 2963 849 3009; x_wconf 86' lang='lat' dir='ltr'><strong>imperiali</strong></span> <span class='ocrx_word' id='word_1_888' title='bbox 870 2963 1124 3009; x_wconf 77' lang='lat' dir='ltr'><strong>lequmlatione</strong></span> <span class='ocrx_word' id='word_1_889' title='bbox 1143 2968 1180 2999; x_wconf 91' lang='lat' dir='ltr'><strong>et</strong></span> <span class='ocrx_word' id='word_1_890' title='bbox 1191 2964 1415 2999; x_wconf 87' lang='lat' dir='ltr'><strong>anteriorum</strong></span> <span class='ocrx_word' id='word_1_891' title='bbox 1436 2964 1698 3010; x_wconf 87' lang='lat' dir='ltr'><strong>imperatorum</strong></span> <span class='ocrx_word' id='word_1_892' title='bbox 1716 2969 1751 3000; x_wconf 85' lang='lat' dir='ltr'><strong>et</strong></span> <span class='ocrx_word' id='word_1_893' title='bbox 1767 2965 1850 3012; x_wconf 84' lang='lat' dir='ltr'><strong>ipsa</strong></span> <span class='ocrx_word' id='word_1_894' title='bbox 1869 2970 1998 3002; x_wconf 85' lang='lat' dir='ltr'><strong>nostra</strong></span> <span class='ocrx_word' id='word_1_895' title='bbox 2005 2967 2240 3019; x_wconf 79' lang='lat' dir='ltr'><strong>perscriptae</strong></span> <span class='ocrx_word' id='word_1_896' title='bbox 2254 2970 2349 3002; x_wconf 87' lang='lat' dir='ltr'><strong>sunt.</strong></span> 
     </span>
    </p>

    <p class='ocr_par' dir='ltr' id='par_1_32' title="bbox 261 3008 2352 3058">
     <span class='ocr_line' id='line_1_98' title="bbox 261 3008 2352 3058; baseline 0 -14"><span class='ocrx_word' id='word_1_897' title='bbox 261 3009 308 3045; x_wconf 91' lang='lat'><strong>11.</strong></span> <span class='ocrx_word' id='word_1_898' title='bbox 357 3009 458 3044; x_wconf 90' lang='lat' dir='ltr'><strong>Haec</strong></span> <span class='ocrx_word' id='word_1_899' title='bbox 485 3009 601 3055; x_wconf 73' lang='lat' dir='ltr'><strong>iqztur</strong></span> <span class='ocrx_word' id='word_1_900' title='bbox 633 3009 754 3044; x_wconf 88' lang='lat' dir='ltr'><strong>omnia</strong></span> <span class='ocrx_word' id='word_1_901' title='bbox 784 3012 825 3043; x_wconf 90' lang='lat' dir='ltr'><strong>ut</strong></span> <span class='ocrx_word' id='word_1_902' title='bbox 855 3008 893 3042; x_wconf 89' lang='lat' dir='ltr'><strong>in</strong></span> <span class='ocrx_word' id='word_1_903' title='bbox 923 3019 1027 3044; x_wconf 90' lang='lat' dir='ltr'><strong>omne</strong></span> <span class='ocrx_word' id='word_1_904' title='bbox 1055 3012 1193 3055; x_wconf 88' lang='lat' dir='ltr'><strong>tempus</strong></span> <span class='ocrx_word' id='word_1_905' title='bbox 1217 3008 1377 3051; x_wconf 86' lang='lat' dir='ltr'><strong>valeant,</strong></span> <span class='ocrx_word' id='word_1_906' title='bbox 1401 3008 1605 3051; x_wconf 86' lang='lat' dir='ltr'><strong>sancimus,</strong></span> <span class='ocrx_word' id='word_1_907' title='bbox 1640 3009 1745 3045; x_wconf 86' lang='lat' dir='ltr'><strong>initio</strong></span> <span class='ocrx_word' id='word_1_908' title='bbox 1771 3014 1880 3058; x_wconf 79' lang='lat' dir='ltr'><strong>capto</strong></span> <span class='ocrx_word' id='word_1_909' title='bbox 1905 3022 1929 3046; x_wconf 89' lang='lat' dir='ltr'><strong>a</strong></span> <span class='ocrx_word' id='word_1_910' title='bbox 1943 3012 2132 3058; x_wconf 76' lang='lat' dir='ltr'><strong>principio</strong></span> <span class='ocrx_word' id='word_1_911' title='bbox 2145 3011 2352 3058; x_wconf 81' lang='lat' dir='ltr'><strong>praesentis</strong></span> 
     </span>
    </p>
   </div>
   <div class='ocr_carea' id='block_1_31' title="bbox 124 3073 2353 3485">
    <p class='ocr_par' dir='ltr' id='par_1_33' title="bbox 124 3073 2353 3485">
     <span class='ocr_line' id='line_1_99' title="bbox 176 3073 2351 3126; baseline 0 -14"><span class='ocrx_word' id='word_1_912' title='bbox 176 3082 189 3112; x_wconf 85' lang='lat'>1</span> <span class='ocrx_word' id='word_1_913' title='bbox 218 3081 259 3117; x_wconf 77' lang='lat' dir='ltr'><strong>cf.</strong></span> <span class='ocrx_word' id='word_1_914' title='bbox 285 3091 355 3111; x_wconf 86' lang='lat' dir='ltr'><strong>nov.</strong></span> <span class='ocrx_word' id='word_1_915' title='bbox 373 3075 504 3111; x_wconf 84' lang='lat' dir='ltr'><em>XXXI</em></span> <span class='ocrx_word' id='word_1_916' title='bbox 526 3090 553 3110; x_wconf 90' lang='lat' dir='ltr'><strong>c.</strong></span> <span class='ocrx_word' id='word_1_917' title='bbox 578 3079 594 3110; x_wconf 89' lang='lat'>1</span> <span class='ocrx_word' id='word_1_918' title='bbox 620 3077 632 3120; x_wconf 87' lang='grc' dir='ltr'><strong>ΙΙ</strong></span> <span class='ocrx_word' id='word_1_919' title='bbox 656 3080 675 3110; x_wconf 85' lang='grc'>5</span> <span class='ocrx_word' id='word_1_920' title='bbox 700 3077 944 3120; x_wconf 81' lang='grc' dir='ltr'><strong><em>*νομίζουσιν]</em></strong></span> <span class='ocrx_word' id='word_1_921' title='bbox 969 3073 1205 3120; x_wconf 82' lang='grc' dir='ltr'><strong><em>ὀνομάζουσιν</em></strong></span> <span class='ocrx_word' id='word_1_922' title='bbox 1273 3077 1374 3121; x_wconf 78' lang='lat' dir='ltr'><strong>RVn</strong></span> <span class='ocrx_word' id='word_1_923' title='bbox 1388 3078 1623 3119; x_wconf 85' lang='lat' dir='ltr'><strong>margaritisR</strong></span> <span class='ocrx_word' id='word_1_924' title='bbox 1638 3076 1650 3122; x_wconf 87' lang='grc' dir='ltr'><strong>ΙΙ</strong></span> <span class='ocrx_word' id='word_1_925' title='bbox 1673 3079 1711 3112; x_wconf 88' lang='grc'><strong>12</strong></span> <span class='ocrx_word' id='word_1_926' title='bbox 1733 3079 1821 3121; x_wconf 84' lang='lat' dir='ltr'><strong>apud</strong></span> <span class='ocrx_word' id='word_1_927' title='bbox 1834 3081 1900 3120; x_wconf 89' lang='lat' dir='ltr'><strong>eos]</strong></span> <span class='ocrx_word' id='word_1_928' title='bbox 1923 3091 1977 3112; x_wconf 86' lang='lat' dir='ltr'><strong>eos</strong></span> <span class='ocrx_word' id='word_1_929' title='bbox 1989 3080 2078 3122; x_wconf 85' lang='lat' dir='ltr'><strong>apud</strong></span> <span class='ocrx_word' id='word_1_930' title='bbox 2090 3091 2174 3112; x_wconf 78' lang='lat' dir='ltr'><strong>eost·</strong></span> <span class='ocrx_word' id='word_1_931' title='bbox 2190 3080 2202 3124; x_wconf 85' lang='grc' dir='ltr'><strong>ΙΙ</strong></span> <span class='ocrx_word' id='word_1_932' title='bbox 2219 3080 2351 3126; x_wconf 74' lang='lat' dir='ltr'><strong>ipsiRn</strong></span> 
     </span>
     <span class='ocr_line' id='line_1_100' title="bbox 131 3121 2352 3177; baseline 0 -19"><span class='ocrx_word' id='word_1_933' title='bbox 131 3125 207 3158; x_wconf 81' lang='lat' dir='ltr'><strong>libri</strong></span> <span class='ocrx_word' id='word_1_934' title='bbox 227 3122 240 3177; x_wconf 80' lang='lat' dir='ltr'><strong>l]</strong></span> <span class='ocrx_word' id='word_1_935' title='bbox 263 3125 281 3156; x_wconf 82' lang='lat'><strong>7</strong></span> <span class='ocrx_word' id='word_1_936' title='bbox 307 3121 406 3163; x_wconf 71' lang='grc' dir='ltr'><strong><em>ἔθος]</em></strong></span> <span class='ocrx_word' id='word_1_937' title='bbox 430 3124 562 3164; x_wconf 85' lang='lat' dir='ltr'><strong>gentem</strong></span> <span class='ocrx_word' id='word_1_938' title='bbox 582 3123 655 3163; x_wconf 68' lang='lat'>(122.</span> <span class='ocrx_word' id='word_1_939' title='bbox 678 3121 801 3162; x_wconf 78' lang='grc' dir='ltr'><strong><em>ἔθνος)</em></strong></span> <span class='ocrx_word' id='word_1_940' title='bbox 823 3133 842 3157; x_wconf 73' lang='grc' dir='ltr'><strong>ς</strong></span> <span class='ocrx_word' id='word_1_941' title='bbox 864 3121 876 3164; x_wconf 92' lang='grc' dir='ltr'><strong>ΙΙ</strong></span> <span class='ocrx_word' id='word_1_942' title='bbox 903 3124 943 3155; x_wconf 85' lang='grc'><strong>12</strong></span> <span class='ocrx_word' id='word_1_943' title='bbox 967 3122 1031 3155; x_wconf 75' lang='grc' dir='ltr'><strong>τοῦ</strong></span> <span class='ocrx_word' id='word_1_944' title='bbox 1056 3135 1114 3155; x_wconf 88' lang='lat' dir='ltr'><strong>om.</strong></span> <span class='ocrx_word' id='word_1_945' title='bbox 1139 3123 1172 3155; x_wconf 91' lang='lat' dir='ltr'><em>L</em></span> <span class='ocrx_word' id='word_1_946' title='bbox 1274 3123 1354 3154; x_wconf 88' lang='lat' dir='ltr'><strong>haec</strong></span> <span class='ocrx_word' id='word_1_947' title='bbox 1372 3135 1430 3155; x_wconf 90' lang='lat' dir='ltr'><strong>om.</strong></span> <span class='ocrx_word' id='word_1_948' title='bbox 1444 3135 1462 3155; x_wconf 88' lang='lat' dir='ltr'><strong>r</strong></span> <span class='ocrx_word' id='word_1_949' title='bbox 1480 3121 1492 3166; x_wconf 81' lang='grc' dir='ltr'><strong>ΙΙ</strong></span> <span class='ocrx_word' id='word_1_950' title='bbox 1514 3124 1550 3155; x_wconf 89' lang='grc'><strong>13</strong></span> <span class='ocrx_word' id='word_1_951' title='bbox 1569 3123 1687 3156; x_wconf 86' lang='lat' dir='ltr'><strong>ferocis</strong></span> <span class='ocrx_word' id='word_1_952' title='bbox 1699 3123 1751 3156; x_wconf 91' lang='lat' dir='ltr'><strong>Rr</strong></span> <span class='ocrx_word' id='word_1_953' title='bbox 1769 3122 1781 3167; x_wconf 82' lang='lat' dir='ltr'><strong>l}</strong></span> <span class='ocrx_word' id='word_1_954' title='bbox 1797 3125 2016 3157; x_wconf 81' lang='lat' dir='ltr'><strong>sentientibus</strong></span> <span class='ocrx_word' id='word_1_955' title='bbox 2027 3125 2125 3168; x_wconf 63' lang='lat' dir='ltr'><strong>cuiq]</strong></span> <span class='ocrx_word' id='word_1_956' title='bbox 2139 3125 2352 3167; x_wconf 88' lang='lat' dir='ltr'><strong>sequentibus</strong></span> 
     </span>
     <span class='ocr_line' id='line_1_101' title="bbox 134 3161 2351 3213; baseline 0.001 -12"><span class='ocrx_word' id='word_1_957' title='bbox 134 3171 171 3204; x_wconf 82' lang='lat'><strong>13</strong></span> <span class='ocrx_word' id='word_1_958' title='bbox 195 3179 309 3212; x_wconf 90' lang='grc' dir='ltr'><strong><em>μονον</em></strong></span> <span class='ocrx_word' id='word_1_959' title='bbox 332 3168 364 3200; x_wconf 91' lang='lat' dir='ltr'><em>L</em></span> <span class='ocrx_word' id='word_1_960' title='bbox 391 3167 403 3211; x_wconf 82' lang='grc' dir='ltr'><strong>ΙΙ</strong></span> <span class='ocrx_word' id='word_1_961' title='bbox 433 3169 472 3200; x_wconf 91' lang='grc'><strong>21</strong></span> <span class='ocrx_word' id='word_1_962' title='bbox 495 3166 557 3208; x_wconf 83' lang='grc' dir='ltr'><strong>τῆς</strong></span> <span class='ocrx_word' id='word_1_963' title='bbox 581 3179 640 3199; x_wconf 88' lang='lat' dir='ltr'><strong>om.</strong></span> <span class='ocrx_word' id='word_1_964' title='bbox 667 3167 698 3200; x_wconf 86' lang='lat' dir='ltr'><em>L</em></span> <span class='ocrx_word' id='word_1_965' title='bbox 725 3166 737 3210; x_wconf 75' lang='grc' dir='ltr'><strong>ΙΙ</strong></span> <span class='ocrx_word' id='word_1_966' title='bbox 768 3168 810 3200; x_wconf 88' lang='grc'><strong>23</strong></span> <span class='ocrx_word' id='word_1_967' title='bbox 832 3161 967 3213; x_wconf 77' lang='grc' dir='ltr'><strong><em>ὥσπερ]</em></strong></span> <span class='ocrx_word' id='word_1_968' title='bbox 989 3167 1076 3201; x_wconf 83' lang='lat' dir='ltr'><strong>sicut</strong></span> <span class='ocrx_word' id='word_1_969' title='bbox 1099 3169 1132 3199; x_wconf 87' lang='lat' dir='ltr'><strong>et</strong></span> <span class='ocrx_word' id='word_1_970' title='bbox 1152 3178 1172 3203; x_wconf 76' lang='grc' dir='ltr'><strong>ς</strong></span> <span class='ocrx_word' id='word_1_971' title='bbox 1273 3167 1393 3200; x_wconf 83' lang='lat' dir='ltr'><strong>RVTr</strong></span> <span class='ocrx_word' id='word_1_972' title='bbox 1410 3166 1423 3211; x_wconf 76' lang='grc' dir='ltr'><strong>ΙΙ</strong></span> <span class='ocrx_word' id='word_1_973' title='bbox 1442 3169 1482 3200; x_wconf 88' lang='grc'><strong>14</strong></span> <span class='ocrx_word' id='word_1_974' title='bbox 1496 3167 1777 3200; x_wconf 84' lang='lat' dir='ltr'><strong>exhonerantibus</strong></span> <span class='ocrx_word' id='word_1_975' title='bbox 1791 3168 1848 3212; x_wconf 76' lang='lat' dir='ltr'><strong>Vn</strong></span> <span class='ocrx_word' id='word_1_976' title='bbox 1865 3169 1986 3203; x_wconf 87' lang='lat' dir='ltr'><strong>femine</strong></span> <span class='ocrx_word' id='word_1_977' title='bbox 1998 3171 2037 3202; x_wconf 88' lang='lat' dir='ltr'><strong>ut</strong></span> <span class='ocrx_word' id='word_1_978' title='bbox 2048 3169 2151 3202; x_wconf 88' lang='lat' dir='ltr'><strong>iniur.</strong></span> <span class='ocrx_word' id='word_1_979' title='bbox 2165 3183 2183 3203; x_wconf 89' lang='lat' dir='ltr'><strong>r</strong></span> <span class='ocrx_word' id='word_1_980' title='bbox 2200 3169 2212 3213; x_wconf 81' lang='grc' dir='ltr'><strong>ΙΙ</strong></span> <span class='ocrx_word' id='word_1_981' title='bbox 2231 3173 2270 3204; x_wconf 85' lang='grc'><strong>15</strong></span> <span class='ocrx_word' id='word_1_982' title='bbox 2284 3181 2351 3203; x_wconf 90' lang='lat' dir='ltr'><strong>non</strong></span> 
     </span>
     <span class='ocr_line' id='line_1_102' title="bbox 128 3208 2331 3259; baseline 0 -12"><span class='ocrx_word' id='word_1_983' title='bbox 128 3210 251 3257; x_wconf 83' lang='grc' dir='ltr'><strong><em>νόμοις</em></strong></span> <span class='ocrx_word' id='word_1_984' title='bbox 274 3226 332 3246; x_wconf 88' lang='lat' dir='ltr'><strong>om.</strong></span> <span class='ocrx_word' id='word_1_985' title='bbox 357 3212 388 3245; x_wconf 88' lang='lat' dir='ltr'><em>L</em></span> <span class='ocrx_word' id='word_1_986' title='bbox 416 3211 428 3255; x_wconf 90' lang='grc' dir='ltr'><strong>ΙΙ</strong></span> <span class='ocrx_word' id='word_1_987' title='bbox 459 3213 501 3245; x_wconf 82' lang='lat'><strong>24</strong></span> <span class='ocrx_word' id='word_1_988' title='bbox 532 3208 639 3257; x_wconf 84' lang='grc' dir='ltr'><strong><em>ἤγουν</em></strong></span> <span class='ocrx_word' id='word_1_989' title='bbox 662 3212 720 3253; x_wconf 83' lang='grc' dir='ltr'><strong>Μ]</strong></span> <span class='ocrx_word' id='word_1_990' title='bbox 752 3213 916 3244; x_wconf 78' lang='grc' dir='ltr'><strong><em>τουτέστι</em></strong></span> <span class='ocrx_word' id='word_1_991' title='bbox 938 3212 1008 3245; x_wconf 90' lang='lat' dir='ltr'><strong>BL</strong></span> <span class='ocrx_word' id='word_1_992' title='bbox 1037 3211 1049 3256; x_wconf 82' lang='grc' dir='ltr'><strong>ΙΙ</strong></span> <span class='ocrx_word' id='word_1_993' title='bbox 1078 3213 1120 3246; x_wconf 89' lang='grc'><strong>26</strong></span> <span class='ocrx_word' id='word_1_994' title='bbox 1145 3213 1205 3245; x_wconf 85' lang='grc' dir='ltr'><strong>καὶ</strong></span> <span class='ocrx_word' id='word_1_995' title='bbox 1273 3212 1402 3245; x_wconf 86' lang='lat' dir='ltr'><strong>adhesit</strong></span> <span class='ocrx_word' id='word_1_996' title='bbox 1421 3212 1547 3244; x_wconf 86' lang='lat' dir='ltr'><strong>factum</strong></span> <span class='ocrx_word' id='word_1_997' title='bbox 1563 3212 1614 3245; x_wconf 66' lang='grc' dir='ltr'><strong>Β*</strong></span> <span class='ocrx_word' id='word_1_998' title='bbox 1638 3223 1726 3246; x_wconf 85' lang='lat' dir='ltr'><strong>nana</strong></span> <span class='ocrx_word' id='word_1_999' title='bbox 1742 3213 1803 3246; x_wconf 86' lang='lat' dir='ltr'><strong>deo</strong></span> <span class='ocrx_word' id='word_1_1000' title='bbox 1824 3213 1876 3247; x_wconf 77' lang='lat'><strong>016</strong></span> <span class='ocrx_word' id='word_1_1001' title='bbox 1893 3214 1932 3247; x_wconf 87' lang='lat' dir='ltr'><strong>fit</strong></span> <span class='ocrx_word' id='word_1_1002' title='bbox 1948 3215 2058 3247; x_wconf 86' lang='lat' dir='ltr'><strong>actum</strong></span> <span class='ocrx_word' id='word_1_1003' title='bbox 2081 3227 2099 3248; x_wconf 83' lang='lat' dir='ltr'><strong>r</strong></span> <span class='ocrx_word' id='word_1_1004' title='bbox 2114 3214 2126 3259; x_wconf 77' lang='lat' dir='ltr'>fl</span> <span class='ocrx_word' id='word_1_1005' title='bbox 2145 3217 2217 3256; x_wconf 85' lang='lat' dir='ltr'><strong>nec]</strong></span> <span class='ocrx_word' id='word_1_1006' title='bbox 2239 3225 2280 3248; x_wconf 89' lang='lat' dir='ltr'><strong>ne</strong></span> <span class='ocrx_word' id='word_1_1007' title='bbox 2298 3216 2331 3250; x_wconf 82' lang='lat' dir='ltr'><strong><em>V</em></strong></span> 
     </span>
     <span class='ocr_line' id='line_1_103' title="bbox 126 3216 2353 3307; baseline 0.001 -14"><span class='ocrx_word' id='word_1_1008' title='bbox 126 3261 221 3303; x_wconf 82' lang='lat' dir='ltr'><strong>prius</strong></span> <span class='ocrx_word' id='word_1_1009' title='bbox 241 3271 300 3291; x_wconf 88' lang='lat' dir='ltr'><strong>om.</strong></span> <span class='ocrx_word' id='word_1_1010' title='bbox 319 3258 352 3291; x_wconf 92' lang='lat' dir='ltr'><em>L</em></span> <span class='ocrx_word' id='word_1_1011' title='bbox 378 3256 391 3300; x_wconf 80' lang='grc' dir='ltr'><strong>ΙΙ</strong></span> <span class='ocrx_word' id='word_1_1012' title='bbox 415 3258 456 3290; x_wconf 82' lang='lat'><strong>27</strong></span> <span class='ocrx_word' id='word_1_1013' title='bbox 477 3253 799 3302; x_wconf 82' lang='grc' dir='ltr'><strong><em>κληρονομούνταις</em></strong></span> <span class='ocrx_word' id='word_1_1014' title='bbox 819 3256 865 3289; x_wconf 86' lang='lat' dir='ltr'><strong>L¹</strong></span> <span class='ocrx_word' id='word_1_1015' title='bbox 893 3254 906 3300; x_wconf 77' lang='lat' dir='ltr'>ss</span> <span class='ocrx_word' id='word_1_1016' title='bbox 934 3251 1031 3290; x_wconf 75' lang='grc' dir='ltr'><strong><em>οὕτω</em></strong></span> <span class='ocrx_word' id='word_1_1017' title='bbox 1051 3256 1100 3290; x_wconf 72' lang='lat'><strong>13²</strong></span> <span class='ocrx_word' id='word_1_1018' title='bbox 1123 3254 1206 3290; x_wconf 74' lang='grc' dir='ltr'><strong><em>οὕτε</em></strong></span> <span class='ocrx_word' id='word_1_1019' title='bbox 1278 3260 1316 3291; x_wconf 92' lang='grc'><strong>16</strong></span> <span class='ocrx_word' id='word_1_1020' title='bbox 1337 3257 1605 3289; x_wconf 87' lang='lat' dir='ltr'><strong>exhonerandum</strong></span> <span class='ocrx_word' id='word_1_1021' title='bbox 1618 3257 1667 3290; x_wconf 76' lang='lat' dir='ltr'><strong>R·</strong></span> <span class='ocrx_word' id='word_1_1022' title='bbox 1680 3258 1908 3291; x_wconf 85' lang='lat' dir='ltr'><strong>honerandum</strong></span> <span class='ocrx_word' id='word_1_1023' title='bbox 1926 3258 1984 3303; x_wconf 70' lang='lat' dir='ltr'><strong>VH</strong></span> <span class='ocrx_word' id='word_1_1024' title='bbox 2000 3261 2032 3292; x_wconf 85' lang='lat' dir='ltr'><strong>et</strong></span> <span class='ocrx_word' id='word_1_1025' title='bbox 2043 3260 2142 3302; x_wconf 64' lang='grc' dir='ltr'><strong><em>ναῖς]</em></strong></span> <span class='ocrx_word' id='word_1_1026' title='bbox 2154 3216 2353 3307; x_wconf 59' lang='lat' dir='ltr'><strong>utRVTrfl</strong></span> 
     </span>
     <span class='ocr_line' id='line_1_104' title="bbox 132 3300 1206 3348; baseline -0.003 -10"><span class='ocrx_word' id='word_1_1027' title='bbox 132 3304 206 3348; x_wconf 73' lang='lat' dir='ltr'><strong>L¹ss</strong></span> <span class='ocrx_word' id='word_1_1028' title='bbox 232 3305 274 3337; x_wconf 88' lang='grc'><strong>28</strong></span> <span class='ocrx_word' id='word_1_1029' title='bbox 299 3300 495 3348; x_wconf 82' lang='grc' dir='ltr'><strong><em>Ἀρμενίας]</em></strong></span> <span class='ocrx_word' id='word_1_1030' title='bbox 528 3302 760 3334; x_wconf 82' lang='lat' dir='ltr'><strong>Armeniorum</strong></span> <span class='ocrx_word' id='word_1_1031' title='bbox 784 3313 803 3337; x_wconf 80' lang='grc' dir='ltr'><strong>ς</strong></span> <span class='ocrx_word' id='word_1_1032' title='bbox 829 3300 841 3344; x_wconf 85' lang='grc' dir='ltr'><strong>ΙΙ</strong></span> <span class='ocrx_word' id='word_1_1033' title='bbox 869 3302 912 3335; x_wconf 86' lang='grc'><strong>29</strong></span> <span class='ocrx_word' id='word_1_1034' title='bbox 934 3301 1006 3343; x_wconf 77' lang='grc' dir='ltr'><strong><em>τῆς]</em></strong></span> <span class='ocrx_word' id='word_1_1035' title='bbox 1030 3303 1104 3335; x_wconf 85' lang='grc' dir='ltr'><strong><em>τοῖς</em></strong></span> <span class='ocrx_word' id='word_1_1036' title='bbox 1128 3303 1160 3335; x_wconf 91' lang='lat' dir='ltr'><em>L</em></span> <span class='ocrx_word' id='word_1_1037' title='bbox 1193 3300 1206 3347; x_wconf 79' lang='grc' dir='ltr'><strong>ΙΙ</strong></span> 
     </span>
     <span class='ocr_line' id='line_1_105' title="bbox 131 3345 1207 3391; baseline -0.004 -7"><span class='ocrx_word' id='word_1_1038' title='bbox 131 3352 173 3384; x_wconf 84' lang='grc'><strong>36</strong></span> <span class='ocrx_word' id='word_1_1039' title='bbox 193 3360 235 3382; x_wconf 85' lang='grc' dir='ltr'><strong>τε</strong></span> <span class='ocrx_word' id='word_1_1040' title='bbox 252 3349 325 3389; x_wconf 77' lang='grc' dir='ltr'><strong><em>καὶ]</em></strong></span> <span class='ocrx_word' id='word_1_1041' title='bbox 346 3348 406 3380; x_wconf 80' lang='grc' dir='ltr'><strong>καὶ</strong></span> <span class='ocrx_word' id='word_1_1042' title='bbox 421 3347 453 3380; x_wconf 88' lang='lat' dir='ltr'><em>L</em></span> <span class='ocrx_word' id='word_1_1043' title='bbox 472 3345 485 3390; x_wconf 79' lang='lat' dir='ltr'>ss</span> <span class='ocrx_word' id='word_1_1044' title='bbox 501 3348 542 3380; x_wconf 81' lang='lat'><strong>38</strong></span> <span class='ocrx_word' id='word_1_1045' title='bbox 556 3357 596 3379; x_wconf 87' lang='grc' dir='ltr'><strong>τε</strong></span> <span class='ocrx_word' id='word_1_1046' title='bbox 610 3346 693 3388; x_wconf 85' lang='lat' dir='ltr'><strong>ML,</strong></span> <span class='ocrx_word' id='word_1_1047' title='bbox 713 3359 772 3380; x_wconf 84' lang='lat' dir='ltr'><strong>om.</strong></span> <span class='ocrx_word' id='word_1_1048' title='bbox 783 3346 818 3379; x_wconf 92' lang='lat' dir='ltr'><em>B</em></span> <span class='ocrx_word' id='word_1_1049' title='bbox 834 3345 846 3389; x_wconf 70' lang='lat' dir='ltr'>u</span> <span class='ocrx_word' id='word_1_1050' title='bbox 867 3347 908 3380; x_wconf 83' lang='lat'><strong>39</strong></span> <span class='ocrx_word' id='word_1_1051' title='bbox 928 3358 999 3390; x_wconf 86' lang='lat' dir='ltr'><strong>cap.</strong></span> <span class='ocrx_word' id='word_1_1052' title='bbox 1014 3347 1059 3380; x_wconf 94' lang='lat' dir='ltr'><strong>II</strong></span> <span class='ocrx_word' id='word_1_1053' title='bbox 1068 3349 1207 3391; x_wconf 76' lang='lat' dir='ltr'><strong>deroya-</strong></span> 
     </span>
     <span class='ocr_line' id='line_1_106' title="bbox 124 3391 1206 3436; baseline -0.004 -8"><span class='ocrx_word' id='word_1_1054' title='bbox 124 3402 182 3428; x_wconf 73' lang='lat' dir='ltr'><strong>tur</strong></span> <span class='ocrx_word' id='word_1_1055' title='bbox 194 3394 313 3427; x_wconf 77' lang='lat' dir='ltr'><strong>Edicto</strong></span> <span class='ocrx_word' id='word_1_1056' title='bbox 325 3392 390 3426; x_wconf 92' lang='lat' dir='ltr'><strong>III</strong></span> <span class='ocrx_word' id='word_1_1057' title='bbox 406 3404 436 3425; x_wconf 88' lang='grc' dir='ltr'><strong>α.</strong></span> <span class='ocrx_word' id='word_1_1058' title='bbox 452 3393 517 3425; x_wconf 83' lang='grc'><strong>535</strong></span> <span class='ocrx_word' id='word_1_1059' title='bbox 543 3391 582 3424; x_wconf 82' lang='lat' dir='ltr'><strong>de</strong></span> <span class='ocrx_word' id='word_1_1060' title='bbox 606 3392 713 3425; x_wconf 77' lang='lat' dir='ltr'><strong>eodem</strong></span> <span class='ocrx_word' id='word_1_1061' title='bbox 733 3397 918 3435; x_wconf 75' lang='lat' dir='ltr'><strong>aryumento</strong></span> <span class='ocrx_word' id='word_1_1062' title='bbox 934 3393 1054 3435; x_wconf 75' lang='lat' dir='ltr'><strong>scripto</strong></span> <span class='ocrx_word' id='word_1_1063' title='bbox 1071 3391 1084 3436; x_wconf 83' lang='grc' dir='ltr'><strong>ΙΙ</strong></span> <span class='ocrx_word' id='word_1_1064' title='bbox 1099 3394 1143 3426; x_wconf 88' lang='grc'><strong>40</strong></span> <span class='ocrx_word' id='word_1_1065' title='bbox 1168 3392 1206 3424; x_wconf 76' lang='grc' dir='ltr'><strong>ἐκ</strong></span> 
     </span>
     <span class='ocr_line' id='line_1_107' title="bbox 131 3437 642 3485; baseline -0.008 -13"><span class='ocrx_word' id='word_1_1066' title='bbox 131 3439 209 3473; x_wconf 81' lang='grc' dir='ltr'><strong>τῶν</strong></span> <span class='ocrx_word' id='word_1_1067' title='bbox 232 3440 433 3485; x_wconf 83' lang='grc' dir='ltr'><strong><em>προοιμίων</em></strong></span> <span class='ocrx_word' id='word_1_1068' title='bbox 456 3437 488 3470; x_wconf 88' lang='lat' dir='ltr'><em>L</em></span> <span class='ocrx_word' id='word_1_1069' title='bbox 631 3467 642 3473; x_wconf 85' lang='grc'><strong><em>,</em></strong></span> 
     </span>
    </p>
   </div>
   <div class='ocr_carea' id='block_1_32' title="bbox 1274 3301 2354 3755">
    <p class='ocr_par' dir='ltr' id='par_1_34' title="bbox 1274 3301 2354 3755">
     <span class='ocr_line' id='line_1_108' title="bbox 1277 3301 2353 3349; baseline 0.002 -13"><span class='ocrx_word' id='word_1_1070' title='bbox 1277 3304 1317 3336; x_wconf 89' lang='grc'><strong>19</strong></span> <span class='ocrx_word' id='word_1_1071' title='bbox 1335 3304 1419 3335; x_wconf 86' lang='lat' dir='ltr'><strong>utet</strong></span> <span class='ocrx_word' id='word_1_1072' title='bbox 1435 3303 1497 3335; x_wconf 83' lang='lat' dir='ltr'><strong>del.</strong></span> <span class='ocrx_word' id='word_1_1073' title='bbox 1507 3301 1567 3343; x_wconf 64' lang='lat'><strong>12³,</strong></span> <span class='ocrx_word' id='word_1_1074' title='bbox 1588 3304 1627 3335; x_wconf 89' lang='lat' dir='ltr'><strong>ut</strong></span> <span class='ocrx_word' id='word_1_1075' title='bbox 1639 3315 1697 3336; x_wconf 83' lang='lat' dir='ltr'><strong>om.</strong></span> <span class='ocrx_word' id='word_1_1076' title='bbox 1707 3305 1792 3347; x_wconf 75' lang='lat' dir='ltr'><strong>vuly.</strong></span> <span class='ocrx_word' id='word_1_1077' title='bbox 1810 3303 1823 3349; x_wconf 80' lang='grc' dir='ltr'><strong>ΙΙ</strong></span> <span class='ocrx_word' id='word_1_1078' title='bbox 1842 3306 1884 3337; x_wconf 86' lang='grc'><strong>20</strong></span> <span class='ocrx_word' id='word_1_1079' title='bbox 1898 3305 2072 3337; x_wconf 85' lang='lat' dir='ltr'><strong>Armenios</strong></span> <span class='ocrx_word' id='word_1_1080' title='bbox 2088 3304 2179 3346; x_wconf 82' lang='lat' dir='ltr'><strong>VR³J</strong></span> <span class='ocrx_word' id='word_1_1081' title='bbox 2192 3306 2353 3339; x_wconf 84' lang='lat' dir='ltr'><strong>Armenos</strong></span> 
     </span>
     <span class='ocr_line' id='line_1_109' title="bbox 1274 3347 2352 3392; baseline 0.005 -13"><span class='ocrx_word' id='word_1_1082' title='bbox 1274 3347 1342 3380; x_wconf 86' lang='lat' dir='ltr'><strong>R¹r</strong></span> <span class='ocrx_word' id='word_1_1083' title='bbox 1361 3348 1372 3389; x_wconf 84' lang='grc'><strong>11</strong></span> <span class='ocrx_word' id='word_1_1084' title='bbox 1389 3349 1484 3388; x_wconf 86' lang='lat' dir='ltr'><strong>quae]</strong></span> <span class='ocrx_word' id='word_1_1085' title='bbox 1503 3348 1605 3388; x_wconf 89' lang='lat' dir='ltr'><strong>quiue</strong></span> <span class='ocrx_word' id='word_1_1086' title='bbox 1619 3347 1720 3392; x_wconf 68' lang='lat' dir='ltr'><strong>RV„</strong></span> <span class='ocrx_word' id='word_1_1087' title='bbox 1736 3350 1775 3382; x_wconf 85' lang='lat'><strong>21</strong></span> <span class='ocrx_word' id='word_1_1088' title='bbox 1799 3350 2001 3382; x_wconf 84' lang='lat' dir='ltr'><strong>occasionem</strong></span> <span class='ocrx_word' id='word_1_1089' title='bbox 2018 3349 2072 3390; x_wconf 71' lang='lat' dir='ltr'><strong>Vl!</strong></span> <span class='ocrx_word' id='word_1_1090' title='bbox 2091 3351 2124 3382; x_wconf 84' lang='lat' dir='ltr'><strong>et</strong></span> <span class='ocrx_word' id='word_1_1091' title='bbox 2144 3363 2202 3382; x_wconf 89' lang='lat' dir='ltr'><strong>om.</strong></span> <span class='ocrx_word' id='word_1_1092' title='bbox 2213 3349 2257 3392; x_wconf 84' lang='lat' dir='ltr'><strong>R,</strong></span> <span class='ocrx_word' id='word_1_1093' title='bbox 2278 3358 2352 3384; x_wconf 77' lang='lat' dir='ltr'><strong>ante</strong></span> 
     </span>
     <span class='ocr_line' id='line_1_110' title="bbox 1274 3391 2351 3437; baseline 0.006 -13"><span class='ocrx_word' id='word_1_1094' title='bbox 1274 3392 1445 3425; x_wconf 84' lang='lat' dir='ltr'><strong>occasione</strong></span> <span class='ocrx_word' id='word_1_1095' title='bbox 1466 3393 1542 3425; x_wconf 83' lang='lat' dir='ltr'><strong>add.</strong></span> <span class='ocrx_word' id='word_1_1096' title='bbox 1557 3391 1608 3425; x_wconf 83' lang='lat' dir='ltr'><strong>R³</strong></span> <span class='ocrx_word' id='word_1_1097' title='bbox 1624 3391 1638 3437; x_wconf 90' lang='grc' dir='ltr'><strong>ΙΙ</strong></span> <span class='ocrx_word' id='word_1_1098' title='bbox 1654 3394 1697 3427; x_wconf 89' lang='grc'><strong>22</strong></span> <span class='ocrx_word' id='word_1_1099' title='bbox 1717 3395 1776 3426; x_wconf 89' lang='lat' dir='ltr'><strong>aut</strong></span> <span class='ocrx_word' id='word_1_1100' title='bbox 1787 3394 1887 3435; x_wconf 88' lang='lat' dir='ltr'><strong>RVr]</strong></span> <span class='ocrx_word' id='word_1_1101' title='bbox 1912 3397 1945 3427; x_wconf 89' lang='lat' dir='ltr'><strong>et</strong></span> <span class='ocrx_word' id='word_1_1102' title='bbox 1963 3395 2047 3437; x_wconf 78' lang='lat' dir='ltr'><strong>vulq.</strong></span> <span class='ocrx_word' id='word_1_1103' title='bbox 2064 3393 2077 3436; x_wconf 78' lang='lat' dir='ltr'>ss</span> <span class='ocrx_word' id='word_1_1104' title='bbox 2095 3394 2182 3427; x_wconf 80' lang='lat' dir='ltr'><strong>sicut</strong></span> <span class='ocrx_word' id='word_1_1105' title='bbox 2199 3397 2232 3428; x_wconf 87' lang='lat' dir='ltr'><strong>et</strong></span> <span class='ocrx_word' id='word_1_1106' title='bbox 2247 3396 2284 3430; x_wconf 88' lang='lat' dir='ltr'><strong>in</strong></span> <span class='ocrx_word' id='word_1_1107' title='bbox 2302 3397 2351 3437; x_wconf 90' lang='lat' dir='ltr'><strong>V]</strong></span> 
     </span>
     <span class='ocr_line' id='line_1_111' title="bbox 1275 3437 2350 3487; baseline 0.005 -18"><span class='ocrx_word' id='word_1_1108' title='bbox 1275 3439 1308 3470; x_wconf 89' lang='lat' dir='ltr'><strong>et</strong></span> <span class='ocrx_word' id='word_1_1109' title='bbox 1324 3437 1411 3470; x_wconf 82' lang='lat' dir='ltr'><strong>sicut</strong></span> <span class='ocrx_word' id='word_1_1110' title='bbox 1427 3437 1462 3469; x_wconf 90' lang='lat' dir='ltr'><strong>in</strong></span> <span class='ocrx_word' id='word_1_1111' title='bbox 1481 3450 1498 3470; x_wconf 88' lang='lat' dir='ltr'><strong>r</strong></span> <span class='ocrx_word' id='word_1_1112' title='bbox 1519 3437 1607 3470; x_wconf 85' lang='lat' dir='ltr'><strong>sicut</strong></span> <span class='ocrx_word' id='word_1_1113' title='bbox 1624 3438 1724 3471; x_wconf 86' lang='lat' dir='ltr'><strong>etiam</strong></span> <span class='ocrx_word' id='word_1_1114' title='bbox 1736 3439 1770 3471; x_wconf 89' lang='lat' dir='ltr'><strong><em>R</em></strong></span> <span class='ocrx_word' id='word_1_1115' title='bbox 1794 3439 1880 3471; x_wconf 88' lang='lat' dir='ltr'><strong>sicut</strong></span> <span class='ocrx_word' id='word_1_1116' title='bbox 1899 3439 1935 3471; x_wconf 93' lang='lat' dir='ltr'><strong>in</strong></span> <span class='ocrx_word' id='word_1_1117' title='bbox 1959 3440 2045 3483; x_wconf 74' lang='lat' dir='ltr'><strong>vulq.</strong></span> <span class='ocrx_word' id='word_1_1118' title='bbox 2063 3437 2076 3483; x_wconf 73' lang='grc' dir='ltr'><strong>ΙΙ</strong></span> <span class='ocrx_word' id='word_1_1119' title='bbox 2092 3440 2135 3474; x_wconf 84' lang='grc'><strong>23</strong></span> <span class='ocrx_word' id='word_1_1120' title='bbox 2158 3441 2278 3474; x_wconf 82' lang='lat' dir='ltr'><strong>uestris</strong></span> <span class='ocrx_word' id='word_1_1121' title='bbox 2297 3454 2314 3474; x_wconf 89' lang='lat' dir='ltr'><strong>r</strong></span> <span class='ocrx_word' id='word_1_1122' title='bbox 2337 3441 2350 3487; x_wconf 67' lang='grc'><strong>11</strong></span> 
     </span>
     <span class='ocr_line' id='line_1_112' title="bbox 1276 3481 2351 3530; baseline 0.002 -14"><span class='ocrx_word' id='word_1_1123' title='bbox 1276 3484 1320 3516; x_wconf 87' lang='grc'><strong>24</strong></span> <span class='ocrx_word' id='word_1_1124' title='bbox 1344 3482 1498 3515; x_wconf 84' lang='lat' dir='ltr'><strong>extiterat</strong></span> <span class='ocrx_word' id='word_1_1125' title='bbox 1518 3495 1536 3515; x_wconf 87' lang='lat' dir='ltr'><strong>r</strong></span> <span class='ocrx_word' id='word_1_1126' title='bbox 1557 3481 1576 3526; x_wconf 72' lang='grc' dir='ltr'><strong>ΙΙ</strong></span> <span class='ocrx_word' id='word_1_1127' title='bbox 1596 3483 1639 3517; x_wconf 83' lang='grc'><strong>25</strong></span> <span class='ocrx_word' id='word_1_1128' title='bbox 1663 3486 1696 3516; x_wconf 87' lang='lat' dir='ltr'><strong>et</strong></span> <span class='ocrx_word' id='word_1_1129' title='bbox 1719 3485 1845 3525; x_wconf 87' lang='lat' dir='ltr'><strong>eorum]</strong></span> <span class='ocrx_word' id='word_1_1130' title='bbox 1870 3483 1923 3517; x_wconf 87' lang='lat' dir='ltr'><strong>vel</strong></span> <span class='ocrx_word' id='word_1_1131' title='bbox 1946 3494 2061 3517; x_wconf 86' lang='lat' dir='ltr'><strong>eorum</strong></span> <span class='ocrx_word' id='word_1_1132' title='bbox 2080 3485 2166 3527; x_wconf 66' lang='lat' dir='ltr'><strong>vulq-</strong></span> <span class='ocrx_word' id='word_1_1133' title='bbox 2182 3484 2196 3530; x_wconf 72' lang='lat' dir='ltr'>fl</span> <span class='ocrx_word' id='word_1_1134' title='bbox 2214 3487 2258 3520; x_wconf 83' lang='grc'><strong>26</strong></span> <span class='ocrx_word' id='word_1_1135' title='bbox 2282 3485 2351 3519; x_wconf 89' lang='lat' dir='ltr'><strong>filie</strong></span> 
     </span>
     <span class='ocr_line' id='line_1_113' title="bbox 1277 3526 2345 3574; baseline 0.004 -14"><span class='ocrx_word' id='word_1_1136' title='bbox 1277 3530 1309 3560; x_wconf 89' lang='lat' dir='ltr'><strong>et</strong></span> <span class='ocrx_word' id='word_1_1137' title='bbox 1320 3526 1383 3559; x_wconf 92' lang='lat' dir='ltr'><strong>filii</strong></span> <span class='ocrx_word' id='word_1_1138' title='bbox 1407 3527 1437 3559; x_wconf 79' lang='lat' dir='ltr'><strong><em>R</em></strong></span> <span class='ocrx_word' id='word_1_1139' title='bbox 1459 3526 1548 3559; x_wconf 85' lang='lat' dir='ltr'><strong>filius</strong></span> <span class='ocrx_word' id='word_1_1140' title='bbox 1560 3528 1594 3560; x_wconf 83' lang='lat' dir='ltr'><strong>et</strong></span> <span class='ocrx_word' id='word_1_1141' title='bbox 1604 3527 1675 3561; x_wconf 87' lang='lat' dir='ltr'><strong>filia</strong></span> <span class='ocrx_word' id='word_1_1142' title='bbox 1701 3542 1718 3561; x_wconf 88' lang='lat' dir='ltr'><strong>r</strong></span> <span class='ocrx_word' id='word_1_1143' title='bbox 1735 3528 1747 3572; x_wconf 79' lang='grc' dir='ltr'><strong>ΙΙ</strong></span> <span class='ocrx_word' id='word_1_1144' title='bbox 1765 3531 1804 3563; x_wconf 77' lang='grc' dir='ltr'><strong>2Ί</strong></span> <span class='ocrx_word' id='word_1_1145' title='bbox 1830 3530 2071 3562; x_wconf 83' lang='lat' dir='ltr'><strong>transmutatur</strong></span> <span class='ocrx_word' id='word_1_1146' title='bbox 2090 3529 2125 3563; x_wconf 79' lang='lat' dir='ltr'><em>R</em></span> <span class='ocrx_word' id='word_1_1147' title='bbox 2141 3528 2155 3574; x_wconf 87' lang='grc' dir='ltr'><strong>ΙΙ</strong></span> <span class='ocrx_word' id='word_1_1148' title='bbox 2171 3531 2214 3564; x_wconf 83' lang='grc'><strong>29</strong></span> <span class='ocrx_word' id='word_1_1149' title='bbox 2238 3531 2345 3564; x_wconf 73' lang='lat' dir='ltr'><strong>rome-</strong></span> 
     </span>
     <span class='ocr_line' id='line_1_114' title="bbox 1276 3570 2354 3621; baseline 0.006 -17"><span class='ocrx_word' id='word_1_1150' title='bbox 1276 3583 1350 3605; x_wconf 88' lang='lat' dir='ltr'><strong>rum</strong></span> <span class='ocrx_word' id='word_1_1151' title='bbox 1362 3585 1380 3605; x_wconf 87' lang='lat' dir='ltr'><strong>r</strong></span> <span class='ocrx_word' id='word_1_1152' title='bbox 1391 3571 1403 3617; x_wconf 81' lang='lat' dir='ltr'>ss</span> <span class='ocrx_word' id='word_1_1153' title='bbox 1415 3574 1550 3606; x_wconf 84' lang='lat' dir='ltr'><strong>nostrae</strong></span> <span class='ocrx_word' id='word_1_1154' title='bbox 1563 3585 1621 3606; x_wconf 81' lang='lat' dir='ltr'><strong>om.</strong></span> <span class='ocrx_word' id='word_1_1155' title='bbox 1632 3586 1650 3607; x_wconf 87' lang='lat' dir='ltr'><strong>r</strong></span> <span class='ocrx_word' id='word_1_1156' title='bbox 1661 3570 1674 3614; x_wconf 77' lang='lat' dir='ltr'>fl</span> <span class='ocrx_word' id='word_1_1157' title='bbox 1687 3575 1725 3607; x_wconf 87' lang='lat'><strong>31</strong></span> <span class='ocrx_word' id='word_1_1158' title='bbox 1742 3574 1866 3606; x_wconf 82' lang='lat' dir='ltr'><strong>femina</strong></span> <span class='ocrx_word' id='word_1_1159' title='bbox 1877 3573 1927 3606; x_wconf 84' lang='lat' dir='ltr'><strong>R¹</strong></span> <span class='ocrx_word' id='word_1_1160' title='bbox 1942 3573 1955 3618; x_wconf 82' lang='grc' dir='ltr'><strong>ΙΙ</strong></span> <span class='ocrx_word' id='word_1_1161' title='bbox 1974 3575 2016 3608; x_wconf 87' lang='grc'><strong>32</strong></span> <span class='ocrx_word' id='word_1_1162' title='bbox 2030 3574 2176 3616; x_wconf 77' lang='lat' dir='ltr'><strong>equitate</strong></span> <span class='ocrx_word' id='word_1_1163' title='bbox 2188 3578 2302 3610; x_wconf 76' lang='lat' dir='ltr'><strong>nostra</strong></span> <span class='ocrx_word' id='word_1_1164' title='bbox 2313 3591 2330 3610; x_wconf 91' lang='lat' dir='ltr'><strong>r</strong></span> <span class='ocrx_word' id='word_1_1165' title='bbox 2342 3576 2354 3621; x_wconf 77' lang='grc' dir='ltr'>Η</span> 
     </span>
     <span class='ocr_line' id='line_1_115' title="bbox 1276 3617 2351 3665; baseline 0.004 -16"><span class='ocrx_word' id='word_1_1166' title='bbox 1276 3617 1484 3660; x_wconf 85' lang='lat' dir='ltr'><strong>repelluntur</strong></span> <span class='ocrx_word' id='word_1_1167' title='bbox 1495 3617 1529 3650; x_wconf 90' lang='lat' dir='ltr'><em>R</em></span> <span class='ocrx_word' id='word_1_1168' title='bbox 1547 3617 1751 3661; x_wconf 84' lang='lat' dir='ltr'><strong>repellantur</strong></span> <span class='ocrx_word' id='word_1_1169' title='bbox 1767 3632 1784 3651; x_wconf 87' lang='lat' dir='ltr'><strong>r</strong></span> <span class='ocrx_word' id='word_1_1170' title='bbox 1802 3618 1815 3662; x_wconf 85' lang='grc' dir='ltr'><strong>ΙΙ</strong></span> <span class='ocrx_word' id='word_1_1171' title='bbox 1831 3621 1873 3652; x_wconf 89' lang='grc'><strong>33</strong></span> <span class='ocrx_word' id='word_1_1172' title='bbox 1893 3620 1945 3660; x_wconf 86' lang='lat' dir='ltr'><strong>ex]</strong></span> <span class='ocrx_word' id='word_1_1173' title='bbox 1958 3620 2043 3653; x_wconf 78' lang='lat' dir='ltr'><strong>etex</strong></span> <span class='ocrx_word' id='word_1_1174' title='bbox 2059 3633 2077 3652; x_wconf 86' lang='lat' dir='ltr'><strong>r</strong></span> <span class='ocrx_word' id='word_1_1175' title='bbox 2088 3621 2173 3665; x_wconf 74' lang='lat' dir='ltr'><strong>vulq.</strong></span> <span class='ocrx_word' id='word_1_1176' title='bbox 2192 3620 2205 3663; x_wconf 83' lang='grc' dir='ltr'><strong>ΙΙ</strong></span> <span class='ocrx_word' id='word_1_1177' title='bbox 2221 3623 2264 3655; x_wconf 85' lang='grc'><strong>34</strong></span> <span class='ocrx_word' id='word_1_1178' title='bbox 2284 3622 2351 3655; x_wconf 89' lang='lat' dir='ltr'><strong>col-</strong></span> 
     </span>
     <span class='ocr_line' id='line_1_116' title="bbox 1275 3661 2350 3709; baseline 0.005 -15"><span class='ocrx_word' id='word_1_1179' title='bbox 1275 3662 1406 3704; x_wconf 81' lang='lat' dir='ltr'><strong>legibus</strong></span> <span class='ocrx_word' id='word_1_1180' title='bbox 1429 3662 1478 3696; x_wconf 85' lang='lat' dir='ltr'><strong>R¹</strong></span> <span class='ocrx_word' id='word_1_1181' title='bbox 1501 3661 1690 3705; x_wconf 85' lang='lat' dir='ltr'><strong>colligimus</strong></span> <span class='ocrx_word' id='word_1_1182' title='bbox 1712 3664 1756 3697; x_wconf 90' lang='lat' dir='ltr'><strong>Vr</strong></span> <span class='ocrx_word' id='word_1_1183' title='bbox 1772 3663 1785 3706; x_wconf 79' lang='grc' dir='ltr'><strong>ΙΙ</strong></span> <span class='ocrx_word' id='word_1_1184' title='bbox 1802 3666 1835 3696; x_wconf 91' lang='lat' dir='ltr'><strong>et</strong></span> <span class='ocrx_word' id='word_1_1185' title='bbox 1854 3663 1903 3704; x_wconf 89' lang='lat' dir='ltr'><strong>in]</strong></span> <span class='ocrx_word' id='word_1_1186' title='bbox 1929 3666 1962 3697; x_wconf 86' lang='lat' dir='ltr'><strong>et</strong></span> <span class='ocrx_word' id='word_1_1187' title='bbox 1986 3676 2044 3698; x_wconf 85' lang='lat' dir='ltr'><strong>om.</strong></span> <span class='ocrx_word' id='word_1_1188' title='bbox 2069 3678 2087 3698; x_wconf 87' lang='lat' dir='ltr'><strong>r</strong></span> <span class='ocrx_word' id='word_1_1189' title='bbox 2104 3664 2117 3707; x_wconf 70' lang='lat' dir='ltr'>fl</span> <span class='ocrx_word' id='word_1_1190' title='bbox 2133 3668 2174 3699; x_wconf 89' lang='lat'><strong>35</strong></span> <span class='ocrx_word' id='word_1_1191' title='bbox 2195 3666 2350 3709; x_wconf 84' lang='lat' dir='ltr'><strong>imperia—</strong></span> 
     </span>
     <span class='ocr_line' id='line_1_117' title="bbox 1276 3706 2274 3755; baseline 0.007 -15"><span class='ocrx_word' id='word_1_1192' title='bbox 1276 3707 1318 3741; x_wconf 88' lang='lat' dir='ltr'><strong>lis</strong></span> <span class='ocrx_word' id='word_1_1193' title='bbox 1339 3706 1580 3750; x_wconf 84' lang='lat' dir='ltr'><strong>legislationem</strong></span> <span class='ocrx_word' id='word_1_1194' title='bbox 1598 3721 1615 3741; x_wconf 91' lang='lat' dir='ltr'><strong>r</strong></span> <span class='ocrx_word' id='word_1_1195' title='bbox 1630 3708 1642 3754; x_wconf 89' lang='grc' dir='ltr'><strong>ΙΙ</strong></span> <span class='ocrx_word' id='word_1_1196' title='bbox 1662 3711 1704 3743; x_wconf 87' lang='grc'><strong>36</strong></span> <span class='ocrx_word' id='word_1_1197' title='bbox 1728 3709 1859 3752; x_wconf 86' lang='lat' dir='ltr'><strong>piorum</strong></span> <span class='ocrx_word' id='word_1_1198' title='bbox 1882 3709 1996 3754; x_wconf 74' lang='lat' dir='ltr'><strong>R¹Vu</strong></span> <span class='ocrx_word' id='word_1_1199' title='bbox 2015 3711 2200 3755; x_wconf 83' lang='lat' dir='ltr'><strong>conscripta</strong></span> <span class='ocrx_word' id='word_1_1200' title='bbox 2222 3712 2274 3747; x_wconf 82' lang='lat' dir='ltr'><strong>Rr</strong></span> 
     </span>
    </p>
   </div>
   <div class='ocr_carea' id='block_1_33' title="bbox 2044 3768 2085 3802">
    <p class='ocr_par' dir='ltr' id='par_1_35' title="bbox 2044 3768 2085 3802">
     <span class='ocr_line' id='line_1_118' title="bbox 2044 3768 2085 3802; baseline 0.024 -1"><span class='ocrx_word' id='word_1_1201' title='bbox 2044 3768 2085 3802; x_wconf 84' lang='lat'><strong>19</strong></span> 
     </span>
    </p>
   </div>
   <div class='ocr_carea' id='block_1_34' title="bbox 134 3526 1209 3756">
    <p class='ocr_par' dir='ltr' id='par_1_36' title="bbox 134 3526 1209 3756">
     <span class='ocr_line' id='line_1_119' title="bbox 180 3526 1207 3572; baseline -0.003 -10"><span class='ocrx_word' id='word_1_1202' title='bbox 180 3533 193 3563; x_wconf 86' lang='lat'>1</span> <span class='ocrx_word' id='word_1_1203' title='bbox 222 3529 450 3562; x_wconf 81' lang='lat' dir='ltr'><strong>ordinauimus</strong></span> <span class='ocrx_word' id='word_1_1204' title='bbox 463 3529 495 3561; x_wconf 83' lang='lat' dir='ltr'><em>R</em></span> <span class='ocrx_word' id='word_1_1205' title='bbox 512 3528 524 3572; x_wconf 77' lang='grc' dir='ltr'><strong>ΙΙ</strong></span> <span class='ocrx_word' id='word_1_1206' title='bbox 542 3530 561 3561; x_wconf 92' lang='grc'><strong>2</strong></span> <span class='ocrx_word' id='word_1_1207' title='bbox 580 3538 664 3560; x_wconf 81' lang='lat' dir='ltr'><strong>eanu</strong></span> <span class='ocrx_word' id='word_1_1208' title='bbox 684 3531 720 3560; x_wconf 67' lang='lat' dir='ltr'><strong>ra</strong></span> <span class='ocrx_word' id='word_1_1209' title='bbox 738 3527 750 3571; x_wconf 79' lang='grc' dir='ltr'><strong>ΙΙ</strong></span> <span class='ocrx_word' id='word_1_1210' title='bbox 766 3526 958 3560; x_wconf 85' lang='lat' dir='ltr'><strong>numinibus</strong></span> <span class='ocrx_word' id='word_1_1211' title='bbox 970 3527 1004 3560; x_wconf 88' lang='lat' dir='ltr'><strong><em>R</em></strong></span> <span class='ocrx_word' id='word_1_1212' title='bbox 1016 3528 1059 3561; x_wconf 91' lang='lat' dir='ltr'><strong>Vr</strong></span> <span class='ocrx_word' id='word_1_1213' title='bbox 1077 3529 1089 3571; x_wconf 69' lang='lat'><strong>11</strong></span> <span class='ocrx_word' id='word_1_1214' title='bbox 1105 3530 1123 3561; x_wconf 87' lang='lat'><strong>3</strong></span> <span class='ocrx_word' id='word_1_1215' title='bbox 1144 3528 1207 3568; x_wconf 88' lang='lat' dir='ltr'><strong>uti]</strong></span> 
     </span>
     <span class='ocr_line' id='line_1_120' title="bbox 134 3572 1207 3618; baseline -0.002 -11"><span class='ocrx_word' id='word_1_1216' title='bbox 134 3574 209 3607; x_wconf 78' lang='lat' dir='ltr'><strong>uiro</strong></span> <span class='ocrx_word' id='word_1_1217' title='bbox 231 3588 250 3608; x_wconf 84' lang='lat' dir='ltr'><strong>r</strong></span> <span class='ocrx_word' id='word_1_1218' title='bbox 271 3574 291 3618; x_wconf 19' lang='lat' dir='ltr'><strong>nr</strong></span> <span class='ocrx_word' id='word_1_1219' title='bbox 309 3576 331 3608; x_wconf 82' lang='lat'>4</span> <span class='ocrx_word' id='word_1_1220' title='bbox 355 3576 420 3616; x_wconf 84' lang='lat' dir='ltr'><strong>eos]</strong></span> <span class='ocrx_word' id='word_1_1221' title='bbox 442 3584 494 3607; x_wconf 84' lang='lat' dir='ltr'><strong>eas</strong></span> <span class='ocrx_word' id='word_1_1222' title='bbox 515 3575 558 3607; x_wconf 79' lang='lat' dir='ltr'><strong>V¹²</strong></span> <span class='ocrx_word' id='word_1_1223' title='bbox 577 3573 590 3616; x_wconf 73' lang='lat' dir='ltr'>ss</span> <span class='ocrx_word' id='word_1_1224' title='bbox 612 3573 763 3605; x_wconf 87' lang='lat' dir='ltr'><strong>nominat</strong></span> <span class='ocrx_word' id='word_1_1225' title='bbox 784 3572 819 3605; x_wconf 86' lang='lat' dir='ltr'><strong><em>R</em></strong></span> <span class='ocrx_word' id='word_1_1226' title='bbox 841 3574 965 3605; x_wconf 85' lang='lat' dir='ltr'><strong>uocant</strong></span> <span class='ocrx_word' id='word_1_1227' title='bbox 986 3585 1004 3605; x_wconf 90' lang='lat' dir='ltr'><strong>r</strong></span> <span class='ocrx_word' id='word_1_1228' title='bbox 1026 3572 1039 3616; x_wconf 81' lang='grc' dir='ltr'><strong>ΙΙ</strong></span> <span class='ocrx_word' id='word_1_1229' title='bbox 1062 3575 1082 3605; x_wconf 90' lang='grc'><strong>6</strong></span> <span class='ocrx_word' id='word_1_1230' title='bbox 1107 3573 1207 3614; x_wconf 92' lang='lat' dir='ltr'><strong>quod]</strong></span> 
     </span>
     <span class='ocr_line' id='line_1_121' title="bbox 135 3617 1209 3663; baseline -0.003 -11"><span class='ocrx_word' id='word_1_1231' title='bbox 135 3619 194 3660; x_wconf 80' lang='lat' dir='ltr'><strong>qui</strong></span> <span class='ocrx_word' id='word_1_1232' title='bbox 210 3619 244 3652; x_wconf 85' lang='lat' dir='ltr'><em>R</em></span> <span class='ocrx_word' id='word_1_1233' title='bbox 259 3618 272 3663; x_wconf 85' lang='grc' dir='ltr'><strong>ΙΙ</strong></span> <span class='ocrx_word' id='word_1_1234' title='bbox 289 3618 568 3661; x_wconf 85' lang='lat' dir='ltr'><strong>delinquebantur</strong></span> <span class='ocrx_word' id='word_1_1235' title='bbox 592 3618 640 3650; x_wconf 87' lang='lat' dir='ltr'><strong>R¹</strong></span> <span class='ocrx_word' id='word_1_1236' title='bbox 659 3618 672 3660; x_wconf 89' lang='grc' dir='ltr'><strong>ΙΙ</strong></span> <span class='ocrx_word' id='word_1_1237' title='bbox 694 3620 711 3651; x_wconf 80' lang='grc'><strong>’1</strong></span> <span class='ocrx_word' id='word_1_1238' title='bbox 737 3619 781 3658; x_wconf 86' lang='lat' dir='ltr'><strong>et]</strong></span> <span class='ocrx_word' id='word_1_1239' title='bbox 805 3618 845 3650; x_wconf 89' lang='lat' dir='ltr'><strong>ut</strong></span> <span class='ocrx_word' id='word_1_1240' title='bbox 866 3618 901 3651; x_wconf 87' lang='lat' dir='ltr'><em>R</em></span> <span class='ocrx_word' id='word_1_1241' title='bbox 918 3617 930 3660; x_wconf 80' lang='grc' dir='ltr'><strong>ΙΙ</strong></span> <span class='ocrx_word' id='word_1_1242' title='bbox 946 3617 1137 3658; x_wconf 85' lang='lat' dir='ltr'><strong>secundum]</strong></span> <span class='ocrx_word' id='word_1_1243' title='bbox 1161 3621 1209 3651; x_wconf 88' lang='lat' dir='ltr'><strong>set</strong></span> 
     </span>
     <span class='ocr_line' id='line_1_122' title="bbox 135 3661 1209 3707; baseline 0.001 -12"><span class='ocrx_word' id='word_1_1244' title='bbox 135 3664 169 3696; x_wconf 88' lang='lat' dir='ltr'><em>R</em></span> <span class='ocrx_word' id='word_1_1245' title='bbox 186 3662 199 3707; x_wconf 82' lang='grc' dir='ltr'><strong>ΙΙ</strong></span> <span class='ocrx_word' id='word_1_1246' title='bbox 213 3664 455 3698; x_wconf 73' lang='lat' dir='ltr'><strong>bai-baratinam</strong></span> <span class='ocrx_word' id='word_1_1247' title='bbox 475 3664 510 3699; x_wconf 85' lang='lat' dir='ltr'><strong><em>V</em></strong></span> <span class='ocrx_word' id='word_1_1248' title='bbox 521 3664 653 3697; x_wconf 85' lang='lat' dir='ltr'><strong>barbari</strong></span> <span class='ocrx_word' id='word_1_1249' title='bbox 669 3673 797 3696; x_wconf 85' lang='lat' dir='ltr'><strong>causam</strong></span> <span class='ocrx_word' id='word_1_1250' title='bbox 823 3676 842 3696; x_wconf 91' lang='lat' dir='ltr'><strong>r</strong></span> <span class='ocrx_word' id='word_1_1251' title='bbox 858 3661 871 3705; x_wconf 86' lang='grc' dir='ltr'><strong>ΙΙ</strong></span> <span class='ocrx_word' id='word_1_1252' title='bbox 888 3664 907 3697; x_wconf 89' lang='grc'>8</span> <span class='ocrx_word' id='word_1_1253' title='bbox 931 3673 1129 3696; x_wconf 82' lang='lat' dir='ltr'><strong>successores</strong></span> <span class='ocrx_word' id='word_1_1254' title='bbox 1141 3663 1175 3695; x_wconf 91' lang='lat' dir='ltr'><em>R</em></span> <span class='ocrx_word' id='word_1_1255' title='bbox 1196 3661 1209 3707; x_wconf 84' lang='grc' dir='ltr'><strong>ΙΙ</strong></span> 
     </span>
     <span class='ocr_line' id='line_1_123' title="bbox 136 3707 1206 3756; baseline -0.002 -14"><span class='ocrx_word' id='word_1_1256' title='bbox 136 3709 323 3751; x_wconf 73' lang='lat' dir='ltr'><strong>parentium</strong></span> <span class='ocrx_word' id='word_1_1257' title='bbox 342 3709 402 3756; x_wconf 69' lang='lat' dir='ltr'><strong>Vn</strong></span> <span class='ocrx_word' id='word_1_1258' title='bbox 420 3712 460 3745; x_wconf 88' lang='grc'><strong>10</strong></span> <span class='ocrx_word' id='word_1_1259' title='bbox 481 3719 655 3754; x_wconf 88' lang='lat' dir='ltr'><strong>nequoque</strong></span> <span class='ocrx_word' id='word_1_1260' title='bbox 674 3721 691 3741; x_wconf 89' lang='lat' dir='ltr'><strong>r</strong></span> <span class='ocrx_word' id='word_1_1261' title='bbox 708 3707 720 3754; x_wconf 76' lang='lat' dir='ltr'>u</span> <span class='ocrx_word' id='word_1_1262' title='bbox 738 3719 799 3743; x_wconf 74' lang='lat' dir='ltr'><strong>eos</strong></span> <span class='ocrx_word' id='word_1_1263' title='bbox 811 3708 841 3741; x_wconf 76' lang='lat' dir='ltr'><strong><em>R</em></strong></span> <span class='ocrx_word' id='word_1_1264' title='bbox 856 3707 869 3753; x_wconf 81' lang='grc' dir='ltr'><strong>ΙΙ</strong></span> <span class='ocrx_word' id='word_1_1265' title='bbox 891 3709 926 3742; x_wconf 88' lang='grc'><strong>11</strong></span> <span class='ocrx_word' id='word_1_1266' title='bbox 952 3718 973 3741; x_wconf 73' lang='lat' dir='ltr'><strong>a</strong></span> <span class='ocrx_word' id='word_1_1267' title='bbox 995 3708 1122 3753; x_wconf 57' lang='lat' dir='ltr'><strong>rvulffi]</strong></span> <span class='ocrx_word' id='word_1_1268' title='bbox 1148 3721 1206 3742; x_wconf 88' lang='lat' dir='ltr'><strong>om.</strong></span> 
     </span>
    </p>
   </div>
  </div>
 </body>
</html>
