2618 4010
149 128 498 174 ncccnsmsrims
523 139 668 173 annus
1237 125 1288 172 51
1303 130 1306 135 ’

147 245 207 277 καὶ
231 242 396 286 ἐπιτιμᾷ,
428 244 489 275 καὶ
511 244 613 290 μέχρι
635 241 714 276 τῶν
742 239 969 296 πραγμάτων
992 241 1053 284 τῆς
1075 237 1229 300 ἁγιωτά-

146 299 208 329 της
231 285 416 332 ἐκκλησίας
436 287 581 322 ἵσταται
600 284 730 332 μόνης·
754 289 814 320 καὶ
831 284 978 322 ἅπαντα
999 288 1068 331 μὲν
1090 289 1233 334 αναιρεῖ

146 329 335 380 σοφισμόν,
359 333 467 386 ‘causeo
490 328 577 387 ὅπερ
601 329 763 367 εἰπόντες
787 333 967 378 ἔφθημεν,
991 330 1032 367 οὔ
1055 331 1128 377 μὴν
1152 334 1228 367 ἐπι-

2025 129 2133 173 Nov.
2165 130 2242 176 VII
2271 144 2330 186 pr.
2367 135 2400 177 1.

1298 240 1466 286 imponit,
1491 243 1528 276 et
1550 251 1663 285 usque
1688 239 1734 276 ad
1762 251 1819 276 res
1844 240 2092 282 sanctissimae
2116 241 2291 278 ecclesiae
2316 244 2390 278 stat

1300 286 1538 331 solummodo;
1562 286 1600 322 e't
1623 296 1762 321 omnem
1786 286 1928 332 quidem
1952 287 2094 332 perimit
2117 287 2388 324 circumventio-

1298 342 1397 374 nem,
1433 342 1539 378 quam
1569 331 1833 377 praediximus,
1865 343 1936 368 non
1966 335 2087 369 tamen
2110 333 2265 370 retinere
2288 334 2387 370 calli-

145 381 243 421 σχεῖν
266 377 334 423 τὴν
355 390 434 413 των
456 390 547 422 μετα
567 379 684 412 ταῦτα
702 381 928 425 πανουργίαν
945 378 1099 421 ἴσχυσεν.
1133 379 1230 412 τινὲς
1299 377 1447 413 (litatem
1480 379 1608 423 postea
1642 377 1903 422 insurgentium
1938 379 2059 415 valuit.
2109 378 2260 424 Quidam
2294 379 2388 416 enim

144 423 212 471 γὰρ
241 421 286 478 δὴ
319 422 362 458 τὸ
391 421 614 479 καλορμενον
639 422 854 478 Ιπαροικικὸν
887 421 1125 479 ἑξευρρντες,’
1140 421 1229 469 μήτε
1264 425 1284 458 5
1299 423 1434 459 dudum
1464 423 1534 459 hoc
1566 422 1663 469 quod
1693 426 1844 458 vocatur
1874 423 2097 459 colonarium
2127 425 2184 461 ius
2207 424 2389 462 adinveni-

145 472 218 504 τοῖς
243 472 424 517 ημετέροις
453 481 575 514 νομοις
601 482 691 514 μητε
721 467 818 512 ἄλλῳ
843 472 917 504 τινὶ
943 482 1022 504 των
1051 481 1229 504 απαντων

144 514 422 563 γνωριζόμενον,
447 513 674 569 περιγραφὴν
697 513 737 548 οὐ
754 513 887 561 μικρὰν
904 514 1122 558 ἐμελέτησαν
1141 514 1233 549 κατὰ

144 562 207 595 τοῦ
237 558 365 614 νόμου,
401 557 547 604 διηνεκη
581 558 709 603 σχεδὸν
745 559 1002 604 ἐπινοήσαντες
1034 563 1231 604 ἑκποίησιν.

144 602 245 661 ὅπερἱ
266 609 362 660 nafis
385 607 448 640 τοῦ
473 604 601 661 λοιποῦ
635 602 869 652 πράττεσθαι
898 604 1159 650 κεκωλύκαμεν,
1193 606 1232 646 ἐξ

1298 472 1418 511 entes,
1462 479 1579 514 neque
1613 468 1746 504 nostris
1786 468 1924 514 legibus
1959 480 2075 514 neque
2110 470 2203 506 aliae
2247 470 2390 507 cuidam

1303 514 1460 550 omnium
1482 518 1636 558 notum,·
1655 514 1990 551 circumventionem
2013 526 2086 551 non
2109 527 2256 561 parvam
2279 516 2390 552 medi-

1301 560 1369 595 tati
1391 564 1476 596 sunt
1500 563 1627 596 contra
1657 561 1786 605 legem,
1819 564 2016 605 perpetuas
2046 571 2160 606 paene
2193 562 2389 607 cogitantes

1302 605 1548 642 alienationes.
1597 605 1701 651 Quod
1735 616 1802 642 nos
1835 605 1879 641 de
1915 609 2034 642 cetero
2070 606 2128 651 agi
2159 608 2390 651 prohibemus

143 665 184 686 ου
207 664 273 686 τον
302 653 392 705 υπξρ
425 664 570 686 τουτων
593 651 801 707 ἐγράψαμεν
824 648 948 696 νόμον.
990 649 1080 694 Ἦὸη
1106 649 1147 685 δὲ
1170 654 1230 684 καὶ
1247 653 1287 686 10
1301 655 1337 687 et
1360 662 1425 696 pro
1449 654 1493 687 eo
1521 651 1601 696 ipso
1626 651 1903 698 conscripsimus
1928 652 2052 697 legem.
2100 652 2245 688 Dudum
2269 660 2389 689 autem

143 698 191 732 εἰς
214 698 233 730 ἐ
287 708 443 731 υτευσεις
465 695 563 732 εἶδον
582 700 642 731 καὶ
665 695 880 741 ἠλαττωσαν
900 694 1023 739 πολλῷ
1045 695 1088 730 τὸ
1113 695 1230 732 ποσὸν

143 744 204 786 τῆς
232 710 394 786 &neoti-
424 741 599 790 προςόδου
629 746 703 777 τοῖς
734 743 967 788 ἐμφυτευταῖς
999 741 1230 788 χαριζόμενοι

141 787 178 822 ὀἱ
200 789 278 823 τῶν
300 786 527 835 πραγμάτων
544 787 674 832 πρώην
697 782 759 842 τῆς
781 784 982 834 ἁγιωτάτης
1004 785 1157 833 μεγάλης
1176 788 1228 821 έκ-

143 833 289 877 κλησίας
312 833 542 881 προστάντες.
584 831 687 868 ι’,Ωςτε
704 834 808 887 Σημᾶς
830 833 872 866 ἔν
895 845 969 887 τίνι
997 833 1076 866 τῶν
1108 829 1228 877 ἡμετέ-

1301 701 1337 732 et
1366 697 1413 732 ad
1443 697 1684 743 emphyteosis
1710 698 1947 752 respexerunt
1974 699 2010 732 et
2032 697 2287 734 imminuerunt
2310 699 2389 744 plu-

1299 742 1424 777 rimam
1448 743 1685 788 quantitatem
1704 753 1780 778 veri
1802 743 1938 778 reditus
1962 742 2032 778 illis
2058 743 2119 788 qui
2148 744 2391 790 emphyteosin

1300 788 1485 833 accipiunt
1515 790 1741 834 praestantes
1773 789 1798 824 ii
1830 789 1893 834 qui
1919 789 2026 824 rebus
2066 788 2205 834 pridem
2236 790 2389 825 sanctis-

1301 833 1411 869 simae
1442 834 1586 870 maioris
1619 834 1792 870 ecclesiae
1825 833 2089 880 praesidebant.
2137 834 2295 888 Idepque
2322 845 2389 870 nos

143 893 220 926 ρων
243 877 445 921 διατάξεων
464 877 585 926 ὁρίσαι
606 881 678 932 μὲν
697 891 778 925 αχρι
801 888 1008 932 προςῳπων
1024 878 1140 925 τριῶν
1163 876 1231 921 τὴν
1246 880 1285 912 15
1300 879 1338 913 in
1359 879 1512 923 quadam
1532 881 1737 916 nostrarum
1753 879 2050 916 constitutionum
2069 880 2294 917 definiv1mus
2310 880 2390 926 qui-

143 921 360 971 έμφύτευσιν
393 925 582 972 γίνεσθαι,
616 937 678 959 του
710 936 750 958 τε
786 921 1034 968 λαμβανοντος
1068 926 1129 957 καὶ
1166 920 1231 957 δύο

143 968 326 1013 διαδόχων
349 971 409 1005 ἑτέ
431 983 495 1012 ων,
526 971 633 1005 τοῦτο
656 972 717 1004 καὶ
740 970 801 1004 ἐπὶ
833 971 907 1003 τοῖς
936 970 998 1012 τῆς
1029 965 1231 1016 ἁγιωτάτης

142 1015 327 1059 ἐκκλησίας
349 1027 536 1064 πραγμασι
559 1015 732 1063 γίνεσθαι
755 1012 1063 1061 συγχωρήσαντες,
1093 1013 1144 1058 μὴ
1169 1027 1229 1049 πε·

143 1065 298 1108 ραιτέρω
323 1059 363 1096 δὲ
392 1064 453 1105 τῆς
471 1062 577 1115 Χὲκτης
610 1063 736 1114 μοίρας
771 1059 1042 1114 συγχωρεῖσθαι
1065 1062 1139 1094 τοῖς
1171 1061 1230 1105 ἐμ·

1301 924 1382 960 dem
1410 935 1524 970 usque
1548 925 1596 960 ad
1626 936 1802 971 personas
1824 929 1898 962 tres
1922 925 2171 973 emphyteosin
2202 925 2297 970 fieri,
2328 935 2390 962 ac-

1302 969 1466 1014 cipientis
1500 974 1535 1006 et
1574 970 1726 1006 duorum
1761 981 2011 1007 successorum
2043 971 2212 1016 aliorum3
2254 972 2324 1008 hoc
2355 974 2393 1008 et

1302 1025 1410 1059 super
1434 1016 1542 1051 rebus
1567 1017 1817 1053 sanctissimae
1839 1017 1986 1053 maioris
2011 1017 2186 1053 ecclesiae
2207 1017 2287 1054 fieri
2309 1027 2390 1064 per·

1301 1060 1500 1105 mittentes,
1534 1072 1607 1097 non
1632 1065 1752 1098 autem
1782 1064 1879 1099 ultra
1909 1066 2047 1099 sextam
2076 1065 2217 1108 partem
2239 1063 2392 1100 relevari

144 1110 333 1154 φυτευταῖς
357 1105 417 1141 διὰ
439 1117 501 1141 τας
523 1116 674 1161 τυχηρας
703 1116 930 1159 περιστασεις
957 1103 1230 1150 νομοθετήσαν-
1244 1107 1286 1140 20
1301 1106 1546 1159 emphyteosin
1581 1108 1864 1152 percipientibus
1898 1112 2046 1155 propter
2079 1108 2250 1145 fortuitos
2283 1119 2391 1145 casus

142 1164 215 1187 τες·
253 1150 445 1199 ἐπειδήπερ
477 1151 735 1196 έμανθανομεν
764 1162 880 1185 ουτως
916 1152 1155 1206 ἐκκεχυμένως
1189 1164 1230 1185 τε

143 1202 202 1232 καὶ
225 1195 364 1243 ἀσεβῶς
386 1194 486 1244 παρά
508 1209 624 1231 τινων
652 1197 826 1243 γίνεσθαι
849 1195 896 1230 τὰ
925 1196 1148 1240 συμβολαια,
1182 1193 1230 1231 ὠς

142 1241 233 1289 μηδὲ
269 1242 337 1286 τὴν
368 1244 477 1286 ἕκτην
507 1240 852 1287 καταλιμπάνεσθαι
886 1243 932 1290 τῇ
962 1238 1148 1296 ἁγιωτάτῃ
1174 1244 1227 1276 ἐκ·

141 1288 268 1332 ‚cincta
296 1290 439 1335 μοῖραν,
470 1288 549 1322 τῶν
573 1286 715 1323 λοιπῶν
737 1284 915 1322 ἁπάντων
938 1301 992 1331 τῳ
1025 1289 1228 1336 ἐμφυτευτῇ

1301 1155 1524 1188 sancientes:
1556 1153 1640 1197 quia
1665 1157 1774 1195 [vero]
1799 1154 1986 1200 didicimus
2011 1154 2065 1190 sic
2089 1154 2201 1190 effuse
2223 1157 2261 1191 et
2282 1154 2391 1208 impie

1300 1197 1346 1232 ab
1371 1197 1551 1242 aliquibus
1580 1197 1658 1234 fieri
1686 1199 1918 1242 documenta,
1951 1202 1993 1235 ut
2015 1210 2132 1245 neque
2155 1203 2259 1236 sexta
2281 1200 2390 1236 relm-

1300 1245 1433 1288 quatur
1456 1243 1705 1279 sanctissimae
1728 1244 1903 1280 ecclesiae
1926 1255 2030 1290 pars,
2059 1246 2205 1290 reliquis
2226 1245 2391 1282 omnibus

1299 1288 1544 1334 emphyteosin
1579 1289 1773 1334 accipienti
1808 1290 1960 1326 donatis.
2018 1291 2235 1327 Anastasius
2271 1295 2392 1328 autem

140 1344 416 1387 κεχαρισμρνων.
458 1331 693 1368 Ἀναστάσιος
716 1331 756 1367 δὲ
779 1331 798 1368 ὁ
821 1334 883 1377 τῆς
906 1330 1074 1378 εὐσεβοῦς
1098 1331 1230 1377 λήξεως
1244 1336 1284 1369 25
1298 1334 1381 1379 piae
1403 1334 1596 1372 memoriae
1614 1339 1717 1379 gesta
1739 1340 2048 1371 monumentorum
2069 1337 2293 1373 constituens
2313 1337 2392 1373 fieri

140 1379 273 1425 πραξιν
296 1376 570 1424 υπομνημάτων
593 1377 765 1420 διατάξας
791 1379 964 1426 γίνεσθαι
988 1380 1050 1413 ἐπὶ
1074 1382 1152 1414 ταῖς
1175 1381 1229 1413 έκ-

139 1423 338 1468 ποιήσεσιν,
370 1424 473 1459 εἵπου
504 1427 564 1458 καὶ
588 1423 719 1459 τούτου
741 1428 883 1472 γένοιτο
908 1421 1045 1472 καιρός,
1075 1427 1136 1459 καὶ
1166 1423 1230 1460 τὰς

138 1468 369 1516 ἑμφυτεύσεις
390 1468 525 1514 στήσας
548 1468 630 1514 δίχα
652 1472 721 1515 μὲν
744 1471 806 1514 τῆς
830 1469 994 1516 πράξεως
1013 1469 1094 1517 ἄχρι
1117 1468 1229 1515 μόνης

138 1517 198 1559 τῆς
218 1516 309 1559 ζωῆς
329 1517 392 1550 τοῦ
413 1519 627 1561 ποιουμένου
647 1514 953 1569 τὴνὶἐμφύτευσιν,
972 1514 1065 1561 μετὰ
1087 1514 1126 1550 δὲ
1143 1513 1228 1550 ταύ·

1299 1390 1409 1425 super
1441 1380 1737 1423 alienationibus,
1774 1381 1892 1417 sicubi
1922 1382 2030 1417 etiam
2061 1382 2168 1418 huius
2205 1382 2258 1418 rei
2289 1383 2393 1418 fieret

1298 1429 1460 1470 tempus,
1490 1428 1527 1461 et
1556 1426 1797 1472 emphyteusis
1821 1430 1984 1463 statuens
2009 1427 2086 1463 sine
2114 1427 2224 1473 gestis
2249 1428 2392 1473 quidem

1298 1482 1413 1516 usque
1436 1471 1483 1507 ad
1504 1471 1620 1507 solam
1640 1473 1752 1507 vitam
1773 1473 1986 1518 accipientis
2015 1473 2282 1519 emphyteosin,
2310 1483 2391 1510 cum

1297 1517 1405 1562 gestis
1422 1521 1543 1552 autem
1563 1517 1601 1553 in
1618 1520 1831 1563 perpetuum
1849 1529 1929 1554 eam
1943 1518 2150 1561 extendens,
2174 1529 2291 1564 neque
2307 1529 2390 1565 per-

138 1572 200 1605 της
228 1564 288 1595 καὶ
313 1561 363 1596 εἰς
389 1560 432 1596 τὸ
457 1560 614 1605 διηνεκὲς
638 1560 752 1606 αὐτην
775 1563 953 1603 ἐκτείνας,
985 1560 1068 1596 οὔτε
1096 1558 1178 1609 ἀκρι
1207 1562 1431 1606 ῆ301’θ(·,1;8.ω
1453 1562 1540 1599 fecit
1561 1574 1675 1609 neque
1699 1563 1822 1600 utilem
1849 1565 1981 1610 legem,
2012 1568 2049 1601 et
2077 1564 2166 1600 undi
2191 1575 2236 1600 ue
2259 1565 2391 1611 imper·

138 1610 336 1651 πεποίηκεν
352 1605 434 1641 οὔτε
454 1610 684 1653 συμφέροντα
699 1606 821 1652 νόμον,
843 1611 1026 1643 παντοίως
1048 1620 1089 1642 τε
1106 1605 1170 1642 ἆτε
1193 1609 1224 1651 ἢ,
1294 1608 1447 1651 fectam,
1479 1619 1595 1655 usque
1624 1609 1671 1646 ad
1695 1610 1808 1645 solam
1830 1608 1985 1646 diocesin
2009 1610 2170 1656 patriam
2196 1610 2275 1647 icae
2295 1610 2391 1646 sedis

136 1655 239 1699 μέχρι
261 1651 373 1698 μόνης
395 1654 458 1696 τῆς
480 1651 688 1698 διοικήσεως
710 1655 776 1687 τοῦ
801 1654 1062 1699 πατριαρχικοῦ
1086 1652 1227 1702 θρόνου
1295 1654 1402 1690 huius
1425 1654 1656 1691 felicissimae
1680 1655 1853 1700 civitatis,
1879 1656 1973 1692 sicut
1995 1655 2258 1703 praediximus,
2282 1655 2390 1702 legis-

137 1699 198 1742 τῆς
222 1694 431 1743 εὐδαίμονος
453 1696 586 1742 ταύτης
605 1697 755 1742 πόλεως,
779 1699 951 1746 καθάπερ
975 1699 1136 1745 εἴπομεν,
1159 1698 1229 1744 τὴν
1296 1700 1468 1737 lationem
1490 1702 1665 1738 statuens.

137 1744 362 1789 νομοθεσίαν
386 1742 527 1788 στήσας.

1155 1812 1313 1850 CAPUT
1336 1814 1365 1849 Ι.

181 1873 245 1926 (1²)
290 1877 405 1926 Ἡμεῖς
427 1873 492 1915 οὖν
516 1879 597 1925 (ἤδη
619 1879 687 1930 γὰρ
712 1883 774 1916 ἐπὶ
796 1880 863 1917 τὸν
886 1880 1001 1927 νόμον
1026 1882 1135 1925 ἰτέον)
1161 1882 1225 1916 19⁸-
1241 1886 1282 1918 35
1341 1882 1418 1918 Nos
1453 1882 1563 1928 igitur
1598 1883 1683 1926 (iam
1720 1884 1813 1921 enim
1849 1883 1895 1919 ad
1930 1884 2043 1930 legem
2077 1883 2290 1920 veniendum
2321 1886 2390 1926 est)

138 1928 323 1970 σπίζομεν,
346 1926 439 1972 μήτε
462 1925 529 1970 τὴν
552 1923 758 1974 ἆγιωτάτην
779 1928 842 1971 τῆς
861 1925 1072 1972 εὐδαίμονος
1095 1926 1228 1971 ταύτης
1298 1929 1488 1971 sancimus,
1511 1939 1628 1975 neque
1652 1930 1915 1966 sanctissimam
1930 1930 2038 1966 huius
2054 1930 2282 1967 felicissimae
2305 1930 2390 1966 civi·

138 1970 274 2016 νξόλεως
293 1970 454 2020 μεγάλην
473 1971 665 2016 ἐκκλησίαν
687 1972 778 2018 μήτε
798 1972 861 2008 τὰς
883 1970 949 2009 ὑπ’
973 1970 1088 2017 αὐτὴν
1112 1971 1229 2016 οὔσας,
1298 1974 1386 2010 tatis
1406 1974 1576 2010 maiorem
1597 1976 1786 2012 ecclesiam
1806 1986 1923 2022 neque
1946 1976 2013 2012 sub
2036 1987 2079 2012 ea
2099 1976 2314 2012 constitutas
2329 1986 2389 2012 ec-

138 2017 192 2052 ὠν
216 2015 306 2061 αὐτὴ
328 2017 395 2062 τὴν
417 2022 589 2065 χορηγίαν
613 2016 770 2061 ἐδέξατο,
794 2016 965 2067 καθάπερ
988 2016 1102 2063 αὐτὴν
1122 2018 1226 2054 Ἀνα·
1298 2020 1443 2064 desitis,
1478 2031 1629 2065 quarum
1656 2021 1737 2068 ipsa
1760 2021 2070 2067 praerogationem
2095 2022 2257 2068 suscepit
2282 2021 2391 2065 (sicut

139 2098 227 2134 talia
247 2101 284 2134 et
305 2097 431 2144 definit
452 2102 489 2134 et
508 2099 759 2146 persequitur,
786 2102 827 2135 at
851 2111 897 2135 ue
920 2099 960 2134 in
984 2099 1092 2136 rebus
1115 2099 1230 2135 solius
1252 2100 1504 2137 sanctissimae
1531 2102 1705 2139 ecclesiae
1725 2102 1906 2139 subsistit:
1936 2113 2052 2148 eaque
2078 2113 2217 2138 omnem
2243 2101 2389 2154 quidem

134 2142 348 2190 fallaciam,
379 2144 434 2179 uti
457 2148 542 2180 ante
564 2143 743 2188 diximus,
769 2145 822 2181 tol
835 2148 883 2187 it,
913 2156 1028 2192 neque
1056 2156 1141 2181 vero
1166 2145 1345 2182 malitiam
1367 2150 1602 2192 posterorum
1627 2147 1796 2184 cohibere
1825 2148 1959 2196 potuit.
2013 2146 2171 2191 Quidam
2191 2158 2285 2184 enim
2308 2147 2389 2184 iure

132 2189 329 2235 paroecico
353 2189 454 2236 quod
475 2193 628 2226 vocatur
649 2190 807 2233 invento,
835 2202 952 2237 neque
976 2191 1116 2226 nostris
1139 2190 1281 2237 leyibus
1306 2202 1424 2238 neque
1443 2191 1509 2227 alii
1530 2193 1687 2229 omnium
1710 2193 1778 2230 ulli
1805 2193 1966 2241 coquito,
1990 2203 2066 2228 non
2085 2193 2262 2240 exiyuam
2278 2193 2388 2239 frau-

137 2233 216 2271 dem
244 2233 419 2270 adversus
441 2234 536 2271 hanc
567 2235 682 2282 leyem
711 2236 830 2272 moliti
858 2240 963 2279 sunt,
1025 2240 1213 2283 erpetuam
1244 2237 1328 2282 fere
1358 2237 1616 2274 alienationem
1647 2239 1872 2275 meditantes.
1927 2237 2036 2282 Quod
2060 2250 2107 2274 ne
2129 2239 2168 2274 in
2193 2244 2387 2285 posterum

135 2280 240 2325 fieret
257 2291 327 2315 nos
322 2279 614 2360 dprohibuimus,
638 2291 687 2316 ex
705 2292 777 2327 quo
797 2281 911 2328 leyem
928 2281 973 2317 de
1015 2282 1048 2316 is
1070 2281 1179 2317 rebus
1202 2281 1493 2334 conscripsimus.
1530 2282 1611 2318 Iam
1629 2295 1714 2320 vero
1733 2284 1985 2331 emphyteuses
1999 2294 2145 2337 quoque
2162 2288 2387 2331 spectarunt,

137 2329 173 2361 et
189 2325 266 2361 veri
280 2336 321 2361 re
346 2329 420 2361 itus
440 2326 680 2371 quantitatem
693 2325 936 2373 emphyteutis
947 2326 1201 2373 qratificantes
1220 2326 1326 2362 valde
1343 2328 1602 2364 imminuerunt
1646 2329 1686 2364 ui
1704 2340 1822 2376 nuper
1838 2329 1947 2366 rebus
1962 2329 2212 2366 sanctissimae
2231 2339 2388 2376 maynae

137 2370 309 2406 ecclesiae
333 2374 547 2418 praeerant.
595 2368 728 2416 Itaque
756 2381 826 2406 nos
855 2371 894 2405 in
925 2371 1084 2417 quadam
1115 2371 1374 2407 constitutione
1403 2375 1533 2408 nostra
1566 2340 1792 2419 delinivimus
1825 2373 1990 2421 quidem,
2025 2378 2068 2410 ut
2094 2385 2139 2410 us
2165 2385 2211 2410 ue
2240 2374 2291 2410 ad
2313 2378 2388 2410 tres

137 2424 318 2462 personas
334 2415 409 2495 liat
429 2426 483 2451 em
513 2414 693 2467 hyteusis,
717 2419 754 2451 et
785 2426 865 2451 eum
896 2416 960 2461 qui
983 2415 1124 2462 accepit
1146 2419 1184 2450 et
1209 2414 1302 2451 duos
1328 2416 1424 2452 alios
1444 2427 1689 2461 successores,
1714 2423 1825 2465 atque
1846 2419 1887 2454 id
1908 2419 2016 2455 etiam
2040 2419 2080 2454 in
2103 2430 2144 2455 re
2167 2429 2211 2455 us
2233 2419 2386 2455 sanctis-

137 2460 250 2496 simae
272 2469 333 2496 ecc
348 2460 444 2497 esiae
494 2471 546 2496 ert
561 2460 805 2507 permisimus,
829 2460 1025 2496 sanximus
1054 2465 1184 2502 tamen,
1216 2471 1262 2496 ne
1282 2460 1382 2496 ultra
1405 2466 1549 2498 sextam
1566 2467 1715 2509 partem
1741 2475 1795 2499 em
1824 2463 1985 2511 hyteutis
2005 2464 2048 2500 ob
2070 2464 2254 2511 fortuitos
2277 2475 2387 2501 casus

138 2505 357 2548 remittatur,
388 2506 561 2552 quoniam
584 2508 795 2541 contractus
822 2510 894 2541 tam
919 2507 1035 2553 effuse
1066 2510 1103 2541 et
1130 2505 1242 2552 impie
1266 2517 1289 2541 a
1312 2506 1527 2552 quibusdam
1550 2508 1638 2544 iniri
1658 2509 1797 2556 accipie
1821 2520 1941 2552 amus,
1970 2514 2012 2545 ut
2033 2520 2079 2545 ne
2101 2513 2211 2546 sexta
2239 2509 2385 2556 quidem

135 2561 227 2598 pars
256 2550 507 2587 sanctissimae
537 2550 709 2587 ecclesiae
731 2551 1000 2604 relinqueretur
1022 2551 1176 2598 reliquis
1200 2551 1366 2587 omnibus
1384 2552 1638 2600 emphyteutae
1666 2554 1894 2591 condonatis.
1941 2555 2160 2590 Anastasius
2182 2565 2268 2592 vero
2291 2555 2386 2602 piae

137 2596 251 2632 sortis
273 2595 374 2648 quod
395 2596 602 2639 constituit,
627 2600 670 2632 ut
691 2596 951 2640 alienationes,
975 2596 1090 2632 sicubi
1112 2596 1153 2632 id
1174 2607 1319 2643 quoque
1343 2601 1483 2645 tempus
1502 2599 1639 2644 ferret,
1663 2600 1702 2636 in
1727 2604 1811 2636 aeta
1833 2600 2076 2647 refmentur,
2108 2603 2218 2647 atque
2236 2600 2383 2648 emphy-

138 2646 255 2678 teuses
271 2653 310 2677 tn
327 2645 411 2677 acta
430 2641 574 2688 quidem
595 2653 672 2678 non
694 2642 833 2678 relatas
852 2642 903 2678 ad
916 2643 1027 2679 vitam
1049 2642 1165 2678 solam
1185 2641 1287 2678 illius
1310 2643 1374 2690 qui
1397 2653 1462 2679 acc
1508 2644 1539 2680 it
1559 2644 1811 2693 emphyteusin
1832 2645 2010 2689 limitavit,
2035 2646 2128 2682 actis
2148 2646 2385 2693 consiynatas

136 2687 228 2723 adeo
251 2687 290 2722 in
319 2691 537 2734 perpetuum
565 2686 751 2723 extendit:
784 2698 830 2724 ne
856 2699 902 2724 ue
930 2691 1142 2724 accuratam
1170 2699 1215 2723 ne
1241 2699 1286 2724 ue
1309 2688 1432 2724 utilem
1484 2689 1554 2726 ecit
1576 2690 1710 2737 leyem,
1741 2694 1779 2727 et
1800 2691 1918 2739 plane
1944 2692 1994 2727 im
2021 2691 2217 2738 erfectam,
2246 2692 2313 2739 qui
2334 2691 2385 2727 ad

136 2733 252 2769 solam
275 2732 455 2769 dioecesin
472 2732 749 2780 patriarchicae
771 2744 811 2770 se
836 2744 869 2769 ts
893 2733 1001 2769 huius
1020 2733 1148 2780 felicis
1170 2744 1216 2768 ur
1238 2733 1283 2776 is,
1307 2733 1415 2770 sicuti
1459 2734 1608 2779 iximus,
1632 2736 1896 2783 leyislationem
1919 2747 1941 2772 r
2004 2737 2109 2784 yerit.

270 2778 300 2814 1.
348 2778 428 2814 Nos
447 2778 566 2825 iyitur
583 2778 670 2822 (iam
690 2779 784 2814 enim
803 2779 854 2814 ad
873 2778 986 2826 leyem
1010 2778 1223 2815 veniendum
1243 2781 1311 2822 est)
1335 2779 1530 2823 sancimus,
1558 2786 1602 2817 ut
1620 2793 1736 2829 neque
1757 2782 1988 2818 sanctissima
2011 2782 2119 2818 huius
2139 2781 2264 2830 felicis
2281 2782 2383 2819 urbis

136 2834 271 2871 mayna
293 2824 445 2860 ecclesia
467 2835 585 2871 neque
607 2835 703 2871 quae
724 2824 790 2860 sub
816 2824 883 2860 illa
906 2824 1127 2861 constitutae
1145 2827 1251 2867 sunt,
1284 2835 1440 2871 quarum
1462 2825 1546 2872 ipsa
1566 2832 1732 2874 sumptus
1753 2828 1916 2875 suscepit
1945 2827 2261 2874 (quemadmodum
2283 2829 2381 2864 Ana-

181 2918 201 2950 2
235 2914 431 2959 ἐκκλησίας]
465 2914 620 2963 μεγάλης
643 2915 828 2959 ἐκκλησίας
847 2918 878 2950 A
901 2916 912 2961 ΙΙ
939 2920 957 2952 3
981 2915 1066 2960 μὴν]
1089 2915 1161 2961 μὴν
1185 2914 1226 2950 δὲ

137 2957 356 3007 ἀνθρώπων
377 2962 408 2995 Α
438 2961 450 3006 ΙΙ
479 2965 498 2996 5
533 2959 624 3005 μηδὲ
653 2963 727 2996 τοῖς
750 2964 781 2995 A
808 2961 821 3007 ΙΙ
851 2964 872 2996 9
903 2961 942 3002 ἐξ
966 2961 1006 2996 οὑ
1034 2960 1100 2996 τὸν
1132 2959 1202 2998 dni

134 3004 291 3048 τούτων]
316 3009 348 3039 et
367 3017 429 3061 pro
452 3018 490 3040 eo
510 3008 584 3049 ipso
603 3018 622 3043 ς
640 3007 652 3051 ΙΙ
671 3009 711 3041 10
735 3003 861 3051 νόμον]
892 3008 970 3042 Cod.
986 3010 1016 3050 1,
1037 3015 1065 3048 2,
1079 3015 1113 3041 24
1133 3021 1187 3052 pr.

139 3055 175 3087 11
200 3049 324 3095 πολλῷ
341 3063 383 3085 το
399 3050 515 3086 ποσὸν
528 3052 708 3095 plurimam
721 3054 756 3095 (i.
771 3066 797 3086 e.
811 3048 917 3094 πολὺ)
939 3053 1160 3094 quantitatem
1175 3065 1194 3090 ς

139 3101 181 3132 14
205 3098 274 3131 *ἔν
296 3109 371 3131 τινι
392 3099 422 3138 ς]
446 3097 487 3131 ἔν
509 3107 584 3131 τισι
608 3099 650 3132 Μ
672 3099 713 3132 ἐν
735 3097 801 3141 μιᾶ
821 3098 863 3131 A.
900 3099 949 3141 Cfi
969 3098 1045 3132 Coa.
1061 3098 1081 3133 l.
1095 3111 1120 3132 c.
1140 3103 1188 3138 §5

139 3146 178 3177 15
198 3139 318 3188 ὁρίσαι
329 3144 407 3186 μὲν]
429 3139 564 3190 ὁρίσειν
576 3143 608 3177 A
626 3143 638 3187 ΙΙ
660 3146 697 3178 16
715 3139 779 3177 δύο
797 3139 979 3184 διαδόχων
992 3142 1139 3191 ἑτέρων]
1159 3141 1223 3178 δύο

136 3186 244 3222 αὐτοῦ
257 3185 524 3230 καταδιαδοχὴν
544 3187 699 3231 θνητῶν
712 3185 948 3234 κληρονόμων
960 3189 991 3222 A
1007 3188 1019 3232 ΙΙ
1042 3190 1080 3224 18
1104 3186 1222 3231 ἐκκλη-

138 3237 216 3267 σίας
225 3234 284 3275 Μ]
297 3230 448 3279 μεγάλης
459 3231 704 3276 cananaeus-A«,-
720 3233 732 3279 ΙΙ
750 3231 1034 3279 παρεάσαντεςᾼ
1047 3232 1060 3279 ΙΙ
1072 3236 1114 3268 22
1123 3232 1222 3267 τὰ-

135 3275 494 3322 καταλιμπάνεσθαι]
516 3277 647 3323 μικρὰν
659 3281 691 3313 A
709 3280 721 3322 11
738 3281 779 3313 27
804 3276 932 3312 τούτου
947 3278 1020 3320 Me]
1045 3279 1152 3313 τοῦτο
1165 3280 1196 3313 A
1209 3282 1223 3324 ss

136 3328 179 3359 29
207 3325 325 3358 ταῦτα
348 3325 380 3357 A
395 3323 407 3368 ΙΙ
427 3325 469 3358 32
492 3320 608 3367 μόνον
630 3325 662 3358 A
688 3323 700 3369 ΙΙ
718 3325 759 3358 38
785 3318 875 3366 αὕτη
899 3325 931 3357 A
946 3323 958 3368 ΙΙ
977 3319 1170 3364 ἀνεδέξατο
1189 3326 1222 3359 A

187 3385 198 3416 1
225 3383 303 3424 stat]
332 3383 466 3415 constat
489 3381 527 3415 V
532 3382 542 3401 ¹
564 3380 576 3426 ss
605 3383 624 3415 3
650 3384 772 3422 tamen]
798 3384 929 3414 tantum
953 3381 987 3415 V
991 3382 1002 3402 ¹
1023 3382 1035 3425 ΙΙ
1055 3385 1073 3416 5
1098 3385 1222 3415 uocant

137 3427 174 3461 V
182 3427 195 3471 ΙΙ
212 3427 422 3460 colonarium
441 3427 494 3460 ius
517 3446 524 3454 -
550 3426 758 3460 colonarium
780 3427 834 3459 ius
854 3426 935 3468 (col.
956 3427 1009 3460 ius
1030 3440 1093 3461 non
1107 3429 1222 3471 repetit

136 3473 198 3515 Rq
224 3475 283 3515 est,
302 3472 412 3506 ueluti
422 3473 455 3505 >si
472 3472 605 3505 domum
613 3472 787 3507 ualentem
809 3473 942 3505 centnm
963 3472 1087 3505 solidos
1107 3473 1219 3514 (quin-

137 3529 201 3560 que
226 3519 305 3552 add.
328 3518 370 3561 V,
398 3518 510 3551 decem
535 3519 612 3551 add.
642 3519 688 3558 T)
721 3520 754 3551 et
775 3519 997 3560 praestantem
1026 3518 1218 3561 pensionem

135 3563 257 3597 solidos
274 3564 385 3596 decem
406 3563 636 3604 (solidorumx
650 3563 704 3605 V)
722 3563 866 3606 accipiat
877 3563 952 3604 quis
971 3563 1013 3596 ab
1033 3563 1171 3597 ecclesia
1187 3566 1219 3597 et

137 3608 192 3642 det
214 3620 275 3653 pro
291 3620 338 3642 ea
360 3609 482 3642 solidos
503 3611 636 3642 centum
656 3619 714 3642 seu
728 3608 882 3651 amplius,
907 3610 966 3641 aut
989 3610 1076 3642 certe
1096 3610 1216 3651 minus,

137 3657 169 3687 et
193 3655 287 3697 quasi
318 3655 385 3687 iam
408 3655 448 3687 de
471 3655 608 3698 propria
635 3657 796 3696 aggrauet
824 3665 858 3687 se
883 3654 961 3686 dare
988 3655 1162 3696 (acgrauat
1184 3666 1217 3688 se

138 3709 250 3734 auare
268 3700 330 3742 R1)
350 3700 494 3742 singulis
517 3700 613 3733 annis
638 3700 732 3742 quasi
753 3699 923 3742 pensionis
941 3700 1075 3732 nomine
1094 3700 1217 3733 solidos

138 3748 213 3778 tres.
253 3746 319 3778 Iste
343 3755 422 3787 ergo
442 3745 630 3789 appellatur
652 3755 808 3788 paroecos
832 3746 974 3788 (pariens
996 3745 1070 3780 RV
1069 3746 1126 3789 T).
1161 3746 1217 3779 sed

1293 2918 1397 2960 ipsam
1419 2919 1498 2961 (upa
1511 2919 1561 2952 Β*
1584 2919 1674 2951 uiam
1690 2930 1756 2961 qua
1772 2919 1832 2962 3³)
1856 2920 1990 2953 domum
2009 2920 2071 2953 sub
2086 2922 2154 2955 tam
2173 2930 2280 2964 parua
2298 2931 2380 2964 pen-

1293 2963 1387 2995 sione
1399 2963 1436 2995 in
1447 2965 1645 3007 perpetuum
1655 2967 1688 2998 et
1702 2966 1772 3008 ipse
1785 2967 1818 2998 et
1831 2965 1967 2999 heredes
1980 2966 2051 3000 eius
2070 2966 2293 3010 possidebant.
2322 2967 2380 2999 ad-

1293 3008 1505 3041 inuenientes
1520 3011 1567 3050 (et
1579 3009 1750 3052 adina-V)
1771 3023 1796 3044 e.
1808 3023 1837 3054 q.
1852 3023 1878 3046 s.
1911 3011 2032 3046 Glossa
2050 3012 2245 3056 maryinalis
2258 3013 2292 3046 in
2305 3025 2379 3046 eon-

1294 3061 1409 3087 textum
1434 3055 1571 3098 inrepsit
1588 3054 1600 3098 ΙΙ
1617 3056 1637 3089 6
1657 3054 1788 3097 legibus
1812 3056 1934 3089 nostris
1958 3057 1991 3092 V
2005 3057 2017 3101 ΙΙ
2036 3055 2129 3090 *alie
2151 3056 2322 3091 cuiusdam
2344 3058 2379 3091 R

1293 3098 1514 3132 alicuiusdam
1537 3100 1571 3135 V
1591 3099 1653 3134 alii
1669 3101 1831 3143 cuiquam
1850 3103 1938 3145 vulq.
1964 3102 1976 3145 ss
2005 3104 2024 3135 7
2049 3104 2163 3136 uotam
2187 3102 2237 3136 Β*
2265 3104 2378 3136 notam

1293 3143 1344 3178 12²
1362 3143 1374 3188 H
1390 3146 1410 3178 9
1427 3155 1489 3177 nos
1508 3157 1566 3180 om.
1580 3145 1614 3178 R
1628 3146 1641 3189 ΙΙ
1662 3147 1703 3179 10
1724 3157 1763 3179 eo
1776 3159 1834 3180 om.
1848 3146 1898 3180 R¹
1916 3145 1928 3191 ΙΙ
1948 3149 1985 3181 11
2012 3147 2216 3190 enphiteosis
2226 3146 2276 3180 Β*
2296 3147 2377 3182 enfi-

1293 3190 1392 3222 teosis
1406 3190 1440 3223 T
1447 3190 1684 3234 emphyteosim
1693 3190 1731 3225 V
1737 3190 1958 3234 enphiteosim
1966 3191 2017 3226 R²
2034 3192 2046 3238 [Ι
2061 3192 2375 3236 τοεοτὶρεθῖοφθιεῖ

1291 3235 1342 3268 R¹
1362 3234 1650 3278 prospexeruntV
1663 3234 1677 3280 ΙΙ
1700 3238 1737 3270 12
1753 3237 1838 3278 ueri]
1858 3237 1940 3270 iusti
1950 3237 1988 3271 V
1991 3237 2005 3258 ³
2018 3239 2051 3272 in
2064 3250 2143 3280 ras.,
2165 3236 2217 3272 '1¹²
2233 3237 2287 3272 ius
2302 3238 2335 3273 T
2342 3237 2377 3283 Ἰ]

1291 3280 1390 3313 illiV
1397 3281 1406 3300 ¹
1425 3278 1438 3325 ΙΙ
1450 3281 1521 3322 qui]
1537 3281 1596 3322 qui
1615 3281 1657 3314 ad
1671 3281 1709 3315 V
1718 3278 1731 3326 ΙΙ
1749 3282 1960 3325 enphiteosin
1974 3283 2007 3316 R
2023 3290 2054 3316 et
2073 3285 2121 3317 sic
2140 3285 2174 3316 in
2191 3295 2281 3327 seqq.
2297 3285 2376 3328 fere

1292 3333 1476 3359 constanter
1494 3323 1506 3369 ΙΙ
1524 3327 1565 3360 13
1587 3325 1614 3358 ii
1631 3325 1712 3368 VT]
1737 3327 1788 3359 hii
1806 3327 1857 3360 Β*
1877 3328 1931 3360 his
1946 3328 1995 3361 R2
2017 3328 2055 3360 hi
2075 3328 2161 3372 vuly.
2180 3326 2194 3374 fl
2212 3329 2253 3364 14
2277 3338 2374 3373 prae·

1290 3382 1454 3423 sidebant]
1478 3370 1653 3424 {sidebant
1673 3383 1706 3416 V
1711 3383 1720 3404 ¹
1740 3381 1752 3427 11
1771 3385 1811 3418 15
1835 3386 1950 3418 nostra
1967 3383 2017 3418 Β*
2035 3382 2048 3429 ΙΙ
2063 3370 2285 3426 definimusR
2307 3384 2371 3420 dif-

1289 3427 1423 3460 finimus
1446 3427 1480 3461 V
1494 3426 1506 3472 ΙΙ
1528 3429 1568 3462 16
1592 3428 1809 3472 enphiteosyn
1829 3429 1864 3462 R
1889 3428 1903 3474 st
1928 3431 1966 3463 17
1994 3431 2026 3462 et
2047 3431 2160 3474 super]
2180 3430 2317 3474 insuper
2340 3434 2374 3465 et

1288 3473 1324 3506 in
1339 3472 1377 3506 V
1388 3472 1400 3517 ΙΙ
1419 3473 1459 3506 18
1480 3473 1704 3509 sanctissimae
1721 3487 1779 3507 om.
1795 3473 1828 3508 V
1842 3473 1854 3519 ΙΙ
1871 3474 2217 3520 permitententesRss
2238 3477 2279 3512 19
2302 3486 2372 3510 non

1288 3518 1379 3551 ultra
1402 3519 1513 3552 autem
1538 3517 1575 3552 V
1594 3517 1607 3562 ΙΙ
1630 3520 1673 3552 20
1698 3519 1927 3562 Ρετοίρίοῃῐυ
1949 3519 1986 3554 V
1993 3519 2003 3539 ¹
2051 3521 2090 3555 21
2116 3530 2195 3562 vero
2219 3521 2340 3558 seclusi
2357 3523 2372 3566 ΙΙ

1289 3565 1330 3598 22
1355 3562 1543 3605 reliquatur
1565 3563 1599 3597 R
1622 3563 1635 3609 ΙΙ
1658 3565 1702 3598 24
1725 3564 1967 3607 accipientibus
2043 3564 2061 3611 ΙΙ
2086 3566 2130 3601 26
2152 3566 2371 3602 alienationes

1289 3610 1339 3642 Ra
1354 3608 1367 3652 ΙΙ
1384 3608 1457 3641 fieri
1470 3608 1545 3652 V1u
1564 3610 1604 3643 27
1631 3608 1795 3642 enfiteosis
1814 3610 1846 3643 T
1866 3609 2146 3655 emphyteosinV
2159 3622 2200 3646 en
2224 3612 2369 3648 hiteosin

1288 3655 1320 3687 R
1342 3654 1454 3697 (vuly.)
1470 3653 1482 3697 [Ι
1501 3654 1544 3688 29
1860 3658 1898 3695 31
1923 3656 2126 3700 patriarchio
2140 3656 2174 3692 V
2186 3655 2192 3701 Ι
2218 3659 2259 3700 32
2283 3657 2368 3702 legi-

1286 3698 1520 3732 muslationem
1577 3700 1588 3720 ¹
1605 3698 1619 3744 ss
1635 3701 1677 3733 35
1697 3699 1786 3733 enim
1806 3713 1864 3734 om.
1877 3700 1927 3736 13¹
1943 3699 1957 3747 ss
1975 3703 2018 3737 36
2036 3702 2291 3741 sacratissimam
2308 3702 2369 3750 Ru

1286 3746 1328 3779 38
1353 3744 1425 3787 ipso
1450 3744 1488 3779 V
1493 3745 1504 3766 ¹
1521 3743 1802 3790 flpraerogatione
1826 3741 1865 3781 V
1872 3747 1883 3767 ¹
1906 3747 2112 3793 rogationem
2137 3747 2187 3783 Β*

2045 3806 2063 3838 7
2077 3808 2091 3824 ss

1591 3654 1750 3687 erfectum
1763 3654 1811 3688 ΕΙ
1827 3654 1840 3700 ΙΙ
