2618 4010
169 125 229 157 DE
258 123 435 158 NUP'mS

169 222 261 264 κατὰ
291 225 400 262 τοῦτο
430 224 508 259 τῶν
537 220 708 270 ἀδελφῶν
741 222 999 260 ἐλαττοῦσθαι.
1045 222 1105 259 Ἐκ
1129 222 1169 259 δὲ
1191 225 1253 268 τῆς

169 269 248 308 τῶν
270 281 300 305 π
323 267 497 316 αγμᾶτων
520 266 737 306 ἀκολουθίας
771 267 882 305 ταύτὸ
914 273 973 304 καὶ
997 272 1059 306 ἐπὶ
1082 272 1253 317 πατέρων

170 315 266 351 ἔστω
319 312 680 362 ευτερογαμοὺντων,
714 317 773 348 καὶ
807 314 1051 360 φυλαττέσθω
1082 318 1156 350 τοῖς
1184 317 1254 360 μὲν

170 359 209 397 ἐκ
233 360 297 395 τοῦ
321 372 349 398 π
373 363 495 407 οτέρου
518 359 631 407 γάμου
655 363 761 395 παισὶ
792 358 850 394 διὰ
880 360 948 405 τὴν
973 359 1253 410 δευτερογαμίαν

169 402 346 484 Ξκερδᾳν
379 407 458 438 εἶσα
490 405 614 451 προῖξ,
645 407 720 440 τοῖς
753 404 792 440 δὲ
824 404 1000 452 δευτέροις
1030 405 1075 441 τὰ
1107 410 1145 440 έκ
1173 407 1252 441 τῶν

194 453 365 496 ςυτὸρων,
398 446 466 484 κᾶν
497 452 528 484 εἰ
558 450 607 494 μὴ
638 450 727 497 πρὸς
749 455 890 497 τρίτους
915 450 935 486 ὁ
959 450 1079 499 πατὴρ
1102 450 1250 498 ἀφίκετο

168 494 308 542 roiam-

168 543 188 575 l
250 538 299 575 Τιὶ
321 538 365 574 δέ
384 554 424 587 γε
447 536 572 582 λοιπά,
603 536 723 574 ὁπόσα
755 543 815 576 ἐπὶ
845 543 923 576 τῶν
946 538 1124 576 τοιούτων
1156 544 1250 588 ἐκέρ-

170 582 281 638 δανεν
311 582 334 630 ἢ
361 583 382 621 ὁ
414 585 536 631 πατὴρ
566 582 588 628 ἢ
617 582 785 639 ήλμήτηρ
815 588 854 641 ,ἐκ
877 588 938 630 τῆς
968 585 1251 642 δευτερογαμίας,

1251 109 1326 158 171

1933 114 2041 158 Nov.
2072 114 2197 156 XXII
2233 116 2393 157 29-31

1321 227 1404 260 vota
1429 223 1643 269 migraverit.
1691 223 1748 258 Ex
1779 234 1897 260 rerum
1928 235 2012 261 vero
2044 226 2298 271 consequentia
2327 225 2398 262 hoc

1322 269 1440 314 ipsum
1462 274 1498 306 et
1515 270 1552 306 in
1571 269 1734 314 patribus
1759 270 1807 305 sit
1829 271 1986 307 secundo
2007 271 2151 316 nuptias
2173 271 2397 314 facientibus,

1322 318 1359 350 et
1375 317 1536 352 servetur
1556 325 1600 351 ex
1643 314 1730 350 riori
1750 315 1891 360 quidem
1909 317 2133 353 matrimonio
2152 316 2234 352 filiis
2249 319 2398 362 propter

1323 360 1483 396 secunda
1513 363 1600 396 vota
1638 363 1764 396 ucrata
1788 360 1868 404 dos,
1903 362 2068 398 secundis
2093 372 2234 407 quoque
2257 363 2320 408 <ex
2342 373 2397 398 se-

1288 410 1307 442 5
1323 405 1476 450 cumis),
1500 406 1586 442 licet
1608 416 1682 441 non
1705 405 1751 441 ad
1776 406 1884 442 tertia
1907 410 2010 452 pater
2033 407 2169 443 venerit
2191 410 2289 444 vota.

1321 543 1342 577 1
1387 541 1539 586 Reliqua
1569 551 1652 577 vero
1677 550 1921 586 quaecumque
1944 541 1981 576 in
2003 541 2136 576 talibus
2158 541 2320 577 lucratus
2343 545 2399 578 est

1320 589 1423 632 pater
1454 590 1518 622 aut
1541 590 1654 622 mater
1685 596 1731 622 ex
1753 586 1919 622 secundis
1944 586 2095 632 nuptiis,
2129 589 2193 621 aut
2216 598 2282 631 per
2303 588 2398 632 lega-

170 643 192 672 η
215 629 307 666 κατὰ
331 628 485 678 ληγάτον
508 644 617 686 τυχον
642 645 662 674 η
687 630 1000 677 φιδεϊκομμισσον,
1036 645 1078 666 ου
1107 646 1180 676 μην
1204 632 1252 666 εἰς
1269 636 1307 668 10
1321 637 1396 668 tum
1420 632 1542 668 forsan
1567 642 1631 667 seu
1653 631 1983 675 fideicommissum,
2018 642 2091 667 non
2115 635 2235 666 tamen
2258 632 2303 667 ad
2327 636 2398 667 ter-

169 678 309 733 τρίτους
327 673 526 719 ἐληλύθασι
543 688 692 723 γαμους,
717 679 833 712 ταῦτα
855 678 1184 722 συνανακραθέντα
1204 678 1249 724 τῇ

171 722 298 755 auvam
321 725 509 767 περιουσίᾳ
532 725 590 756 καὶ
613 720 684 756 ὑπὸ
709 726 845 768 τρίτων
874 719 915 755 οὗ
941 721 1167 756 σαλευθέντα
1190 736 1250 768 γα-

168 779 251 810 μων
274 769 413 809 μενέτω
438 763 528 813 παρ’
558 765 676 801 αὐτοῖς
699 765 861 810 ἀκίνητα,
886 769 946 800 καὶ
970 767 1018 801 εἰς
1042 766 1104 801 τὰς
1128 765 1252 801 αὐτῶν

172 808 220 845 ὠς
244 811 355 846 οἰκεῖα
381 810 546 854 διαδοχὰς
569 810 815 858 ἅφικνείσθω,
841 814 899 846 καὶ
923 811 1020 859 παρὰ
1045 810 1252 858 περιόντων

168 852 212 890 δν
234 853 429 901 βούλονται
454 855 666 891 διοικείσθω
690 855 836 904 τρόπον.

1321 678 1389 713 tias
1414 680 1588 713 venerunt
1618 678 1782 722 nuptias,
1815 677 1905 713 haec
1937 677 2128 713 commixta
2159 687 2283 712 eorum
2313 678 2398 713 sub-

1320 723 1477 758 stantiae
1507 725 1545 758 et
1575 733 1596 758 a
1627 723 1743 758 tertiis
1775 733 1848 758 non
1879 723 2044 758 mutilata
2067 722 2299 758 matrimoniis
2325 733 2398 758 ma—

1320 771 1429 803 neant
1452 769 1549 812 apud
1573 779 1635 804 eos
1658 768 1793 804 inmota
1824 772 1860 803 et
1892 768 1938 804 ad
1969 779 2091 804 eorum
2114 767 2211 803 velut
2234 768 2399 813 proprias

1320 814 1566 849 successiones
1591 814 1811 858 perveniant,
1838 816 1901 849 aut
1926 814 2032 849 etiam
2054 813 2306 858 superstitibus
2329 824 2398 858 quo

1264 861 1302 892 15
1317 858 1441 893 volunt
1466 859 1702 906 disponantur
1725 859 1841 894 modo.

1134 991 1292 1028 CAPUT
1315 992 1430 1027 XXX.

211 1058 355 1105 Ἐπειδὴ
380 1059 420 1095 δὲ
442 1059 488 1096 τὰ
511 1058 617 1107 κε’ρδη
642 1060 829 1102 πανταχοῦ
855 1057 946 1093 κατὰ
969 1059 1037 1104 τὴν
1061 1062 1126 1094 τοῦ
1146 1059 1250 1107 λόγου

168 1109 352 1150 συνέχειαν
377 1107 425 1141 εἰς
448 1105 510 1140 τὰς
532 1103 604 1140 ἀπὸ
627 1103 790 1147 τελευτῆς
814 1102 1008 1147 διαζεύξεις
1033 1106 1249 1149 ἐνομοθετή-

170 1164 300 1196 σαμεν,
336 1154 464 1196 βραχεῖ
494 1164 569 1185 τινι
605 1148 700 1196 λόγῳ
737 1147 878 1184 κάκεῖνο
915 1151 1157 1196 προςτίθεμεν
1192 1148 1249 1192 ὠς,

168 1194 287 1232 ὁπόσα
322 1194 532 1242 κερδάναιεν
573 1194 609 1229 οἱ
642 1198 756 1242 γονεῖς
793 1193 972 1242 ῥεπουδίῳ
1015 1194 1251 1230 διαλυθέντος

1370 1059 1460 1103 Quia
1492 1071 1575 1096 vero
1608 1061 1709 1096 lucra
1744 1061 1877 1106 ubique
1908 1060 2103 1096 secundum
2138 1060 2290 1096 rationis
2326 1060 2398 1095 fre-

1318 1105 1498 1149 quentiam
1520 1106 1557 1140 in
1575 1106 1830 1141 disiunctiones
1851 1116 1895 1140 ex
1915 1108 2028 1141 morte
2050 1106 2277 1150 sancivimus,
2302 1106 2399 1141 brevi

1319 1151 1472 1195 quodam
1496 1161 1657 1186 sermone
1682 1156 1718 1185 et
1733 1151 1822 1186 illud
1841 1151 2023 1194 adicimus,
2051 1152 2133 1195 quia
2154 1161 2400 1196 quaecumque

1319 1196 1449 1231 lucrati
1472 1195 1607 1231 fuerint
1630 1200 1796 1240 parentes
1828 1197 1977 1240 repudio
2011 1197 2129 1232 soluto
2160 1197 2399 1238 matrimonio,

168 1244 232 1277 τοῦ
255 1241 385 1295 γάμου,
419 1241 490 1294 εἴτε
524 1240 630 1293 bonax
650 1240 767 1284 gratia
798 1240 967 1276 σταλέντι
999 1242 1070 1276 εἴτε
1100 1245 1159 1276 καὶ
1190 1240 1249 1275 ἄλ·
1266 1244 1306 1275 20
1320 1241 1392 1276 sive
1421 1242 1516 1276 bona
1546 1242 1661 1285 gratia
1693 1242 1800 1277 misso
1834 1241 1906 1276 sive
1939 1243 2044 1276 etiam
2076 1242 2190 1285 aliter,
2230 1242 2303 1277 sive
2333 1253 2399 1287 per

169 1286 252 1329 λως,
285 1288 356 1321 eive
385 1298 481 1320 κατα·
507 1297 653 1332 προικος
684 1286 756 1320 εἴτε
788 1285 880 1320 κατὰ
912 1291 1154 1333 προγαμιαίας
1178 1285 1249 1321 δω-

167 1333 246 1378 ρεᾶς
269 1328 466 1376 πρόφασιν,
498 1332 614 1366 ταῦτα
638 1330 730 1366 κατὰ
753 1336 905 1375 μίμησιν
928 1333 1008 1366 τῶν
1037 1330 1110 1367 ἀπὸ
1132 1331 1247 1367 τελευ·

166 1378 227 1420 τῆς
250 1373 390 1422 κερδῶν
414 1372 563 1411 ἅπαντα
586 1375 830 1422 φυλαττέσθω
854 1380 928 1411 τοῖς
953 1382 1068 1412 παισί.
1115 1377 1247 1413 ταύτοῦ

167 1419 294 1458 τούτου
326 1420 594 1468 φυλαττομένου
626 1425 687 1456 καὶ
719 1424 779 1458 ἐπὶ
811 1423 890 1457 τῶν
922 1420 1110 1477 ἀπροίκων
1141 1437 1247 1470 γαμε-

1321 1286 1414 1322 dotis
1460 1287 1533 1322 sive
1575 1297 1639 1331 per
1675 1286 1912 1331 sponsaliciae
1950 1287 2126 1330 largitatis
2162 1288 2398 1329 occasionem,

1317 1333 1405 1367 haec
1438 1333 1485 1367 ad
1513 1332 1627 1366 instar
1657 1342 1701 1367 ex
1723 1335 1836 1367 morte
1868 1332 2047 1367 lucrorum
2073 1333 2189 1367 omnia
2214 1337 2400 1368 serventur

1316 1377 1409 1412 filiis.
1458 1377 1538 1413 Hoc
1570 1378 1664 1413 idem
1699 1378 1931 1413 custodiendo
1965 1378 2072 1412 etiam
2097 1388 2206 1423 super
2229 1378 2399 1413 indotatis

1316 1423 1501 1465 uxoribus,
1525 1422 1590 1458 ubi
1604 1433 1626 1457 a
1643 1423 1746 1458 nobis
1767 1422 1886 1467 posita
1912 1422 2120 1458 constitutio
2142 1424 2399 1468 procaeitatem

166 1469 254 1509 τῶν,
284 1467 383 1502 ἔνθα
406 1464 428 1511 ἡ
452 1464 544 1521 παρ’
571 1465 676 1512 ἡμῶν
706 1469 858 1503 τεθεῖσα
882 1466 1044 1523 διάταξις
1073 1482 1140 1512 την
1163 1481 1249 1523 προς
1261 1471 1302 1504 25
1316 1468 1467 1513 punivit.
1514 1468 1565 1503 Et
1588 1479 1661 1503 non
1686 1468 1934 1510 discernimus,
1960 1478 2005 1502 ex
2026 1468 2127 1503 cuius
2150 1468 2256 1512 culpa
2276 1468 2399 1503 matri-

167 1516 314 1548 πέτειαν
349 1515 608 1560 ἐτιμωρησατο.
657 1516 730 1547 Καὶ
765 1510 806 1548 οὐ
843 1511 1113 1559 διαφερόμεθα,
1149 1527 1250 1559 παρα

166 1562 262 1593 τίνος
286 1559 408 1593 αἰτίαν
431 1556 451 1592 ὁ
474 1555 585 1605 γάμος
607 1559 660 1602 τῷ
679 1557 860 1607 ῥεπουδίῳ
882 1556 1096 1594 διαλέλυται.
1134 1555 1247 1594 ὁπως-

167 1601 300 1647 δὴποτε
322 1602 391 1651 γὰρ
421 1600 468 1638 ἂν
490 1605 565 1646 ἔχοι
587 1603 632 1638 τὸ
657 1606 821 1652 πρᾶγμα,
854 1602 1073 1648 φυλάττεται
1096 1608 1157 1638 καὶ
1181 1603 1244 1639 ἐπ’

167 1651 315 1683 ἐκείνων
346 1649 388 1683 τὸ
419 1646 624 1695 κερδανθὲν
655 1652 729 1684 τοῖς
760 1652 798 1684 ἐκ
830 1651 909 1684 τῶν
938 1648 1066 1705 γάμων
1098 1652 1248 1685 ἐκείνων

1317 1514 1473 1549 monium
1491 1513 1640 1558 repudio
1662 1514 1709 1548 sit
1730 1513 1898 1548 solutum.
1937 1513 2170 1558 Quocumque
2190 1514 2285 1549 enim
2295 1514 2399 1549 modo

1318 1570 1357 1595 se
1381 1559 1513 1594 habeat
1536 1569 1658 1602 causa,
1688 1562 1852 1594 servatur
1876 1561 1912 1594 et
1936 1569 2043 1603 super
2066 1559 2137 1595 illis
2162 1560 2257 1604 quod
2282 1559 2399 1594 lucra-

1316 1606 1393 1639 tum
1418 1608 1473 1640 est
1496 1615 1539 1639 ex
1562 1605 1630 1639 iliis
1656 1604 1791 1649 nuptiis
1811 1604 1905 1646 filiis,
1930 1614 1976 1639 ex
1996 1605 2126 1648 quibus
2147 1606 2402 1649 processerunt

1316 1650 1401 1691 filii,
1428 1650 1502 1685 sive
1525 1650 1641 1695 prima
1666 1651 1783 1685 soluta
1807 1649 1879 1685 sint
1901 1650 2128 1685 matrimonia
2153 1650 2302 1695 repudio
2327 1650 2400 1685 sive

166 1698 314 1736 παισίν,
347 1694 385 1735 ἐξ
417 1693 471 1729 ὡν
502 1693 692 1740 προῆλθον
723 1695 759 1729 οἱ
781 1693 924 1737 παῖδες,
956 1697 1028 1730 ein
1049 1694 1085 1730 οἱ
1106 1697 1248 1742 πρῶτοι
1262 1698 1304 1731 30
1318 1696 1424 1731 etiam
1446 1696 1614 1738 secunda,
1636 1695 1721 1731 licet
1740 1695 1868 1731 tertiae
1887 1706 1960 1731 non
1984 1700 2129 1731 secutae
2150 1696 2222 1731 sint
2240 1695 2399 1741 nuptiae.

167 1736 389 1782 διελύθησαν
411 1738 518 1786 γάμοι
542 1738 723 1787 ῥεπουδίῳ
748 1742 819 1775 εἴτε
843 1744 903 1775 καὶ
927 1739 963 1775 οἱ
986 1739 1155 1789 δεύτεροι,
1180 1738 1248 1775 κᾶν

169 1785 198 1819 εἰ
222 1789 339 1832 τρίτος
368 1782 431 1820 οὐκ
455 1782 677 1829 ἠκολούθησε
699 1783 817 1833 γάμος.

1126 1875 1283 1912 CAPUT
1311 1875 1443 1910 XXXI.

219 1944 266 1979 Τὰ
290 1943 329 1979 δὲ
351 1947 435 1991 περὶ
462 1940 644 1988 αὖξήσεων
667 1939 689 1986 ἢ
711 1942 901 1987 μειώσεων
927 1945 1092 1988 προικῶν
1116 1940 1139 1987 ἢ
1163 1957 1248 1991 προ·

166 1994 350 2044 γαμιαίων
381 1988 532 2036 δωρεῶν
564 1989 701 2036 εἴρηται
731 1992 798 2033 μέν
829 2001 903 2023 τισι
934 1990 1013 2024 τῶν
1036 1990 1250 2036 ὲζαπροσθεν

1371 1943 1427 1978 De
1451 1943 1648 1986 augmentis
1681 1945 1802 1978 autem
1834 1945 1899 1977 aut
1931 1942 2234 1980 deminutionibus
2266 1944 2401 1981 dotium

1320 1992 1383 2024 aut
1414 1988 1711 2033 antenuptialium
1744 1988 1976 2024 donationum
2011 1988 2144 2024 dictum
2177 1990 2318 2034 quidem
2346 1994 2402 2027 est

166 2049 302 2078 νομων,
319 2033 420 2090 ,ἡμῖν
455 2033 496 2069 δὲ
529 2035 753 2089 ἐξείργασται
782 2033 1014 2090 τελειότερον,
1049 2036 1087 2069 οἵ
1112 2048 1154 2082 γε
1184 2037 1244 2068 καὶ
1259 2037 1300 2070 35
1313 2034 1494 2079 aliquibus
1544 2034 1699 2069 rioribus
1722 2033 1877 2078 legibus,
1912 2043 1934 2068 a
1958 2034 2062 2069 nobis
2087 2038 2207 2070 autem
2231 2046 2399 2080 perscru-

167 2093 408 2116 συνεστωτων
438 2082 516 2115 τῶν
538 2093 666 2127 γαμων
697 2080 760 2114 τᾶς
789 2077 845 2114 διί
880 2094 946 2115 τον
968 2079 1086 2128 γάμον
1112 2079 1248 2127 δωρεὰς

166 2122 229 2162 οὐκ
265 2125 444 2167 αὔξεσθαι
476 2123 608 2170 μόνον,
644 2122 733 2159 ἀλλὰ
764 2128 825 2159 καὶ
860 2125 900 2166 ἐξ
930 2122 1037 2173 ἀρχῆς
1072 2123 1247 2161 δίδοσθαι

167 2216 233 2254 bus
263 2217 461 2262 inferiores
491 2226 576 2252 esse.

1316 2083 1431 2115 tatum
1454 2089 1518 2124 per
1534 2079 1648 2115 ectius
1673 2081 1738 2122 est,
1764 2079 1826 2124 qui
1849 2078 1955 2114 etiam
1978 2080 2256 2116 consistentibus
2275 2082 2401 2117 matri-

1317 2125 1444 2160 moniis
1468 2128 1617 2170 propter
1641 2125 1785 2170 nuptias
1803 2124 2015 2161 donationes
2040 2135 2113 2160 non
2133 2127 2255 2171 augeri
2274 2127 2400 2169 solum,

637 2214 702 2252 Ea:
732 2226 854 2252 rerum
878 2227 962 2252 vero
996 2216 1255 2267 consequentia
1283 2214 1377 2250 idem
1409 2215 1517 2250 etiam
1549 2214 1593 2250 de
1615 2215 1790 2261 patribus
1820 2214 2000 2250 secundas
2022 2216 2172 2262 nuptias
2196 2216 2402 2253 ineuntibus

168 2261 346 2304 obtineat,
384 2264 617 2306 serveturque
645 2260 768 2295 liberis
799 2260 941 2306 quidem
972 2271 1022 2296 ex
1046 2270 1176 2307 priore
1212 2260 1443 2295 matrimonio
1477 2259 1576 2294 natis
1604 2262 1766 2305 propter
1795 2259 1973 2294 secundas
2011 2261 2162 2306 nuptias
2192 2261 2259 2297 dos
2292 2261 2401 2298 lueri-

166 2307 290 2353 Γαδία,
322 2306 489 2343 secundis
519 2316 603 2340 vero
636 2305 758 2341 liberis
788 2316 883 2351 quae
913 2316 963 2341 ex
993 2304 1161 2340 secundis
1196 2304 1335 2351 nuptiis
1363 2303 1588 2346 redundant,
1627 2304 1712 2339 licet
1738 2303 1788 2339 ad
1821 2304 1965 2339 tertium
1995 2305 2266 2341 matrimonium
2287 2311 2401 2354 pater

169 2362 243 2387 non
267 2352 410 2387 venerit.

168 2398 190 2434 1
257 2396 414 2442 Reliqua
437 2406 540 2436 vere,
572 2404 818 2441 quaecumque
847 2394 887 2428 in
917 2393 1050 2430 talibus
1074 2397 1188 2441 pater
1210 2393 1267 2429 vel
1286 2398 1400 2429 mater
1422 2404 1472 2429 eae
1494 2392 1663 2428 secundis
1685 2393 1825 2439 nuptiis
1853 2393 1909 2429 vel
1933 2405 2007 2440 per
2038 2393 2197 2441 leqatum
2219 2396 2322 2441 forte
2346 2397 2402 2433 vel

166 2441 481 2487 fideicommissum
505 2441 640 2476 lucrati
660 2444 757 2482 sunt,
781 2450 846 2475 nee
871 2443 989 2475 tamen
1013 2439 1063 2474 ad
1087 2439 1212 2475 tertias
1232 2439 1458 2474 transierunt
1479 2438 1639 2484 nuptias,
1673 2437 1762 2474 haee
1784 2437 1890 2474 bonis
1911 2449 2043 2483 eorum>
2062 2440 2262 2477 commixta
2285 2453 2401 2488 neque

166 2498 236 2534 per
261 2487 406 2523 tertium
429 2485 695 2522 matrimonium
720 2495 898 2520 concussa
922 2483 1024 2531 apud
1046 2485 1145 2531 ipsos
1169 2485 1316 2519 immota
1338 2488 1520 2525 maneant,
1553 2486 1589 2519 et
1613 2487 1797 2529 tamquam
1813 2484 1976 2530 propria
2000 2484 2051 2520 ad
2073 2485 2237 2531 ipsorum
2259 2497 2399 2523 sueces-

169 2543 272 2570 sores
322 2532 520 2574 erveniant,
544 2534 654 2577 atque
676 2530 760 2566 dum
783 2534 980 2576 supersunt
1002 2541 1074 2576 quo
1099 2529 1280 2566 voluerint
1302 2528 1408 2564 modo
1433 2528 1742 2564 administrentur.

402 2603 411 2613 .
442 2575 622 2620 Quoniam
638 2586 723 2612 vero
740 2574 784 2610 de
801 2575 914 2610 lucris
927 2574 1122 2611 seeundum
1140 2574 1318 2611 orationis
1333 2573 1606 2609 continuitatem
1623 2574 1720 2609 omni
1734 2576 1907 2620 exparte
1922 2574 1961 2608 in
1975 2573 2288 2619 disiunctionibus,
2305 2587 2400 2623 quae

167 2634 237 2671 per
255 2627 406 2658 mortem
423 2622 530 2668 fiunt,
553 2621 757 2663 sanximus,
781 2619 879 2656 brevi
898 2620 1077 2656 mentione
1094 2619 1162 2656 hoe
1178 2630 1322 2666 quoque
1341 2618 1525 2654 addimus:
1548 2623 1599 2661 ut,
1624 2629 1870 2665 quaecumque
1888 2623 2061 2665 parentes
2081 2621 2312 2663 matrimonio
2325 2633 2401 2669 per

169 2667 360 2715 repudium
382 2667 515 2711 soluto,
546 2667 622 2703 sive
644 2665 741 2702 bona
765 2665 889 2712 qratia
918 2666 1027 2701 misso
1058 2666 1132 2702 sive
1155 2666 1262 2701 etiam
1287 2664 1406 2707 aliter,
1438 2668 1504 2699 aut
1526 2663 1623 2700 dotis
1646 2667 1711 2700 aut
1733 2668 1818 2700 ante
1841 2675 1891 2699 nu
1921 2664 1991 2700 tias
2024 2664 2232 2701 donationis
2255 2667 2400 2703 nomine

171 2713 304 2750 lucrati
324 2714 417 2755 sint,
448 2711 537 2748 Ιιαεο
560 2711 610 2747 ad
631 2711 867 2747 imitationem
891 2711 1075 2747 lucrorum

1125 2721 1194 2746 uae
1227 2721 1295 2756 per
1318 2713 1468 2745 mortem
1492 2709 1686 2745 obveniunt
1717 2709 1840 2745 omnia
1885 2708 1994 2745 iberis
2022 2715 2222 2747 serventur.

170 2758 238 2795 Ιιοσ
267 2758 359 2794 idem
391 2758 499 2794 etiam
526 2760 689 2793 servetur
719 2756 759 2791 in
786 2756 962 2792 indotatis
992 2756 1105 2792 uxori
1129 2767 1190 2798 us,
1226 2755 1287 2791 ubi
1316 2754 1527 2790 constitutio
1559 2765 1583 2789 a
1614 2753 1719 2790 nobis
1750 2754 1826 2790 lata
1859 2755 2095 2791 temeritatem
2118 2757 2276 2803 punivit.

170 2804 443 2856 distinguimus,
473 2814 524 2839 ex
547 2803 649 2838 euius
681 2801 790 2848 culpa
821 2801 1088 2837 matrimonium
1118 2799 1270 2847 repudio
1293 2799 1451 2835 solutum
1472 2799 1529 2835 sit.

2280 2712 2331 2748 At
2355 2724 2400 2749 ue

1599 2798 1724 2835 Utcum
1753 2811 1795 2835 ue
1824 2800 1917 2835 enim
1948 2811 1987 2836 se
2009 2811 2069 2836 res
2091 2800 2232 2844 habeat,
2263 2802 2304 2839 in
2326 2769 2401 2839 ἰῑῗίζ

171 2860 315 2901 quoque
339 2849 393 2891 id,
425 2847 525 2900 quod
548 2847 782 2893 luerifaetum
807 2851 877 2890 est,
910 2847 1030 2883 liberis
1054 2846 1153 2882 illius
1175 2845 1412 2886 matrimonii,
1444 2844 1540 2880 unde
1564 2844 1666 2880 liberi
1689 2844 1717 2880 il
1731 2856 1742 2880 z
1771 2846 1961 2897 procreati
1985 2849 2087 2888 sunt,
2118 2851 2298 2891 servatur,
2327 2848 2401 2885 sive

169 2905 311 2942 primae
305 2905 383 2975 Χιὲι

172 2989 226 3022 est
249 2985 289 3020 in
313 2983 526 3031 quibusdam
551 2983 623 3029 leqi

412 2898 484 2929 tiae
506 2892 660 2939 repudio
684 2892 826 2928 solutae
848 2892 922 2927 sint
942 2892 1019 2928 sive
1041 2893 1149 2928 etiam
1172 2890 1364 2933 secundae,
1394 2890 1478 2925 ticet
1501 2890 1645 2926 tertium
1668 2890 1939 2926 matrimonium
1962 2895 2123 2927 secutum
2147 2903 2223 2927 non
2244 2894 2302 2929 sit.

410 2939 438 2974 Ι.
472 2958 476 2961 ·
499 2938 554 2974 De
576 2949 624 2973 au
651 2937 754 2972 endis
784 2947 869 2973 vero
894 2941 960 2974 aut
982 2936 1230 2974 deminuendis
1253 2935 1396 2971 dotibus
1428 2934 1486 2970 vel
1513 2937 1597 2971 ante
1627 2946 1677 2970 nu
1707 2935 1777 2971 tias
1808 2934 2066 2971 donationibus
2097 2936 2233 2973 dietum
2257 2937 2401 2984 quidem

624 2949 690 3018 ἕως
713 2986 821 3018 antea
845 2982 948 3025 latis,
981 2994 1004 3018 a
1035 2982 1140 3018 nobis
1170 2993 1255 3018 vero
1285 2992 1346 3017 res
1374 2979 1577 3027 perfectius
1608 2946 1702 3016 eleg2

1690 2984 1797 3016 orata
1827 2984 1900 3023 est,
1935 2981 2071 3028 quippe
2097 2982 2162 3034 qui
2186 2983 2293 3018 etiam
2316 2994 2400 3019 eon-

172 3034 290 3065 stante
311 3028 544 3065 matrimonio
569 3032 611 3064 ut
630 3030 786 3074 propter
809 3027 958 3074 nuptias
978 3027 1195 3064 donationes
1218 3037 1291 3062 non
1313 3025 1430 3061 solum
1452 3029 1668 3071 auqeantur,
1690 3025 1764 3061 -sed
1785 3025 1894 3061 etiam
1918 3029 1960 3062 ut
1981 3025 2026 3062 ab
2050 3026 2155 3063 initio
2176 3028 2273 3073 fiant
2292 3039 2401 3075 prae-

219 3123 237 3154 2
263 3116 500 3165 πραγμάτων]
526 3115 725 3171 προγάμων
751 3119 792 3151 Μ
806 3118 818 3162 11
839 3120 858 3153 3
883 3119 950 3162 μὲν
972 3131 1030 3152 om.
1048 3119 1095 3151 B'
1112 3118 1159 3161 115
1184 3120 1258 3153 τοῖς
1289 3122 1291 3154 ὲ

1374 3120 1388 3150 1
1415 3127 1493 3150 vero
1516 3130 1576 3151 om.
1598 3115 1655 3161 711
1673 3117 1692 3150 2
1718 3116 1878 3150 secundas
1894 3117 1979 3161 vulq.
1999 3117 2011 3160 11
2027 3117 2048 3152 3
2073 3119 2106 3150 et
2126 3131 2183 3151 om.
2197 3118 2231 3152 R
2249 3118 2299 3162 114
2321 3120 2403 3152 uota

172 3163 347 3211 δευτέροις
364 3160 404 3198 δὲ
428 3164 476 3198 Bl
493 3163 600 3208 11των
621 3161 811 3210 δευτέρων]
835 3164 900 3198 τοῦ
921 3160 1108 3208 δευτέρουῗ
1121 3164 1255 3198 ΖαεΙια-
1288 3156 1290 3200 l
1324 3163 1468 3196 secunda
1489 3162 1524 3195 R
1549 3161 1563 3206 11
1591 3161 1682 3194 lucta
1705 3161 1756 3195 R*
1778 3161 1791 3206 11
1806 3172 1863 3213 ἐκ
1885 3161 2039 3196 secundis
2065 3164 2195 3197 addidit
2216 3164 2363 3198 Berkius
2389 3162 2403 3210 11

171 3211 304 3301 ζιιῗιξσδν
314 3211 678 3299 ὓλὶἷιλγιδικόμμισσον
701 3254 750 3287 Β’
781 3250 1036 3299 φιδικόμμισον
1060 3255 1091 3288 L
1107 3253 1119 3298 11
1150 3256 1188 3289 12
1213 3250 1254 3288 οὗ

174 3315 233 3336 om.
247 3302 283 3335 B
301 3301 313 3345 11
342 3302 382 3335 14
405 3299 518 3333 οἰκεῖα
541 3298 644 3340 MBt]
669 3298 799 3333 οἰκείας
822 3299 893 3336 Βῑς
931 3298 1043 3332 οἰκίας
1066 3299 1116 3334 L²
1146 3299 1256 3333 εἰκίας

173 3348 222 3381 L*
238 3346 251 3391 11
282 3348 355 3387 καὶ]
380 3348 440 3378 aut
463 3345 562 3396 etiagn
587 3356 606 3381 ς
633 3344 645 3388 ΙΙ
672 3341 772 3391 παρὰ
795 3357 853 3378 om.
876 3343 954 3384 Βῑς,
979 3345 1040 3379 del.
1057 3345 1106 3379 L²
1130 3344 1143 3389 11
1171 3346 1254 3391 περὶ
1286 3371 1289 3388 ,
1322 3345 1396 3387 pria
1420 3344 1506 3387 vulq.
1535 3341 1548 3387 11

970 3387 978 3397 s

173 3388 296 3426 ὅντων
319 3392 368 3425 L²
404 3392 486 3436 περὶ
511 3401 565 3422 ων
586 3386 653 3423 τὸν
678 3389 727 3423 L²
799 3391 839 3423 18
870 3391 985 3434 βραχυ
1009 3390 1041 3423 L
1070 3390 1082 3434 11
1112 3393 1153 3425 19
1177 3403 1252 3435 κερ-

147 3465 149 3467 .
174 3435 323 3471 δάναιεν
431 3431 636 3480 κερδάνειεν
659 3435 728 3467 LB
795 3431 975 3482 ῥεπουδίω
998 3435 1054 3477 Μ]
1081 3432 1252 3481 διαζυγίῳ

173 3483 244 3518 LB
268 3484 365 3527 (idem
386 3495 414 3515 v.
440 3483 492 3514 13.
517 3482 570 3522 17)
589 3475 660 3523 1120
684 3482 909 3526 βοναγρατία
933 3481 963 3513 L
987 3476 1112 3528 ἀγαθῇ
1135 3479 1254 3526 χάριτι

174 3529 289 3569 Ls.v.‚
302 3528 339 3562 Β
355 3528 367 3571 11
386 3523 554 3560 σταλέντι
567 3526 761 3566 Heimbach]
775 3522 966 3559 σταλέντος
979 3525 1056 3559 libri
1072 3524 1084 3571 11
1102 3527 1143 3560 22
1163 3526 1253 3567 τῶν]

137 3588 139 3590 ’
174 3571 241 3615 τὴν
253 3574 284 3607 L
303 3572 316 3618 11
332 3574 374 3607 23
399 3568 530 3606 ταύτοῦ
543 3589 588 3595 --
601 3571 643 3605 26
658 3566 907 3617 ἐτιμωρήσατο
921 3583 980 3604 om.
994 3570 1065 3604 LB
1083 3570 1096 3617 11
1112 3573 1152 3605 25
1179 3568 1252 3605 διά-

175 3617 286 3660 ταξις]
316 3618 392 3652 Cod.
408 3620 537 3659 5,17,11
563 3617 594 3658 (c
612 3641 620 3648 .
637 3628 738 3658 supra
756 3628 828 3659 cap.
846 3617 900 3655 18)
930 3614 944 3658 11
971 3618 1013 3651 30
1037 3613 1084 3657 οἱ]
1108 3616 1140 3651 εἰ
1166 3617 1210 3652 L¹
1242 3615 1254 3662 11

175 3664 216 3699 31
244 3660 512 3706 διεληλύθησαν
531 3660 585 3705 L}
610 3663 650 3694 35
675 3657 892 3708 τελεώτερον
919 3660 960 3692 13¹

480 3209 528 3242 L¹
555 3210 567 3251 11
598 3211 618 3243 9
643 3206 664 3251 ἢ
686 3212 781 3252 prius
806 3209 969 3245 om.LBc
990 3208 1002 3253 11
1035 3211 1075 3243 10
1099 3205 1254 3251 φιδεικό-
1288 3208 1290 3227 '
1325 3210 1345 3242 8
1370 3210 1457 3242 rubr.
1489 3207 1526 3240 Si
1547 3206 1696 3249 legatum
1719 3217 1818 3239 uxon
1841 3207 1981 3240 maritus
2004 3207 2180 3250 reliquerit
2204 3208 2262 3242 uel
2285 3211 2402 3244 contra

1322 3254 1357 3287 R
1370 3266 1431 3298 my.
1462 3252 1475 3297 11
1505 3255 1542 3287 11
1569 3252 1701 3285 uenerit
1729 3252 1764 3286 V
1785 3252 1798 3295 11
1824 3252 2028 3286 substantiae
2050 3272 2095 3277 —
2119 3254 2161 3287 23
2185 3264 2285 3298 super
2306 3254 2402 3288 indo-

1323 3299 1402 3332 tatis
1425 3297 1623 3331 mulieribus
1646 3298 1718 3339 (sic)
1739 3297 1866 3330 ser-R2
1891 3299 1923 3331 in
1947 3311 2014 3331 ras.
2030 3301 2047 3332 7
2062 3299 2234 3342 versuumn
2263 3301 2304 3334 13
2323 3310 2401 3343 pro-

1581 3344 1623 3378 14
1645 3342 1881 3386 superstitibus
1903 3342 2008 3384 RV¹]
2043 3353 2063 3375 a
2085 3344 2318 3387 superstitibus
2350 3345 2402 3380 1⁷³

1322 3390 1406 3433 ναῖς.
1435 3388 1448 3433 11
1479 3390 1521 3422 16
1545 3390 1633 3421 rubr.
1671 3387 1707 3420 Si
1731 3387 1871 3431 repudio
1903 3388 2152 3421 matrimonium
2176 3388 2323 3424 solutum
2346 3391 2400 3433 sit,

1323 3434 1404 3476 quid
1425 3434 1527 3466 statui
1551 3435 1702 3476 oporteat
1733 3433 1772 3466 de
1804 3433 1908 3465 lucris
1932 3433 2141 3476 nuptialibus
2163 3434 2272 3479 qu.
2298 3435 2312 3480 11
2341 3435 2400 3469 ubi

1330 3481 1362 3512 V
1372 3479 1385 3523 11
1403 3477 1636 3520 frequentiam]
1663 3491 1705 3512 an
1725 3479 1786 3522 leq.
1800 3478 2096 3520 consequentiam?
2115 3479 2128 3523 11
2155 3481 2194 3515 18
2216 3480 2402 3515 addicimus

1330 3525 1360 3558 V
1375 3524 1387 3568 11
1405 3526 1445 3557 20
1470 3534 1530 3566 per
1550 3536 1609 3557 om.
1631 3523 1683 3558 Va
1698 3522 1710 3567 11
1730 3525 1768 3558 21
1792 3523 1970 3565 largitatis]
1991 3523 2182 3558 donationis
2203 3526 2236 3560 T
2250 3526 2262 3571 11
2278 3528 2323 3561 24
2341 3537 2401 3571 pa-

1320 3571 1493 3602 caeitatem
1516 3569 1566 3602 R¹
1583 3567 1596 3613 11
1614 3570 1655 3605 28
1669 3582 1716 3612 sq.
1742 3569 1820 3601 filiis
1846 3588 1886 3592 —
1911 3567 1975 3601 filii
1987 3576 2063 3612 post
2083 3579 2183 3613 super
2202 3570 2274 3605 illis
2286 3573 2330 3613 (υ.
2344 3573 2400 3613 27)

1320 3615 1391 3648 coll.
1403 3615 1433 3647 V
1448 3613 1460 3658 11
1476 3615 1519 3648 30
1533 3614 1675 3647 secund*
1690 3614 1738 3648 V²
1755 3612 1768 3658 11
1782 3615 1862 3655 non]
1875 3623 1935 3646 nec
1949 3614 1981 3647 R
1992 3613 2005 3656 11
2023 3616 2103 3648 sunt
2114 3616 2147 3649 R
2163 3615 2176 3662 11
2195 3618 2238 3652 33
2246 3619 2335 3651 rubr.
2351 3618 2400 3650 De

1320 3659 1472 3702 augenda
1503 3658 1558 3692 uel
1582 3659 1797 3692 diminuenda
1830 3659 1906 3692 dote
1938 3658 1994 3691 uel
2023 3661 2160 3703 propter
2182 3663 2320 3705 nuptias
2345 3662 2397 3695 do-

1321 3705 1457 3739 natione
1481 3704 1514 3737 R
1529 3717 1589 3751 my.
1610 3704 1622 3746 11
1646 3706 1686 3738 37
1713 3714 1834 3746 augere
1855 3703 1904 3737 Β*

2061 3762 2131 3796 22*
