2618 4010
272 149 378 193 Nov.
408 149 484 192 XC
513 150 550 191 8.
580 150 607 191 9

1331 144 1418 194 452

2185 164 2248 196 DE
2275 162 2486 197 'rnsmus

1236 282 1394 320 CAPUT
1419 282 1516 319 VIII.

325 343 469 390 Ἐπειδὴ
494 344 534 381 δὲ
556 343 741 391 ἐθήκαμεν
764 346 890 394 νόμον,
920 345 1009 385 ὦςτε
1038 353 1100 383 καὶ
1129 350 1190 384 ἐπὶ
1213 363 1345 395 χρημα-

270 393 381 425 τικιῦν
406 389 519 426 δικῶν
539 390 694 427 ἄκοντας
711 397 915 446 μαρτυρεῖνΞ
940 396 1089 428 ἐκείνων
1108 391 1171 428 οὐκ
1189 391 1344 448 ἀναγκα-

1471 348 1648 393 Quoniam
1670 359 1753 386 vero
1777 352 1960 396 posuimus
1981 354 2015 390 le
2039 364 2110 398 em,
2143 357 2184 390 ut
2210 354 2247 389 in
2271 353 2485 399 pecuniariis

1415 394 1533 430 causis
1574 395 1736 431 nolentes
1775 397 1958 433 testificari
1994 398 2018 434 il
2034 410 2073 435 os
2112 410 2184 435 non
2224 398 2485 444 compellendos

271 438 433 491 ζαμένων
449 436 519 480 τὴν
532 441 732 491 μαρτυρίαν
750 441 873 483 νέμειν
892 436 973 495 ὅσοι
995 442 1138 483 μεσῖται
1154 452 1347 494 γεγονασιν
1415 439 1654 475 testimonium
1674 439 1760 475 dare
1778 441 1839 485 qui
1854 446 1937 477 ante
1952 443 2161 480 mediatores
2181 444 2269 480 facti
2288 448 2372 479 sunt
2386 443 2485 488 ipsis,

271 492 405 523 αυτοις,
429 485 491 515 καί
508 492 602 516 τινες
616 484 852 528 αποχρῶνται
875 497 991 527 τουτῳ
1008 488 1068 518 καὶ
1082 488 1284 530 μαρτυρίαν
1301 497 1343 519 ου

269 524 463 569 βούλονται
494 529 627 571 νέμειν,
657 527 891 583 θεσπίξομεν,
923 529 1023 575 εἴπερ
1050 528 1220 576 ἑκάτερον
1241 531 1345 575 μέρος

269 575 455 627 συναινοίη
495 572 550 615 τῷ
583 575 710 620 μεσίτῃ
734 575 870 608 αυτῶν
901 577 1083 620 γενομένῳ
1120 575 1345 621 μαρτυρῆσαι

268 618 342 650 τοῖς
365 627 439 661 παρ
477 614 587 651 αὐτοῦ
611 616 821 664 λεγομένοις,
847 616 1118 666 ἀναγκάζεσθαι
1142 619 1255 654 αὐτὸν
1286 622 1346 653 καὶ

269 659 407 695 ἄκοντα
436 661 504 705 τὴν
526 667 728 709 μαρτυρίαν
751 666 888 707 νέμειν·
926 665 990 698 τοῦ
1015 663 1238 709 κωλύματος,
1265 662 1345 699 ’διό-

270 717 338 752 περ
375 703 488 741 αὐτὸν
518 706 654 742 ἄκοντα
684 711 878 753 μαρτυρεῖν
909 706 929 742 ὁ
954 710 1126 755 πρότερος
1157 707 1261 753 ἡμῶν
1283 710 1346 744 οῦκ

1414 489 1450 519 et
1473 485 1615 529 quidam
1639 485 1839 521 abutuntur
1869 486 1938 523 hoc
1968 491 2004 523 et
2033 488 2234 525 testimonio
2266 489 2393 525 nolunt
2422 488 2484 529 uti,

1380 533 1399 565 5
1414 530 1602 570 sancimus,
1627 530 1658 566 si
1679 534 1832 575 utraque
1854 541 1938 576 pars
1962 534 2169 576 consentiat,
2197 534 2292 580 quod
2314 533 2487 569 mediator

1414 584 1536 610 eorum
1566 575 1631 610 fiat
1659 575 1881 618 testificator,
1915 582 2172 623 componantur
2201 579 2293 615 enim
2325 589 2368 614 ea
2395 588 2487 623 quae

1414 621 1460 656 ab
1476 629 1518 656 eo
1535 620 1712 662 dicuntur,
1739 621 1947 666 compellere
1970 633 2050 658 eum
2070 625 2106 658 et
2125 623 2305 660 nolentem
2326 624 2485 660 testimo-

1414 665 1512 700 nium
1535 665 1732 711 perhibere,
1757 666 1997 711 prohibitione
2019 669 2167 714 propter
2189 679 2294 714 quam
2317 680 2396 705 eum
2422 679 2485 704 no-

1413 710 1543 745 lentem
1564 710 1752 746 testificari
1782 711 1944 756 primitus
1967 716 2091 747 nostra
2117 713 2230 750 noluit
2251 714 2309 750 lex
2340 716 2487 760 propter

269 746 441 806 ἦβούλετρ
463 750 586 794 νόμος,
618 750 677 787 διὰ
707 755 767 796 τῆς
791 757 1027 789 συναινέσεως
1058 756 1240 799 ἑκατέρων
1268 756 1346 790 τῶν
1362 758 1402 791 10
1415 765 1626 793 eonsensum
1650 756 1835 802 utriusque
1858 756 1972 802 partis
1996 757 2147 794 sublata.

267 797 390 841 μερῶν
413 800 646 844 ανῃρημείὀυ.

1247 889 1405 927 CAPUT
1428 890 1491 926 IX.

334 944 408 976 Καὶ
442 944 549 977 τοῦτο
584 941 624 978 δὲ
659 943 825 979 πολλάκις
861 947 1115 991 πραττόμενον
1148 946 1263 991 ἴσμεν,
1302 943 1349 982 ὥς
1473 947 1522 982 Et
1544 947 1614 982 hoc
1637 956 1721 982 vero
1744 945 1946 982 multotiens
1970 948 2091 982 actum
2115 947 2257 991 scimus,
2292 948 2387 993 quod
2409 947 2487 993 qui-

269 999 364 1022 τινες
393 985 416 1031 ἢ
446 987 545 1034 παρὰ
573 990 646 1023 τοῖς
676 991 754 1023 τῶν
776 990 906 1025 τόπων
930 989 1078 1026 ἐκδίκως
1109 989 1132 1035 ἢ
1156 992 1254 1037 παρὰ
1276 995 1349 1027 τοῖς
1417 992 1498 1027 dam
1529 996 1593 1027 aut
1615 991 1711 1044 apud
1741 991 1902 1028 locorum
1925 991 2127 1028 defensores
2157 996 2221 1028 aut
2243 992 2339 1038 apud
2363 992 2487 1029 claris-

269 1031 533 1079 λαμπροτάτοις
556 1034 633 1068 τῶν
652 1036 837 1080 ἐπαρχιῶν
861 1034 1030 1081 ἄρχουσιν
1054 1035 1077 1080 ἢ
1094 1035 1155 1071 καὶ
1178 1033 1226 1071 οἷς
1257 1037 1349 1072 εἰκὸς
1416 1038 1523 1072 simos
1547 1036 1810 1082 provmciarum
1833 1037 1967 1072 iudices
1990 1042 2053 1072 aut
2070 1037 2163 1073 forte
2187 1041 2241 1081 (ut
2259 1037 2408 1081 adsolet)
2429 1037 2489 1074 hie

269 1078 436 1112 ἐνταῦθα
467 1079 567 1123 παρὰ
596 1081 649 1122 τῷ
674 1078 920 1126 λαμπροτάτῳ
944 1085 1132 1128 μαγίστρῳ
1163 1083 1241 1116 τῶν
1265 1080 1345 1126 κήν·
1364 1085 1403 1118 15
1416 1082 1513 1127 apud
1548 1082 1662 1118 virum
1698 1082 1930 1117 clarissimum
1965 1082 2172 1126 magistrum
2207 1093 2336 1119 census
2373 1083 2487 1128 ingre-

269 1134 349 1157 σοιν
379 1122 543 1158 εἰςιόντες
575 1127 635 1158 καὶ
658 1123 900 1171 μεμφόμενοι,
936 1125 985 1161 ώς
1016 1126 1116 1173 παρὰ
1147 1126 1254 1162 τοῦδε
1285 1140 1347 1163 πε·
1416 1128 1562 1163 diuntur
1585 1131 1621 1163 et
1644 1131 1852 1171 queruntur,
1876 1132 2055 1172 tamquam
2074 1128 2121 1163 ab
2139 1128 2258 1174 aliquo
2274 1128 2488 1164 sustinentes

268 1167 452 1203 πονθότεε
481 1183 518 1204 τι
549 1168 763 1214 παράνομον
790 1169 813 1213 ἢ
842 1169 960 1206 ἄλλως
988 1169 1193 1226 ἠδικημένοι
1225 1171 1248 1216 ἢ
1271 1175 1347 1217 ἐζη-
1415 1172 1548 1218 aliquid
1573 1177 1699 1208 contra
1721 1172 1816 1216 leges
1847 1176 1911 1207 aut
1934 1173 2037 1208 aliter
2066 1173 2155 1208 laesi
2183 1176 2248 1209 aut
2271 1172 2489 1210 damnificati

267 1216 468 1268 μιωμένοια
475 1212 659 1261 μάρτυρας
691 1214 885 1260 βούλονται
921 1219 1250 1264 παραστησασθαι·
1286 1221 1347 1251 καὶ
1414 1220 1523 1254 testes
1547 1218 1705 1253 volentes
1727 1218 1942 1262 producere:
1987 1218 2055 1263 (et)
2085 1222 2127 1254 ut
2154 1229 2227 1255 non
2249 1219 2287 1254 in
2308 1223 2489 1264 posterum

269 1258 330 1292 ἵνα
363 1258 413 1302 μὴ
446 1272 596 1304 υστερον
631 1258 840 1304 ἀντιτεθείη
875 1259 1012 1304 αὐτοῖς,
1048 1259 1096 1297 ὥς
1131 1261 1223 1297 κατὰ
1257 1267 1346 1306 μίαν
1415 1267 1618 1308 opponatur
1639 1264 1700 1306 eis,
1722 1263 1818 1308 quod
1837 1263 1882 1298 ab
1899 1273 1971 1298 una
1988 1266 2092 1308 parte
2110 1267 2212 1308 gesta
2227 1267 2323 1305 sunt,
2347 1267 2488 1309 oportet

267 1306 399 1349 μοῖραν
418 1304 465 1338 τὰ
486 1308 722 1351 πεπραγμένα
745 1309 908 1350 συνέστη,
933 1305 988 1342 δεῖ
1009 1304 1174 1342 κάκεῖνον
1197 1310 1237 1342 έν
1254 1305 1344 1355 αὐτῇ
1360 1310 1402 1343 20
1414 1312 1451 1343 et
1473 1308 1572 1343 illum
1594 1308 1632 1343 in
1656 1318 1699 1343 ea
1720 1307 1861 1343 civitate
1881 1309 2112 1344 constitutum
2134 1309 2172 1344 in
2190 1319 2261 1353 qua
2279 1310 2488 1345 testationes

268 1350 313 1396 τῇ
350 1347 452 1383 πόλει
486 1350 707 1385 καθεστῶτα
742 1351 839 1386 ἔνθα
875 1352 915 1387 αἱ
946 1357 1140 1399 μαρτυρίαι
1172 1351 1346 1395 δίδονται,
1415 1353 1556 1395 dantur,
1586 1353 1807 1389 admonitum
1831 1363 1854 1388 a
1876 1353 1990 1388 iudice
2014 1354 2086 1389 sive
2109 1354 2296 1390 defensore
2319 1364 2487 1399 praesen-

268 1392 558 1438 ὑπομνησθέντα
580 1395 680 1441 παρὰ
702 1397 768 1430 τοῦ
789 1395 957 1442 ἄρχοντος
980 1396 1003 1442 ἢ
1025 1400 1089 1432 τοῦ
1115 1396 1253 1433 ἐκδίκου
1277 1410 1346 1433 πα·
1414 1404 1485 1434 tem
1516 1408 1595 1434 esse
1626 1401 1662 1434 et
1693 1398 1817 1434 audire
1847 1398 2113 1435 adtestationes.
2163 1399 2200 1435 Si
2220 1409 2302 1434 vero
2334 1399 2489 1434 noluerit

268 1440 490 1486 ραγενέσθαι
520 1443 581 1474 καὶ
611 1437 760 1475 ἀκοῦσαι
789 1444 867 1476 τῶν
897 1444 1115 1489 μαρτυριῶν.
1163 1445 1194 1477 εἰ
1225 1442 1265 1478 δὲ
1295 1443 1345 1487 μὴ
1415 1443 1596 1488 advenire,
1632 1443 1695 1479 sed
1725 1444 1918 1488 respuerit,
1952 1448 1994 1479 ut
2024 1454 2069 1479 ex
2099 1445 2168 1480 hoc
2202 1444 2247 1479 ab
2278 1454 2351 1480 una
2387 1449 2488 1489 parte

268 1483 465 1529 βουληθείη
489 1487 774 1532 παραγενέσθαι,
807 1484 899 1521 ἀλλὰ
923 1486 1165 1530 διαπτύσειεν,
1198 1485 1286 1523 dim
1309 1491 1347 1523 ἐκ
1415 1489 1617 1524 testimonia
1649 1489 1786 1532 dentur,
1819 1492 1860 1524 ut
1888 1489 2084 1525 secundum
2114 1490 2182 1525 hoc
2210 1490 2328 1534 ipsum
2350 1489 2488 1525 inutilia

268 1530 331 1563 τοῦ
363 1530 456 1564 κατὰ
481 1534 571 1575 μίαν
592 1534 724 1576 μοῖραν
747 1530 921 1567 δίδοσθαι
951 1534 1015 1568 τὰς
1037 1537 1232 1579 μαρτυρίας
1260 1533 1343 1567 κατ’
1361 1536 1402 1569 25
1415 1544 1505 1576 esse,
1538 1534 1716 1570 sancimus
1746 1533 1950 1570 huiusmodi
1979 1535 2190 1571 testationes
2220 1535 2272 1570 ita
2294 1536 2414 1570 tenere
2444 1545 2487 1570 ac

270 1571 359 1608 αὐτὸ
389 1576 499 1610 τοῦτο
527 1575 723 1622 ἀχρήστους
751 1577 860 1621 εἶναι,
892 1578 1117 1623 θεσπίζομεν
1140 1580 1203 1613 τὰς
1225 1579 1346 1613 τοιαύ-
1415 1579 1446 1614 si
1468 1590 1540 1614 non
1564 1590 1607 1614 ex
1631 1589 1703 1614 una
1733 1584 1835 1623 parte
1859 1579 2074 1615 constitutae
2097 1580 2183 1622 sint,
2215 1580 2278 1615 sed
2307 1582 2487 1624 tamquam

268 1631 332 1654 τας
353 1624 548 1667 μαρτυρίας
571 1619 668 1656 οὕτω
692 1626 846 1667 κρατεῖν,
877 1620 924 1657 αἶς
948 1622 995 1658 ἂν
1018 1625 1049 1658 εἰ
1071 1624 1120 1668 μὴ
1143 1627 1347 1669 μονομερεῖς
1414 1634 1457 1660 eo
1478 1628 1665 1670 praesente
1687 1624 1807 1660 factae
1826 1624 1907 1660 sint.
1952 1625 1990 1660 Si
2009 1624 2103 1660 enim
2126 1625 2342 1661 recusaverit
2366 1630 2401 1660 et
2423 1625 2486 1660 ad-

269 1665 466 1711 ἐτύγχανον
490 1668 614 1708 οὖσαι,
639 1664 730 1701 ἀλλὰ
754 1671 813 1701 καὶ
837 1665 947 1703 αὐτοῦ
972 1668 1150 1715 παρόντος
1174 1671 1229 1715 έγε
1254 1669 1346 1703 ὀνει-

269 1722 347 1745 σαν.
394 1711 426 1744 εἰ
447 1710 517 1757 γὰρ
541 1711 807 1757 παραιτήσαιτο
837 1716 898 1747 καὶ
922 1713 1047 1748 ἐλθεῖν
1076 1713 1126 1759 μὴ
1148 1683 1345 1759 βουᾶθείη

322 1814 349 1835 e.
361 1801 425 1835 IX
438 1803 481 1835 in.
495 1801 508 1844 (
509 1827 629 1835 ......
643 1804 719 1845 453,
733 1811 749 1837 5
765 1803 969 1837 videbuntur
984 1805 1118 1847 quidem
1135 1816 1174 1838 ex
1189 1805 1364 1848 utriusque
1383 1806 1569 1849 praesentia
1589 1806 1691 1849 facta)
1715 1808 1890 1841 versionem
1909 1806 2043 1840 latinam
2060 1805 2227 1848 aliquanto
2244 1807 2485 1840 emendatiorem

268 1859 309 1881 ea
331 1859 415 1890 quae
439 1848 472 1881 in
488 1847 678 1881 Anthentico
702 1856 749 1882 est
771 1850 896 1883 exhibet
922 1849 1100 1892 Greyorz'us
1124 1851 1269 1894 Maynus
1294 1852 1326 1884 in
1351 1852 1490 1894 epistula
1515 1864 1545 1885 a.
1561 1853 1626 1885 603
1651 1853 1775 1895 scripta
1798 1851 1905 1895 Epist.
1928 1852 1979 1892 13,
1999 1858 2045 1892 45,
2078 1852 2135 1883 ubi
2155 1851 2273 1884 citatur
2294 1848 2485 1885 ‘constitutio

269 1893 395 1925 novella
419 1904 502 1936 quae
527 1894 566 1926 de
591 1894 720 1927 testibus
744 1894 883 1937 loquitur
907 1907 934 1928 c.
957 1890 1012 1929 16’
1038 1895 1191 1940 (Greqor.
1218 1896 1303 1939 Opp.
1320 1896 1363 1930 ΙΙ
1389 1898 1472 1931 1255
1493 1898 1541 1930 ed.
1557 1898 1858 1934 Benedictinorum;
1885 1898 2066 1930 accuratius
2090 1897 2257 1939 epistulam
2281 1909 2320 1930 ez
2343 1898 2485 1930 codicum

259 1938 335 1979 fide
358 1938 461 1971 edidit
483 1937 603 1972 Rauda·
624 1939 661 1972 di
679 1938 789 1973 Vesme
813 1941 885 1973 Atti
906 1940 994 1974 della
1017 1940 1060 1973 R.
1082 1942 1276 1975 Accademia
1302 1942 1384 1974 delle
1409 1943 1542 1975 Scienze
1566 1944 1603 1975 di
1627 1943 1747 1976 Torino
1769 1942 2018 1983 V(1869—7o)
2044 1941 2108 1974 250
2121 1953 2202 1984 sqq„
2235 1942 2318 1975 unde
2343 1942 2485 1976 lectionis

268 1983 519 2026 discrepantiam
543 1984 694 2025 enotavi).

403 2060 501 2098 VIII.
548 2059 727 2103 Quoniam
750 2064 868 2097 autem
892 2061 1004 2107 leqem
1030 2062 1186 2105 tulimus,
1218 2066 1259 2098 ut
1282 2063 1389 2098 etiam
1421 2063 1461 2098 in
1482 2063 1706 2109 pecuniariis
1736 2063 1856 2099 causis
1878 2063 1982 2099 inviti
2006 2062 2244 2098 testimonium
2268 2063 2409 2107 dicant,
2441 2077 2486 2101 ne

270 2110 388 2143 tamen
418 2106 474 2141 illi
507 2106 747 2142 testimonium
776 2105 966 2158 perhibere
995 2111 1186 2153 coquntur,
1217 2108 1283 2153 qui
1303 2107 1519 2144 mediatores
1544 2107 1713 2154 partibus
1742 2109 1907 2154 fuerunt,
1938 2113 1974 2143 et
1998 2107 2164 2142 nonnulli
2196 2107 2264 2143 hoe
2287 2109 2486 2146 abutuntur

268 2163 382 2198 neque
414 2151 652 2187 testimonium
675 2150 870 2198 perlabere
900 2151 1034 2194 volunt,
1066 2153 1258 2195 sancimus,
1290 2156 1332 2188 ut
1363 2153 1539 2199 siquidem
1569 2157 1725 2205 utraque
1750 2163 1845 2198 pars
1876 2152 2075 2188 consentiat
2104 2163 2182 2188 eum
2213 2153 2277 2199 qui
2307 2154 2486 2191 mediator

267 2198 357 2244 ipsis
384 2196 503 2242 fuerit
526 2196 764 2232 testimonium
794 2196 945 2232 reddere
971 2207 1096 2233 eorum
1126 2208 1221 2243 quae
1244 2197 1288 2232 ab
1313 2198 1392 2244 ipso
1418 2198 1515 2233 dicta
1538 2199 1622 2240 sint,
1654 2197 1715 2233 ille
1738 2199 1844 2233 etiam
1875 2197 2009 2233 invitus
2033 2197 2269 2233 testimonium
2297 2199 2485 2245 perhibere

267 2246 442 2289 coyatur:
478 2252 558 2278 cum
589 2240 878 2287 impedimentum
898 2246 1057 2324 ffropter
1085 2242 1185 2288 quod
1213 2242 1362 2278 invitum
1392 2254 1472 2278 eum
1504 2243 1742 2278 testimonium
1765 2243 1884 2278 dicere
1910 2244 2015 2289 prior
2039 2242 2101 2278 lex
2123 2246 2249 2278 nostra
2272 2244 2389 2280 noluit
2412 2257 2485 2291 per

267 2297 477 2323 eonsensum
501 2286 689 2332 uniusque
739 2286 831 2322 artis
852 2297 895 2322 su
920 2287 1031 2323 latum
1054 2287 1112 2323 sit.

399 2331 463 2367 IX.
512 2331 675 2367 Ceterum
724 2342 767 2367 oc
789 2342 933 2379 quoque
950 2343 1070 2385 >saepe
1097 2332 1183 2379 fieri
1210 2332 1353 2376 scimus,
1383 2337 1425 2369 ut
1447 2332 1594 2380 quidam
1626 2332 1682 2369 vel
1709 2331 1759 2368 ad
1788 2331 1952 2368 locorum
1975 2332 2187 2378 defensores
2213 2332 2270 2368 vel
2289 2333 2339 2369 ad
2359 2334 2483 2370 claris-

267 2378 377 2414 simos
394 2377 667 2424 provinciarum
684 2376 877 2423 praesides
903 2377 960 2414 vel
981 2382 1087 2414 etiam
1111 2377 1170 2413 hic
1199 2381 1241 2413 ut
1260 2389 1334 2425 par
1364 2382 1420 2414 est
1442 2377 1491 2413 ad
1513 2377 1752 2413 clarissimum
1775 2377 1986 2424 maqistrum
2018 2388 2144 2413 census
2175 2377 2348 2414 adeuntes
2376 2390 2484 2426 seque

267 2422 312 2459 ab
332 2422 459 2469 aliquo
483 2421 600 2468 iniqui
622 2421 763 2468 aliquid
775 2433 850 2474 per
877 2433 974 2458 essos
997 2422 1055 2459 vel
1075 2423 1182 2459 aliter
1205 2423 1341 2458 iniuria
1363 2423 1420 2459 vel
1441 2422 1572 2458 damno
1596 2423 1751 2468 affectos
1773 2433 1851 2458 esse
1880 2427 2069 2468 querentes
2093 2427 2197 2458 testes
2219 2423 2328 2459 velint
2342 2425 2483 2470 produ-

267 2479 368 2504 cere:
405 2471 514 2519 atque
535 2478 581 2503 ne
597 2473 732 2513 postea
756 2467 801 2502 its
824 2433 1002 2504 officiatur
1024 2479 1099 2504 una
1121 2468 1235 2503 solum
1258 2472 1367 2514 parte
1388 2472 1580 2514 praesente
1601 2479 1695 2514 quae
1717 2471 1801 2503 acta
1824 2470 1908 2502 sunt
1925 2467 2082 2520 probata
2105 2478 2191 2510 esse,
2217 2472 2363 2514 oportet
2383 2469 2484 2505 illum

266 2523 411 2566 quoque
443 2523 482 2547 m
510 2512 594 2559 ipsa
626 2513 769 2548 civitate
796 2511 982 2560 deqentem
1013 2513 1074 2549 ubi
1107 2513 1310 2549 testimonia
1342 2512 1487 2557 dantur,
1519 2513 1740 2549 admonitum
1762 2524 1786 2547 a
1803 2511 1977 2559 praeszde
2003 2512 2059 2548 vel
2080 2512 2273 2558 defensore
2303 2513 2428 2550 adesse
2450 2518 2484 2551 et

268 2557 470 2595 testimonia
493 2557 631 2592 audire.
678 2556 720 2592 Si
742 2568 826 2593 vero
850 2558 1011 2594 noluerit
1033 2558 1170 2600 adesse,
1194 2558 1259 2594 sed
1280 2558 1469 2605 respuerit,
1494 2560 1547 2594 ita
1570 2562 1611 2594 ut
1633 2569 1683 2594 ex
1700 2568 1742 2594 eo
1766 2557 1847 2604 ipso
1872 2557 1970 2603 quod
1991 2568 2065 2593 una
2090 2561 2225 2592 tantum
2247 2563 2355 2605 parte
2403 2570 2483 2595 rae-

266 2607 366 2640 sente
395 2603 526 2639 dentur
558 2602 760 2638 testimonia
783 2603 926 2639 inutilia
949 2603 1031 2646 sint,
1060 2604 1260 2646 sancimus,
1291 2609 1334 2639 ut
1362 2603 1536 2639 eiusmodi
1569 2603 1770 2639 testimonia
1799 2602 1852 2638 ita
1875 2602 2020 2638 valeant
2049 2606 2158 2649 atque
2186 2604 2221 2638 si
2248 2614 2320 2654 non
2342 2615 2366 2639 a
2410 2615 2484 2640 una

264 2655 373 2696 parte
395 2652 515 2684 essent
536 2647 645 2690 diota,
676 2647 741 2683 sed
762 2648 843 2694 ipso
875 2659 1019 2696 quoque
1044 2653 1241 2696 praesente
1273 2648 1360 2684 data
1381 2649 1550 2694 fuissent.
1597 2647 1693 2683 Nam
1715 2648 1748 2683 si
1771 2647 1992 2683 recusaverit
2019 2652 2053 2683 et
2077 2648 2197 2683 venire
2227 2652 2335 2694 atque
2357 2649 2485 2685 audire

336 2743 351 2775 1
377 2737 505 2783 νόμον]
535 2739 612 2773 Cod.
631 2740 662 2780 4,
680 2746 776 2777 20,16
801 2740 856 2783 (cf.
877 2740 924 2780 19)
953 2737 966 2783 ΙΙ
994 2741 1054 2772 καὶ
1078 2753 1135 2773 om.
1157 2752 1177 2776 ς
1204 2739 1217 2783 ΙΙ
1246 2741 1266 2773 2
1293 2736 1344 2772 δι·-

267 2785 345 2819 κῶν
368 2798 427 2819 om.
451 2783 604 2818 Nomoc.‘²
628 2784 641 2828 ΙΙ
668 2785 687 2817 3
709 2780 801 2826 ὅσοι]
826 2783 886 2838 qui
909 2787 986 2816 ante
1009 2796 1029 2820 ς
1045 2785 1058 2827 ΙΙ
1084 2787 1105 2818 4
1129 2783 1261 2827 τούτῳ]
1286 2786 1344 2817 καὶ

266 2828 385 2873 τούτῳ
411 2830 461 2863 La
490 2828 502 2873 ΙΙ
529 2830 549 2863 6
572 2829 626 2862 τῶ
650 2831 775 2872 μεσίτη
805 2829 929 2863 αυτῶν
959 2831 1141 2874 γενομένω
1164 2829 1344 2874 μαρτυρῆ-

267 2887 329 2910 σαι
342 2876 399 2916 Μ]
423 2875 477 2908 τῶ
500 2876 626 2918 μεσίτη
651 2870 773 2907 αὐτῶν
796 2876 977 2920 γενομένω
1001 2872 1253 2917 πειθήσεσθαι
1275 2875 1342 2908 Νο-

269 2920 393 2955 mamam
418 2917 482 2954 τὸν
496 2921 647 2963 μεσίτην
666 2915 787 2952 αὐτῶν
804 2916 998 2964 γινόμενον
1015 2920 1258 2965 μαρτυρῆσαι·
1284 2916 1344 2964 ἀρ-

268 2963 486 3008 κεσθήσεται
505 2963 577 3011 γὰρ
594 2966 623 2997 L
648 2963 715 2997 τὸν
730 2967 881 3007 μεσίτην
902 2960 1022 2997 αὐτῶν
1040 2963 1237 3010 γενόμενον
1256 2977 1344 3008 μαρ-

267 3011 419 3057 τυρῆσαι
434 3011 639 3054 (μαρτυρεῖν
651 3009 726 3051 Βθ),
750 3011 809 3042 καὶ
826 3005 1124 3053 ἀρκεσθήσεσθαι
1139 3007 1343 3053 (θήσεσθαι

270 3059 384 3090 omisso
407 3057 467 3088 καὶ
484 3055 533 3088 B⁸
549 3067 578 3087 υ.
593 3056 626 3096 l.)
653 3054 723 3095 B‘?‚
749 3067 815 3088 cum
840 3055 1034 3087 Haloandro
1052 3056 1140 3099 vulq.
1165 3055 1254 3097 quod
1276 3065 1342 3087 me—

270 3102 377 3135 diator
402 3111 515 3133 eorum
544 3099 602 3132 fiat
625 3100 832 3133 testificator:
872 3103 1112 3143 componantur
1135 3102 1223 3133 enim
1255 3100 1288 3141 (i.
1315 3112 1341 3132 e.

269 3143 526 3188 συνθήσεσθαι
539 3145 610 3190 γὰρ
618 3144 648 3187 ⁶3)
665 3156 684 3181 ς
706 3146 779 3185 (καὶ
803 3144 852 3191 φῇ
876 3144 1124 3178 συντίθεσθαι
1143 3158 1181 3178 ex
1197 3146 1343 3188 Epitome

270 3194 316 3225 ad
337 3192 514 3224 Prochiron
533 3197 654 3223 mutata
676 3191 729 3232 27,
742 3197 777 3223 56
801 3192 881 3223 citat
898 3190 1098 3231 Zachariae)
1124 3190 1136 3232 ΙΙ
1161 3193 1179 3223 7
1200 3191 1342 3236 γενομέ-

269 3246 342 3271 νοις
356 3237 386 3270 L
404 3235 417 3279 ΙΙ
434 3237 454 3270 8
468 3233 536 3277 τὴν
556 3248 614 3269 om.
629 3235 680 3268 B!
698 3234 710 3279 ΙΙ
736 3237 775 3269 10
789 3231 957 3278 ἐβούλετο
975 3235 1022 3268 B⁸
1039 3235 1051 3278 ΙΙ
1072 3236 1110 3269 13
1124 3235 1202 3269 τῶν
1218 3248 1275 3268 om.
1290 3235 1321 3267 L
1333 3233 1345 3277 {l

274 3284 315 3316 14
337 3279 359 3324 ἢ
381 3282 453 3322 καὶ]
478 3281 537 3313 καὶ
561 3293 618 3314 om.
637 3281 685 3313 B⁸
701 3293 729 3313 v.
745 3281 764 3313 l.
782 3279 795 3323 ΙΙ
823 3282 862 3314 18
886 3276 1081 3323 βούλονται
1104 3278 1283 3325 μάρτυρας
1295 3279 1344 3312 B·

269 3330 368 3361 testes
391 3325 539 3358 volentes
563 3336 583 3361 ς
600 3324 613 3369 ΙΙ
628 3324 883 3368 παρίστασθαι
899 3326 946 3358 Β*
963 3338 991 3358 v.
1002 3326 1021 3357 l.
1039 3326 1051 3368 ΙΙ
1078 3327 1120 3359 20
1139 3322 1214 3359 δεῖν
1231 3325 1276 3379 Ε,
1300 3324 1345 3356 Β*

270 3385 298 3406 υ.
315 3373 333 3405 ί.
360 3370 373 3416 ΙΙ
401 3372 444 3404 28
469 3367 663 3414 ἐτύγχανον
685 3364 803 3411 οὖσαι]
827 3369 1064 3415 τυγχάνουσαι
1081 3371 1131 3404 Β*
1142 3369 1234 3414 υ.Ι.ΙΙ
1257 3366 1345 3402 αλλὰ

272 3418 342 3456 καὶ]
379 3411 459 3449 ἀλλ’
488 3410 535 3448 ὥς
556 3416 616 3448 καὶ
641 3414 688 3448 L²
721 3414 778 3447 sed
800 3418 968 3457 tamquam
992 3426 1011 3452 ς
1034 3414 1048 3459 fl
1076 3416 1119 3450 29
1143 3412 1344 3460 *παραιτή-

273 3472 371 3493 σοιτο
396 3462 473 3495 libri

320 3551 334 3581 1
354 3548 583 3592 proposuimus
604 3549 636 3582 T
645 3549 731 3592 vuly.
746 3548 760 3592 ΙΙ
777 3552 818 3583 ut
837 3562 894 3583 om.
909 3550 996 3593 vulq.
1014 3549 1027 3593 ss
1052 3550 1072 3583 2
1088 3549 1158 3582 illis
1173 3559 1241 3582 non
1257 3558 1344 3582 com-

274 3592 432 3633 pellendis
449 3594 538 3627 Beck
557 3594 569 3637 ΙΙ
592 3595 611 3627 3
637 3593 702 3636 ipsi
725 3593 776 3626 1⁷³
793 3593 841 3638 114
862 3595 942 3627 haec
966 3594 1020 3638 Vl}
1039 3598 1057 3629 5
1079 3594 1168 3637 quod
1189 3594 1232 3637 V]
1256 3593 1344 3636 quod

276 3639 308 3668 et
325 3637 483 3680 RTvulq.
503 3639 551 3680 {16
570 3649 607 3671 ea
628 3638 684 3682 Vll
701 3641 719 3672 Ἰ
738 3639 907 3672 ducuntur
928 3640 978 3672 V¹
997 3641 1008 3681 ΙΙ
1025 3644 1057 3672 et
1074 3640 1162 3674 RV·
1175 3639 1220 3680 Τ]
1245 3639 1344 3672 etiam

284 3680 334 3713 V·
345 3682 429 3724 vulq.
446 3681 459 3723 ΙΙ
476 3682 654 3715 nollentem
677 3683 731 3726 Vl}
749 3685 769 3717 8
793 3684 1126 3729 prohibitionem,Vfl
1153 3686 1174 3718 9
1199 3683 1342 3727 *primi-

276 3726 342 3769 tus]
367 3725 498 3771 penitus
521 3727 598 3759 libri
613 3727 627 3774 fl
642 3727 751 3759 uoluit
768 3728 826 3770 w,
842 3729 891 3762 Τ*
904 3731 936 3763 in
950 3723 1063 3774 mar9.',
1075 3730 1160 3774 vulq.
1178 3728 1191 3772 ΙΙ
1208 3729 1260 3762 lex
1283 3738 1342 3761 no-

1410 2739 1478 2772 luit
1503 2739 1536 2772 T
1547 2738 1560 2783 ΙΙ
1578 2740 1619 2773 10
1643 2737 1748 2780 patris
1769 2736 1845 2782 V²fl
1873 2739 1914 2771 12
1939 2739 1983 2770 At
2003 2737 2053 2771 V·
2071 2736 2083 2780 ΙΙ
2100 2737 2175 2770 Ηοο
2198 2747 2329 2780 quoque
2353 2739 2484 2781 saepius

1410 2783 1604 2826 agnovimus
1620 2785 1694 2827 (leq.
1711 2783 1766 2825 agi
1785 2782 1957 2824 novimus),
1983 2782 2139 2824 quoniam
2161 2782 2293 2824 quidam
2314 2783 2450 2827 Greqor.
2471 2783 2483 2828 ΙΙ

1410 2830 1512 2862 simus
1528 2829 1581 2862 T⁰
1604 2829 1771 2861 sancimus
1792 2828 1843 2861 V²
1861 2827 1873 2872 ΙΙ
1889 2827 1977 2870 quod
1994 2826 2128 2869 quidam
2141 2828 2241 2870 vulq]
2257 2827 2388 2870 quidem
2407 2829 2481 2870 qui-

1410 2875 1483 2907 dam
1500 2875 1532 2907 T
1551 2874 1684 2916 quidam
1702 2873 1802 2915 (idem
1818 2886 1844 2906 s.
1857 2886 1887 2905 v.
1910 2872 1969 2914 V2)
1992 2872 2123 2914 quidam
2147 2872 2196 2905 1⁷¹
2221 2872 2355 2914 quidam
2368 2872 2483 2918 RV³fl

1413 2921 1454 2955 14
1477 2919 1574 2962 forte]
1607 2919 1706 2952 etiam
1734 2919 1870 2962 (ἕτερον.
1898 2918 1911 2961 ΙΙ
1943 2919 1983 2952 15
2007 2916 2229 2957 ingredientes
2251 2919 2284 2950 et
2307 2920 2483 2960 querentes

1415 2965 1551 3009 (ἕτερον.
1580 2964 1593 3008 ΙΙ
1624 2965 1664 2998 16
1689 2966 1895 3006 quaeruntur
1918 2963 2024 2996 RVT
2045 2962 2058 3005 ΙΙ
2088 2962 2128 2995 ab
2152 2961 2219 2995 alio
2242 2962 2331 3006 passi
2353 2963 2483 3005 aliquid

1414 3010 1551 3054 Greqor.
1571 3009 1583 3054 ΙΙ
1602 3012 1640 3044 17
1655 3009 1747 3050 laesi]
1765 3008 1966 3041 iniustitiam
1979 3007 2178 3041 sustinentes
2193 3007 2329 3051 Greqor.
2342 3006 2355 3052 ΙΙ
2373 3009 2482 3043 18νο-

1409 3055 1486 3088 lunt
1503 3055 1638 3099 Greqor.
1655 3054 1668 3099 [Ι
1694 3057 1726 3086 et
1743 3055 1820 3087 add.
1836 3054 1928 3087 Beck
1949 3054 1961 3095 ΙΙ
1987 3056 2020 3085 et
2036 3055 2075 3085 ut
2090 3063 2157 3085 non
2172 3071 2215 3076 —
2230 3054 2271 3087 19
2285 3056 2378 3096 gesta
2392 3055 2481 3095 sunt]

1411 3103 1442 3133 et
1465 3111 1507 3132 ne
1529 3102 1643 3142 postea
1666 3099 1832 3132 obiciatur
1855 3098 1902 3131 eis
1924 3098 2003 3140 quia
2026 3108 2085 3140 per
2108 3108 2206 3130 unam
2240 3100 2366 3141 partem
2389 3100 2483 3139 gesta

1410 3145 1560 3178 confecta
1572 3147 1650 3178 sunt
1667 3144 1804 3187 Greyor.
1821 3143 1833 3186 ΙΙ
1854 3145 1894 3178 19
1907 3142 1966 3185 qui
1979 3142 2044 3187 12¹1
2065 3145 2157 3184 gesta
2169 3143 2239 3176 sint
2250 3143 2336 3176 R¹T
2353 3146 2481 3185 gestum

1410 3190 1454 3223 sit
1466 3190 1515 3223 R²
1530 3190 1543 3234 ΙΙ
1562 3191 1604 3224 20
1618 3192 1650 3222 et
1663 3202 1719 3223 om.
1733 3189 1765 3222 T
1777 3188 1790 3232 1}
1806 3188 1916 3230 illum]
1930 3187 1991 3221 illo
2003 3187 2036 3220 R.
2078 3187 2124 3221 Τι
2142 3187 2155 3231 ΙΙ
2170 3190 2219 3229 ea]
2238 3187 2310 3230 ipsa
2322 3188 2458 3231 (ἕτερον.
2469 3186 2482 3231 ΙΙ

1411 3236 1593 3268 constituto
1617 3234 1749 3268 RVT¹
1776 3233 1788 3277 ΙΙ
1816 3233 1874 3266 ubi
1898 3232 2088 3266 testimonia
2111 3232 2243 3274 dantur,
2275 3232 2478 3266 admonitum

1410 3281 1553 3313 iudicem
1577 3283 1636 3313 aut
1658 3279 1859 3312 defensorem
1886 3279 2021 3322 ὕπερον.
2045 3278 2057 3321 ΙΙ
2084 3278 2122 3311 21
2150 3279 2180 3319 a]
2204 3278 2247 3311 ad
2266 3276 2346 3320 V¹fl
2368 3275 2478 3308 defen-

1411 3336 1516 3358 sorem
1540 3325 1649 3358 R¹T⁰
1680 3334 1700 3357 a
1723 3323 1892 3357 defensore
1913 3324 2038 3367 Vvulq.
2057 3322 2071 3367 ΙΙ
2093 3325 2295 3366 praesentem
2318 3322 2396 3361 esse]
2420 3319 2477 3352 ad-

1411 3370 1523 3403 venire
1551 3371 1687 3414 Greqor.
1706 3372 1719 3413 ΙΙ
1739 3370 1782 3403 22
1805 3369 2018 3401 atestationes
2038 3368 2101 3401 VT
2119 3370 2217 3401 testes
2232 3366 2365 3409 Greyor.
2381 3365 2394 3407 η
2417 3375 2477 3397 no-

1410 3415 1487 3447 lunt
1507 3415 1561 3456 Vn
1581 3416 1623 3449 23
1635 3416 1797 3457 respuunt
1811 3413 1859 3447 Τι
1883 3413 2009 3457 respuit
2024 3413 2058 3446 V
2070 3409 2302 3455 contempserit
2318 3409 2453 3461 Greqor.
2465 3410 2477 3454 ΙΙ

1405 3462 1460 3501 nt]
1485 3471 1527 3492 u·
1551 3460 1597 3493 1⁷¹
1615 3459 1627 3504 ΙΙ
1645 3462 1684 3492 ut
1703 3469 1742 3492 ex
1762 3469 1830 3492 una
1850 3461 1944 3502 parte
1959 3457 2148 3491 testimonia
2162 3455 2316 3488 adversus
2334 3464 2406 3486 eum
2424 3465 2476 3487 in-

1411 3505 1509 3537 utilia
1531 3505 1599 3537 sint
1618 3505 1754 3548 Greyor.
1769 3503 1783 3548 ll
1802 3505 1845 3538 24
1866 3503 1964 3536 utilia
1980 3501 2058 3546 R¹fl
2076 3503 2118 3536 25
2141 3510 2207 3533 eno
2229 3498 2349 3540 R¹V¹J
2372 3502 2477 3532 essent

1411 3550 1460 3582 Ιί2
1470 3550 1649 3594 V³Tvu19.
1669 3548 1682 3593 ΙΙ
1696 3549 1870 3583 testatione
1889 3548 1935 3581 Β*
1958 3545 2147 3580 testimonia
2169 3543 2304 3587 Greqor.
2324 3545 2336 3582 ΙΙ
2352 3546 2474 3586 tenere]

1410 3594 1518 3627 valere
1535 3595 1673 3637 ἅτερον.
1693 3594 1705 3638 ss
1720 3596 1770 3635 ae]
1787 3595 1847 3627 hac
1864 3592 1915 3627 1⁷¹
1932 3595 2099 3633 tamquam
2114 3589 2250 3640 G'reyor.
2269 3587 2281 3630 ΙΙ
2296 3589 2339 3640 26
2353 3590 2475 3622 consti-

1409 3642 1501 3672 tutae
1515 3659 1557 3663 —
1571 3640 1612 3673 27
1626 3640 1730 3672 factae
1746 3639 1826 3679 sint]
1850 3636 2077 3674 consisterent,
2100 3633 2155 3666 sed
2172 3635 2269 3665 etiam
2293 3644 2364 3676 ipso
2380 3644 2474 3677 prse-

1409 3687 1501 3717 sente
1526 3684 1667 3717 fuissent
1690 3683 1776 3716 facta
1803 3683 1937 3725 ἅτερον.
1956 3679 2061 3724 nsunt
2087 3677 2162 3721 R’ss
2185 3679 2226 3711 27
2251 3678 2475 3721 repudiaverit

1409 3731 1442 3762 et
1462 3729 1574 3762 venire
1597 3729 1733 3771 Greqor.
