2580 4022
111 143 167 173 ET
197 141 481 174 cLEmcoRUM
1864 126 1970 170 Nov.
1993 124 2233 170 CXXXVII
2263 126 2302 167 2.
2325 129 2348 166 3

111 240 250 275 πόλεως
274 233 313 285 ἧς
328 240 446 285 μέλλει
471 242 664 275 ἐπίσκοπος
687 240 986 284 χειροτονεῖσθαι,
1010 243 1069 272 καὶ
1085 242 1331 284 προκειμένων
1355 240 1431 272 τῶν
1455 236 1570 285 ἁγίων
1593 236 1810 284 εὐαγγελίων
1835 238 1895 272 ἐπὶ
1911 241 2007 284 τρισὶ
2023 239 2223 282 προςιόποις
2239 240 2351 282 ψηφί-

111 298 231 330 σματα
253 290 380 327 ποιεῖν,
405 289 465 319 καὶ
484 288 638 319 ἕκαστον
660 283 783 319 αὐτῶν
808 283 963 329 όμνιῗναι
980 285 1072 318 κατὰ
1089 287 1167 319 τῶν
1183 285 1302 318 θείων
1319 283 1464 330 λογίων,
1488 288 1548 317 καὶ
1565 285 1758 340 ἐγγράφειν
1777 285 1817 317 ἐν
1837 281 1967 327 αὐτοῖς,
1993 279 2051 316 ὅτι
2069 282 2151 316 οὔτε
2168 281 2228 316 διὰ
2247 283 2351 316 δόσιν

111 332 193 365 οὔτε
212 330 269 365 διὰ
287 331 483 373 ὑπόσχεσιν
507 328 530 374 ἢ
555 330 680 376 φιλιάν
704 329 726 373 ἢ
749 331 854 375 χάριν
870 329 892 372 ἢ
909 329 1022 373 ἄλλην
1040 329 1259 372 οἱανδήποτε
1277 329 1542 373 προςπάθειαν,
1565 332 1632 362 αλλ
1660 327 1790 363 εἰδότες
1808 327 1936 362 αὐτοὺς
1950 330 2013 371 τῆς
2029 325 2145 371 ὀρθῆς
2161 331 2219 361 καὶ
2237 328 2350 361 καθο·

111 375 208 420 λικῆς
231 381 387 410 πίστεως
411 379 471 409 καὶ
495 378 627 420 σεμνοῦ
647 379 729 419 βίου
753 379 812 409 καὶ
838 374 928 420 ὑπὲρ
952 376 994 409 τὸ
1020 375 1236 419 τριακοστὸν
1260 376 1337 408 ἔτος
1362 375 1464 417 εἶναι,
1497 375 1642 408 τούτους
1667 373 1892 414 ἐπελέξαντο,
1917 377 1976 406 καὶ
2001 371 2059 407 ὅτι
2081 374 2164 407 οὔτε
2187 373 2349 419 γαμετὴν

111 420 193 455 οὔτε
217 419 348 455 παῖδας
372 422 474 455 ἴσασί
495 435 578 455 τινα
603 422 641 461 ἐξ
667 418 788 454 αὐτῶν
811 423 904 463 ἐχειν
930 419 951 463 ἢ
976 420 1163 464 παλλακὴν
1187 418 1210 463 ἢ
1234 419 1366 455 παῖδας
1389 420 1556 465 φυσικοὺς
1579 417 1819 464 γινώσκουσιν
1841 416 1970 452 αὖτοὺς
1995 421 2180 461 ἐσχηκέναι
2204 415 2349 460 ἢέχειν,

111 464 189 499 ἀλλ’
217 467 247 500 εἰ
270 470 330 500 καὶ
355 464 538 513 πρότερόν
558 478 611 500 τις
636 467 674 506 ἐξ
699 463 822 500 αὐτῶν
841 465 1002 511 γαμετὴν
1027 466 1105 507 εἶχε,
1138 469 1197 499 καὶ
1224 462 1338 507 αὐτὴν
1361 470 1449 508 μίαν
1474 469 1533 498 καὶ
1557 463 1641 498 οὐδὲ
1663 463 1777 511 χήραν
1801 461 1884 498 ουδὲ
1909 461 2040 510 ἀνδρὸς
2061 462 2351 506 αποζευχθεῖσαν

111 509 192 544 οὐδὲ
215 515 287 545 τοῖς
313 510 416 557 ἱεροῖς
439 511 592 546 κανόσιν
617 515 687 553 [καὶ
712 509 845 555 νόμοις]
871 509 1180 557 ἀπηγορευμένην,
1213 507 1294 553 ἄλλ]
1320 507 1404 543 οὐδὲ
1427 508 1704 552 πολιτευόμενον
1729 508 1751 552 ἢ
1775 509 1963 552 ταξεώτην
1987 509 2070 543 τινὰ
2093 510 2171 543 τῶν
2195 510 2350 554 ψηφιζο-

109 559 232 600 μένων
255 556 347 590 εἶναι
371 556 599 603 γινώσκουσι,
621 556 716 600 πλὴν
738 558 768 589 εἰ
791 557 840 599 μὴ
867 558 905 588 ἐν
928 560 1160 600 μοναστηρίῳ
1184 553 1248 598 οὐχ
1272 555 1383 598 ἦττον
1408 553 1603 589 δεκαπέντε
1628 555 1807 588 ἐνιαυτῶν
1823 555 2022 598 μοναχικὸν
2037 552 2056 587 ὁ
2075 552 2351 598 πολιτευόμενος

110 599 133 644 ἢ
154 599 172 634 ὁ
198 600 379 644 ταξεώτης
403 606 486 646 βίον
510 600 738 646 ἆὸιαβλήτως
762 600 955 641 ἐξετέλεσε·
993 600 1129 644 δηλαδὴ
1155 602 1217 644 τῆς
1236 602 1451 645 ἑζαπροσθεν
1475 599 1561 643 ἡμῖν
1585 600 1768 644 εἰρημένης
1792 600 2077 645 παρατηρήσεως
2100 603 2160 633 καὶ
2185 602 2244 633 ἐπὶ
2269 597 2351 632 τού-

110 659 188 680 των
209 648 287 680 τῶν
312 649 516 693 προςώπων
541 649 581 680 ἐν
604 651 677 681 τοῖς
695 649 895 693 γινομένοις
919 649 1001 690 περὶ
1027 644 1150 680 αὐτῶν
1174 650 1382 691 ψηφίσμασι
1407 645 1683 691 φυλαττομένης,
1709 646 1769 678 ἵνα
1794 647 1831 677 ἐκ
1855 646 1933 678 τῶν
1957 641 2072 678 οὕτως
2088 647 2350 689 ψηφιζομένων

109 693 225 737 τριῶν
255 691 459 737 προςιόπων
492 689 510 726 ὁ
544 691 701 736 βελτίων
734 692 972 738 χειροτονηθῇ
1005 692 1048 737 τῇ
1081 690 1229 737 ἐπιλογῇ
1261 694 1320 724 καὶ
1353 692 1405 733 τῷ
1440 695 1584 735 κρίματι
1617 692 1679 723 τοῦ
1700 691 1997 735 χειροτονοῦντος.
2046 687 2286 724 ἀπαιτεῖσθαι
2312 689 2351 721 δὲ

110 738 289 781 πρότερον
316 738 382 772 τὸν
407 737 583 782 μέλλοντα
614 737 902 782 χειροτονεῖσθαι
935 736 1034 781 παρὰ
1067 738 1131 770 τοῦ
1164 738 1453 781 χειροτονοῦντος
1478 734 1641 780 λίβελλον
1664 733 1757 779 μεθ’
1785 733 1997 780 ὑπογραφῆς
2021 734 2112 769 ἰδίας
2137 737 2351 779 περιέχοντα

111 782 156 815 τὰ
185 786 266 827 περὶ
297 784 360 825 τῆς
384 780 501 827 ὀρθῆς
525 779 638 816 αὐτοῦ
662 786 831 816 πίστεως·
868 779 1106 828 ἀπαγγέλλειν
1131 779 1171 815 δὲ
1191 784 1320 815 τοῖπτον
1346 785 1405 814 καὶ
1429 781 1497 824 τὴν
1524 781 1633 814 θείαν
1655 778 1897 826 προςκομιδην
1921 780 1988 822 τὴν
2013 782 2073 814 ἐπὶ
2096 783 2140 827 τῇ
2168 779 2256 825 ἁγίᾳ
2278 792 2350 812 κοι-

110 831 227 870 νωνίᾳ
255 831 449 873 γινομένην
480 831 539 861 καὶ
569 828 637 871 τὴν
671 829 732 862 ἐπὶ
762 829 815 870 τῷ
845 824 936 872 ἁγίῳ
966 830 1195 870 βαπτίσματι
1227 824 1332 869 εὐχὴν
1357 830 1417 859 καὶ
1445 826 1506 859 τὰς
1526 825 1651 860 λοιπὰς
1676 825 1875 870 προςευχάς.
1924 821 2033 869 ὅρκον
2059 823 2098 859 δὲ
2122 824 2267 867 ὑπέχειν
2292 827 2352 856 καὶ

112 870 225 906 αὐτὸν
256 873 323 906 τὸν
353 871 670 918 χειροτονούμενον
700 873 792 906 κατὰ
821 874 898 906 ’τῶν
929 872 1048 905 θείων
1079 874 1242 917 γραφῶν,
1275 869 1322 905 αἷς
1346 871 1430 905 οὔτε
1454 869 1498 905 δι’
1525 872 1654 905 ἑαυτοῦ
1679 871 1763 905 οὔτε
1787 868 1830 905 δι)
1855 871 1975 916 ἑτέρου
2000 870 2191 917 προςώπου
2217 868 2354 903 δέδωκέ

110 930 146 950 τι
182 915 204 960 ἢ
240 914 413 960 ὑπέσχετο
444 916 528 952 οὐδὲ
558 918 646 961 μετὰ
676 919 794 951 ταῦτα
825 915 935 950 δώσει
967 915 989 960 ἢ
1022 913 1121 960 αὐτῷ
1155 918 1207 960 τῷ
1241 918 1508 963 χειροτονοῦντι
1540 914 1655 950 αὐτὸν
1686 914 1709 959 ἢ
1735 919 1808 950 τοῖς
1838 916 1883 950 τὰ
1911 921 2130 961 ψηφίσματα
2155 916 2203 949 εἰς
2236 913 2352 948 αὐτὸν

111 966 366 1006 ποιησαμένοις
397 961 420 1006 ἢ
451 964 561 1008 ἑτέρῳ
591 963 668 997 τῶν
699 960 854 998 πάντων
886 965 960 996 τινὶ
986 960 1076 1007 ὑπὲρ
1105 963 1168 1005 τῆς
1198 963 1246 996 εἰς
1278 961 1390 996 αὐτὸν
1421 965 1660 1009 γενησομένης
1688 966 1916 1007 χειροτονίας.
1966 962 2001 995 εἴ
2019 973 2072 996 τις
2097 959 2137 995 δὲ
2160 961 2259 1005 παρὰ
2284 960 2353 1002 τὴν

110 1008 428 1050 μνημονευθεῖσαν
460 1007 725 1053 παραφυλακὴν
757 1009 951 1043 ἐπίσκοπος
980 1008 1237 1054 χειροτονηθῇ,
1271 1007 1459 1051 κελεύομεν
1478 1010 1537 1040 καὶ
1562 1004 1677 1041 αὐτὸν
1700 1009 1792 1042 πᾶσι
1816 1006 1966 1053 τρόποις
1989 1009 2050 1050 τῆς
2075 1006 2272 1049 ἐπισκοπῆς
2297 1007 2352 1039 ἐκ·

110 1051 315 1095 βάλλεσθαι
339 1056 399 1086 καὶ
423 1053 491 1087 τὸν
515 1054 614 1099 παρὰ
637 1055 755 1087 ταῦτα
778 1052 1010 1097 τολμήσαντα
1033 1056 1292 1099 χειροτονῆσαι.

1109 1133 1265 1168 CAPUT
1290 1133 1354 1168 III.

246 1200 293 1233 Εἰ
325 1198 365 1234 δέ
387 1212 441 1234 τις
473 1203 692 1246 κατηγορίαν
722 1200 807 1234 τινὰ
840 1198 1030 1242 ποιήσεται
1055 1199 1147 1234 κατὰ
1172 1201 1234 1234 τοῦ
1259 1199 1451 1243 μέλλοντος
1474 1200 1764 1244 χειροτονεῖσθαι
1789 1200 1989 1234 ἐπισκόπου
2014 1195 2036 1243 ἢ
2061 1203 2303 1245 πρεσβυτέρου
2329 1198 2352 1243 ἢ

112 1242 281 1278 διακόνου
313 1244 335 1288 ἢ
367 1244 476 1279 ἄλλου
509 1245 675 1290 κληρικοῦ
706 1242 728 1288 ἢ
759 1248 818 1278 καὶ
850 1242 1046 1292 ἡγουμένου
1078 1242 1130 1291 ἐφ’
1158 1244 1356 1288 οἱᾳδηποτε
1380 1246 1496 1288 αἰτίᾳ,
1530 1242 1801 1290 ἀναβαλλέσθω
1826 1244 1846 1288 ἦ
1873 1244 2023 1288 τοιαύτη
2047 1250 2266 1290 χειροτονία,
2292 1249 2352 1278 καὶ

111 1291 275 1335 γινέσθω
306 1290 485 1337 πρότερον
515 1291 673 1331 ἐξέτασις
704 1291 766 1333 τῆς
794 1295 1024 1336 κατηγορίας,
1059 1291 1240 1334 παρόντος
1271 1294 1331 1324 καὶ
1362 1292 1427 1325 τοῦ
1461 1290 1661 1336 κατηγόρου
1693 1294 1753 1323 καὶ
1786 1290 1991 1330 ἐπεξιόντος
2023 1294 2095 1325 τοῖς
2125 1287 2208 1335 παρ’
2239 1288 2350 1324 αὐτοῦ

111 1346 245 1381 προςαγ
269 1334 442 1370 ελθεῖσιν.
490 1337 521 1370 εἰ
546 1334 585 1370 δὲ
607 1340 666 1369 καὶ
699 1333 988 1380 ἆπολιμπάνοιτο
1013 1333 1035 1379 ἢ
1058 1334 1304 1380 άναβάλλοιτο
1329 1333 1348 1369 ὁ
1370 1336 1574 1382 κατήγορος,
1599 1339 1659 1368 καὶ
1683 1332 1799 1370 οὕτως
1823 1333 1842 1369 ὁ
1869 1336 1937 1379 τὴν
1961 1341 2185 1381 χειροτονίαν
2209 1335 2352 1380 μέλλων

112 1383 230 1414 ποιεῖσ
265 1394 302 1414 αι
335 1381 485 1425 ζήτησιν
517 1378 782 1426 ἀκριβεστάτην
813 1381 997 1415 ποιείσθω
1026 1383 1155 1425 μηνῶν
1185 1382 1270 1415 εἴσω
1301 1383 1424 1427 τριῶν.
1473 1385 1532 1414 καὶ
1557 1382 1587 1414 εἰ
1610 1383 1677 1424 μὲν
1703 1379 1917 1415 ὑπεύθυνον
1941 1379 2037 1426 εὕροι
2062 1381 2129 1415 τὸν
2152 1381 2220 1424 τὴν
2243 1395 2352 1423 κατη-

109 1429 236 1471 γορίαν
260 1423 509 1468 ὑπομείναντα
533 1428 605 1460 εἴτε
628 1426 720 1460 κατὰ
742 1426 824 1460 τοὺς
848 1426 970 1461 θείους
994 1426 1149 1460 κανόνας
1172 1427 1243 1461 εἴτε
1267 1428 1360 1460 κατὰ
1384 1427 1467 1460 τοὺς
1490 1425 1679 1471 ἡμετέρους
1702 1426 1841 1470 νόμους,
1867 1426 2069 1460 κωλυέσθω
2094 1424 2115 1470 ἡ
2134 1430 2350 1472 χειροτονία·

111 1472 141 1503 εἰ
166 1468 205 1504 δὲ
228 1468 428 1506 ἀνεύθυνος
452 1475 581 1518 φανείη
607 1472 678 1505 εἴτε
702 1471 883 1518 παρόντος
906 1473 970 1506 τοῦ
996 1470 1197 1518 κατηγόρου
1222 1472 1243 1515 ἢ
1264 1475 1323 1505 καὶ
1349 1471 1517 1514 ἀπόντος,
1540 1472 1705 1518 γινέσθω
1730 1472 1751 1514 ὴ
1776 1476 1987 1516 χειροτονία.
2037 1470 2056 1505 ὁ
2083 1470 2123 1506 δὲ
2146 1470 2352 1518 κατήγορος,

111 1516 182 1550 εἴτε
213 1516 344 1563 παρών
373 1518 422 1562 μὴ
456 1514 640 1557 ἀποδείξει
667 1517 737 1550 εἴτε
769 1514 972 1563 ἀποφύγοι,
1003 1518 1034 1551 εἰ
1056 1520 1124 1561 μὲν
1146 1517 1310 1563 κληρικὸς
1328 1518 1399 1561 εἴη,
1432 1518 1654 1558 ἐξωθείσθω
1679 1519 1744 1551 τοῦ
1769 1518 1898 1551 οἰκείου
1921 1518 2085 1561 βαθμοῦ,
2119 1518 2150 1551 εἰ
2175 1516 2214 1551 δὲ
2238 1517 2355 1552 λαϊκὸς

246 1610 274 1629 υ.
292 1597 382 1630 3-4
403 1592 485 1629 ἀλλ’
519 1594 711 1629 εἰδότες-
725 1594 941 1636 ἐπελέξαντο
974 1610 1012 1630 ex
1034 1598 1069 1630 B
1104 1599 1273 1640 exscripsit
1297 1598 1458 1631 Balsamo
1484 1598 1530 1630 ad
1553 1597 1686 1630 Nomoc.
1713 1598 1873 1631 XIVtit.
1895 1599 1924 1639 1,
1943 1604 1978 1631 28
2001 1610 2036 1640 p.
2056 1598 2121 1631 848
2146 1597 2260 1638 Voell.,
2286 1610 2314 1630 v.
2332 1598 2354 1630 4

111 1649 329 1685 aryumentum
354 1649 467 1675 notant
489 1639 582 1676 Ῥοπ.
601 1644 654 1683 41,
673 1649 696 1684 1,
721 1643 854 1675 Nomoc.
872 1642 972 1675 XIV
986 1644 1034 1676 tit.
1056 1645 1085 1684 1,
1103 1650 1138 1676 28
1165 1650 1193 1675 et
1212 1643 1376 1676 Nomocffl
1393 1645 1436 1677 ib.

245 1700 275 1719 v.
294 1688 314 1719 6
329 1699 377 1730 sq.
403 1695 624 1731 aryumentum
649 1694 740 1720 notat
763 1688 896 1721 Nomoc.
915 1688 1075 1721 XIVtz't.
1096 1690 1125 1729 1,
1143 1695 1188 1722 23.

201 1745 227 1764 c.
245 1733 311 1764 III
328 1745 466 1765 summas
491 1734 586 1766 lzabet
602 1733 734 1766 Nomoe.
753 1734 909 1766 XIVtit.
931 1734 959 1774 1,
978 1740 1005 1766 8.
1033 1735 1063 1773 9,
1082 1741 1092 1767 ι
1115 1746 1149 1775 p.
1167 1733 1243 1767 466.
1262 1734 1327 1767 538
1346 1733 1458 1770 Ρίῑνας
1482 1733 1583 1775 ipsum
1610 1739 1708 1775 caput
1723 1751 1766 1756 —-
1784 1734 1826 1766 26
1851 1728 1872 1775 ἦ
1896 1735 2099 1778 χειροτονία
2124 1745 2162 1766 ex
2179 1733 2214 1765 B
2239 1734 2356 1776 repetit

110 1777 272 1810 Νοηιοο.7η
290 1780 319 1818 1,
337 1785 366 1812 8.
414 1779 645 1821 Arqumentum
669 1785 759 1810 notat
781 1778 871 1810 B⁸K
887 1780 917 1819 8,
936 1785 945 1810 1
968 1790 1002 1823 p.
1018 1780 1082 1812 382
1105 1779 1209 1811 Zach.

110 1876 343 1919 conveniant,
374 1882 408 1913 et
427 1878 630 1924 propositis
654 1879 790 1913 sanctis
814 1878 1010 1923 evanqeae'iis
1034 1878 1079 1914 de
1105 1878 1217 1913 tribus
1239 1878 1408 1924 personis
1438 1878 1582 1913 decreta
1604 1879 1768 1923 faciant,
1800 1883 1835 1913 et
1865 1879 2114 1924 unusquisque
2137 1889 2263 1914 eorum
2280 1890 2355 1925 per

109 1927 237 1956 sancta
267 1922 412 1968 eloquia
444 1924 555 1965 iuret,
587 1928 696 1969 atque
726 1924 762 1957 in
795 1924 869 1958 illis
891 1923 1025 1958 scribat
1056 1934 1094 1959 se
1117 1934 1233 1968 neque
1249 1927 1410 1970 propter
1433 1923 1662 1968 larqitionem
1686 1934 1802 1968 neque
1817 1928 1977 1969 propter
1993 1925 2268 1969 promissionem
2293 1928 2359 1960 aut

113 1967 309 2001 amicitiam
341 1970 405 2002 aut
436 1968 594 2013 qratiam
628 1972 691 2002 aut
712 1968 822 2002 aliam
848 1968 960 2002 ullam
992 1968 1222 2014 affectionem
1247 1979 1307 2003 eos
1331 1968 1500 2012 eleqisse‚
1532 1968 1597 2003 sed
1620 1978 1700 2002 cum
1723 1968 1843 2002 sciant
1865 1979 1928 2002 eos
1950 1974 2071 2003 rectae
2096 1974 2130 2003 et
2154 1968 2355 2004 catholicae

109 2011 198 2056 fidei
227 2015 336 2056 atque
369 2011 539 2047 honestae
569 2013 663 2048 vitae
694 2023 771 2048 esse
802 2017 835 2047 et
868 2013 1019 2057 triginta
1054 2014 1161 2047 annis
1184 2014 1352 2054 maiores,
1384 2017 1419 2047 et
1443 2013 1536 2047 scire
1558 2023 1596 2047 se
1619 2023 1735 2057 neque
1759 2023 1913 2047 uxorem
1938 2023 2052 2057 neque
2076 2013 2210 2048 liberos
2233 2024 2354 2058 quem-

112 2067 220 2101 quam
253 2067 302 2092 ex
334 2057 379 2090 iis
410 2055 559 2098 habere,
594 2068 709 2102 neque
742 2057 976 2091 concubinam
1002 2062 1067 2092 aut
1090 2058 1222 2092 liberos
1246 2057 1432 2091 naturales
1455 2067 1493 2091 se
1517 2067 1623 2091 nosse
1644 2067 1707 2090 eos
1730 2056 1897 2091 habuisse
1921 2057 1978 2091 vel
1999 2056 2147 2099 habere,
2180 2064 2243 2092 sed
2267 2063 2301 2093 et
2324 2059 2357 2093 si

113 2101 195 2146 quis
226 2111 351 2135 eorum
377 2102 486 2146 prius
518 2112 673 2136 uxorem
705 2101 887 2144 habuerit,
921 2102 1038 2146 ipsam
1072 2112 1217 2147 quoque
1248 2111 1376 2143 unam,
1397 2104 1431 2135 et
1454 2112 1499 2135 ne
1523 2101 1666 2136 viduam
1690 2101 1833 2145 quidem
1857 2111 1972 2146 neque
1996 2112 2018 2135 a
2043 2102 2120 2136 viro
2144 2109 2355 2148 separatam

112 2156 229 2190 neque
258 2147 375 2180 sacris
405 2146 606 2181 canonibus
638 2149 685 2187 [et
717 2146 866 2191 leqibus]
924 2145 1138 2187 roliibitam;
1169 2146 1234 2181 sed
1263 2157 1307 2180 ne
1339 2145 1463 2180 curiae
1487 2144 1629 2189 quidem
1654 2155 1720 2180 nec
1743 2146 1949 2181 muneribus
1973 2145 2156 2181 addictum
2181 2152 2246 2182 aut
2269 2148 2354 2193 olf-

115 2190 240 2225 cialem
271 2201 347 2226 esse
379 2201 593 2235 quemquam
624 2201 674 2226 ex
704 2191 749 2225 iis
779 2191 841 2235 qui
865 2202 883 2225 e
899 2191 1050 2236 iquntur
1072 2201 1111 2225 se
1135 2201 1251 2231 nosse,
1284 2190 1355 2225 nisi
1379 2191 1416 2224 in
1440 2190 1660 2225 monasterio
1684 2200 1758 2225 non
1781 2191 1899 2224 minus
1922 2191 2125 2236 quindecim
2150 2193 2256 2227 annis
2280 2203 2353 2228 mo-

113 2235 299 2270 nachicam
332 2235 440 2270 vitam
473 2235 621 2270 curialis
650 2240 715 2271 aut
739 2235 913 2280 officialis
935 2235 1013 2269 sine
1037 2234 1113 2270 ulla
1136 2234 1414 2281 reprehensione
1434 2235 1673 2280 transeqerit;
1703 2235 1840 2270 scilicet
1859 2235 2108 2271 observatione
2132 2248 2226 2281 quae
2243 2239 2354 2283 prius

114 2292 137 2315 a
168 2280 272 2315 nobis
303 2279 401 2314 dicta
432 2284 485 2315 est
516 2281 622 2315 etiam
653 2281 692 2314 in
722 2280 778 2315 leis
803 2280 974 2326 personis
1003 2281 1040 2314 in
1072 2280 1224 2316 decretis
1258 2291 1351 2326 quae
1383 2280 1427 2315 de
1451 2280 1496 2314 iis
1516 2280 1613 2323 fiunt
1636 2279 1894 2314 custodienda:
1918 2286 1957 2315 ut
1978 2292 2027 2316 ea:
2053 2281 2165 2316 tribus
2182 2284 2353 2327 personis

113 2326 166 2360 ita
191 2325 314 2360 electis
337 2325 466 2359 melior
489 2330 630 2360 creetur
654 2326 827 2360 electione
850 2329 883 2360 et
907 2325 1039 2360 iudicio
1065 2326 1232 2360 creantis.
1281 2325 1468 2371 Exiqatur
1491 2329 1608 2360 autem
1629 2325 1736 2371 prius
1759 2325 1803 2359 ab
1828 2335 1870 2359 eo
1901 2325 1964 2370 qui
1991 2326 2170 2360 creandas
2203 2333 2255 2362 est
2314 2339 2345 2363 ei

114 2381 193 2404 eum
232 2371 295 2415 qui
333 2375 433 2404 creat
470 2370 610 2405 libellus
647 2381 727 2405 cum
757 2370 912 2416 propria
942 2370 1019 2405 eius
1048 2370 1332 2416 subscriptione,
1375 2370 1439 2415 qui
1469 2370 1647 2404 rationem
1679 2373 1800 2404 rectae
1832 2370 1909 2405 eius
1934 2369 2022 2414 fidei
2051 2339 2356 2416 comprehendam

112 2415 328 2461 pronuntiet
357 2425 442 2449 vero
475 2415 567 2449 idem
599 2415 705 2450 etiam
735 2425 878 2450 sacram
912 2415 1126 2450 oblationem
1158 2426 1252 2460 quae
1282 2416 1319 2450 in
1349 2418 1477 2449 san-cta
1510 2414 1759 2449 communione
1779 2414 1841 2459 fit,
1873 2419 1909 2449 et
1928 2426 2057 2460 preces
2082 2426 2175 2461 quae
2196 2417 2292 2461 fiunt
2314 2419 2353 2452 in

118 2464 246 2494 sancto
287 2459 502 2505 baptismate
540 2463 749 2505 ceterasque
782 2461 1026 2506 precationes.
1083 2459 1341 2495 Iusiurandum
1381 2463 1498 2494 autem
1536 2459 1614 2505 ipse
1653 2470 1797 2504 quoque
1836 2460 1898 2504 qui
1936 2466 2082 2495 creatur
2113 2472 2186 2512 per
2224 2473 2353 2498 sacras

114 2505 317 2550 scripturas
346 2507 526 2549 praestet,
557 2515 672 2550 neque
698 2516 768 2551 per
799 2515 837 2540 se
866 2515 981 2549 neque
1008 2515 1080 2550 per
1112 2505 1222 2539 aliam
1245 2515 1445 2558 personam
1469 2514 1507 2538 se
1531 2505 1724 2550 quicquam
1750 2503 1891 2539 dedisse
1916 2509 1981 2539 aut
1997 2508 2212 2550 promisisse
2236 2518 2351 2553 neque

109 2548 266 2596 posthac
296 2549 465 2584 daturum
497 2560 573 2584 esse
600 2554 665 2584 aut
695 2550 767 2595 ipsi
798 2550 862 2594 qui
889 2560 970 2584 eum
1002 2553 1102 2584 creat
1132 2553 1197 2584 aut
1228 2551 1274 2585 iis
1297 2551 1359 2595 qui
1384 2550 1527 2584 decreta
1548 2560 1619 2594 pro
1645 2560 1687 2584 eo
1711 2549 1896 2593 fecerunt,
1929 2554 1994 2584 aut
2017 2550 2082 2584 alii
2106 2552 2264 2586 omnium
2287 2553 2355 2587 ulli

112 2605 183 2640 pro
219 2594 448 2629 ordinatione
479 2595 516 2629 in
548 2595 665 2640 ipsum
698 2594 922 2640 conferenda
949 2594 1136 2639 facienda.
1184 2593 1226 2629 Si
1256 2597 1338 2640 quis
1368 2598 1486 2629 autem
1519 2598 1647 2628 contra
1679 2595 1962 2629 observationem
1987 2595 2093 2630 modo
2118 2603 2352 2632 memoratam

115 2639 307 2685 episcopus
336 2643 480 2674 creatus
502 2639 561 2681 sit,
585 2639 745 2674 iubemus
768 2643 803 2674 et
826 2640 941 2685 ipsum
968 2640 1129 2674 omnibus
1152 2639 1266 2674 modis
1290 2640 1335 2675 ab
1359 2639 1573 2685 episcopatu
1597 2638 1725 2685 repelli
1749 2642 1783 2673 et
1807 2649 1887 2674 eum
1911 2640 1976 2684 qui
1997 2640 2098 2675 illum
2115 2645 2244 2677 contra
2264 2642 2353 2678 haec

116 2684 288 2718 ordinare
311 2694 422 2718 ausus
444 2684 501 2718 sit.

251 2728 316 2764 111.
365 2728 406 2763 Si
437 2729 518 2774 quis
548 2732 666 2764 autem
696 2728 962 2764 accusationem
992 2727 1152 2772 aliquam
1184 2731 1313 2763 contra
1344 2739 1423 2763 eum
1454 2728 1519 2773 qui
1548 2728 1741 2773 episcopus
1774 2732 1839 2764 aut
1863 2730 2058 2776 presbyter
2087 2736 2152 2767 aut
2175 2731 2353 2766 diaconus

115 2777 181 2808 aut
211 2773 306 2808 alius
336 2773 491 2809 clericus
522 2778 587 2809 aut
615 2774 722 2809 etiam
744 2773 897 2820 praesul
919 2773 1129 2808 monasterii
1153 2773 1332 2809 creandus
1355 2776 1419 2814 est,
1445 2772 1699 2818 qualicumque
1722 2773 1766 2809 de
1789 2784 1902 2809 causa
1925 2775 2133 2819 instituerit,
2158 2776 2354 2821 differatur

116 2818 292 2853 eiusmodi
324 2819 473 2861 creatio,
507 2824 616 2864 atque
633 2820 741 2865 prius
761 2819 830 2863 fiat
853 2829 1008 2854 examen
1032 2819 1285 2859 accusationis,
1307 2822 1499 2864 praesente
1523 2819 1630 2852 etiam
1654 2825 1867 2854 accusatore
1891 2823 1925 2855 et
1948 2831 2042 2865 quae
2065 2821 2110 2856 ab
2134 2821 2214 2867 ipso
2231 2822 2354 2857 delata

114 2868 199 2898 sunt
231 2867 442 2908 exequente.
491 2863 628 2906 Quodsi
659 2864 768 2899 etiam
799 2867 992 2898 accusator
1023 2873 1097 2896 rem
1120 2862 1292 2898 destituat
1315 2862 1370 2898 vel
1392 2862 1526 2908 exequi
1549 2862 1708 2908 differat,
1740 2864 1793 2898 sic
1823 2875 1968 2910 quoque
1991 2865 2023 2899 is
2047 2866 2110 2911 qui
2134 2867 2353 2902 creationem

114 2908 286 2953 facturus
308 2912 361 2942 est
384 2908 694 2953 dihqentissimam
719 2909 963 2953 quaestionem
983 2907 1081 2942 intra
1107 2911 1180 2943 tres
1203 2918 1340 2943 menses
1363 2907 1540 2942 instituat.
1588 2907 1639 2943 Ec
1666 2909 1698 2943 si
1729 2908 1871 2954 quidem
1895 2921 1975 2945 eum
2000 2912 2063 2955 qui
2086 2912 2352 2947 accusationem

115 2952 224 2987 subiit
246 2953 320 2987 sive
343 2953 538 2987 secundum
561 2963 688 2988 sacros
713 2963 869 2987 canones
891 2953 964 2987 sive
986 2951 1181 2987 secundum
1205 2953 1301 2997 leqes
1323 2956 1468 2987 nostras
1490 2963 1591 2987 reum
1614 2953 1808 2995 invenerit,
1836 2953 2076 2999 prohibeatur
2108 2956 2263 2998 creatio,
2294 2958 2352 2990 sin

116 3007 200 3032 vero
233 2997 411 3032 innoxius
442 2997 657 3042 apparuerit
680 2997 753 3032 sive
775 3002 966 3042 praesente
990 3001 1203 3032 accusatore
1226 2998 1298 3032 sive
1322 2997 1427 3031 etiam
1451 3007 1493 3032 eo
1517 2998 1681 3038 absente,
1710 2999 1779 3042 fiat
1803 2999 1952 3034 creatio.
2000 3001 2200 3035 Accusator
2224 3004 2354 3041 autem,

119 3041 193 3076 sive
208 3052 389 3088 praesens
412 3051 485 3076 non
508 3041 718 3087 probaverit
740 3042 814 3077 sive
838 3041 1039 3077 destituerit
1062 3042 1342 3084 accusationem,
1365 3041 1396 3076 si
1419 3041 1561 3086 quidem
1586 3042 1738 3077 clericus
1760 3043 1819 3084 sit,
1844 3043 1888 3078 de
1905 3045 2065 3090 proprio
2089 3044 2211 3090 qradu
2234 3044 2353 3091 depel-

163 3144 182 3176 2
208 3141 328 3187 λόγων
354 3142 404 3175 ΒῙ
422 3142 434 3186 ΙΙ
457 3140 541 3176 οὐδὲ
561 3144 591 3175 L
609 3145 717 3185 Epan.
735 3142 747 3186 fl
768 3145 786 3176 3
806 3139 888 3176 οὐδὲ
914 3142 959 3176 L⁶
978 3144 989 3186 ΙΙ
1008 3141 1067 3175 ὃιοὶ
1093 3156 1150 3176 om.
1170 3145 1200 3176 L

118 3189 227 3231 Epan.
254 3188 266 3230 ΙΙ
291 3190 311 3221 4
335 3187 481 3221 τούτους
504 3187 596 3220 εἶναι
620 3189 730 3231 Εραη.
748 3188 760 3231 ΙΙ
785 3188 866 3220 οὗτε
891 3189 938 3228 Β]
964 3186 1047 3221 οὐδὲ
1073 3189 1174 3222 MCL
1190 3188 1202 3232 Η

119 3235 138 3266 5
165 3229 274 3265 *οὐδὲ
307 3233 408 3266 MCL
441 3230 522 3265 οὐδὲ
546 3230 677 3266 παῖδας
695 3252 737 3256 --
755 3230 878 3265 αὐτῶν
903 3247 962 3266 om.
988 3234 1023 3266 Β
1055 3233 1066 3276 ΙΙ
1100 3233 1202 3266 τινὰς

121 3279 268 3320 CEpan.
286 3277 297 3320 ΙΙ
317 3278 421 3318 ἐχειν]
435 3277 527 3310 εἶναι
545 3277 595 3318 CH
614 3275 781 3319 παλακην
797 3279 862 3311 Cv.
875 3279 894 3310 l.
911 3278 922 3319 ΙΙ
943 3273 1071 3310 αὐτοὺς
1080 3279 1200 3318 ΜΕΒ]

1269 3143 1461 3177 τονεῖσθαι
1487 3157 1545 3176 om.
1577 3143 1647 3187 ΒΓΗ
1668 3146 1706 3178 13
1727 3143 1774 3177 τὰ
1793 3158 1851 3178 om.
1882 3146 2036 3189 CEpan.
2061 3146 2073 3189 ΙΙ
2101 3148 2142 3180 14
2167 3148 2355 3189 προςευχάς

1272 3189 1359 3228 MC]
1385 3184 1485 3228 εὐχάς
1501 3189 1571 3221 ΕΒ
1596 3189 1608 3230 Η
1633 3186 1741 3243 ὅρκου
1763 3191 1828 3223 Cv.
1845 3191 1864 3222 l.
1889 3189 1901 3232 ΙΙ
1926 3192 1985 3222 καὶ
2009 3203 2067 3223 om.
2086 3191 2136 3223 B⁶
2154 3192 2165 3234 ΙΙ
2186 3194 2225 3225 15
2247 3194 2352 3233 κατὰ]

1742 3234 1757 3241 νυ
1790 3230 1806 3242 Ἀ
1840 3234 1849 3244 r
1884 3237 1890 3245 ι

1269 3232 1359 3277 πρὸς
1386 3234 1414 3266 C'
1438 3234 1449 3275 ΙΙ
1473 3230 1557 3265 οὔτε
1578 3230 1620 3266 δι’
1648 3246 1758 3266 αυτου
1783 3248 1805 3276 η
1831 3247 1950 3278 ετερου
1978 3236 2007 3268 L
2030 3235 2042 3279 ΙΙ
2068 3232 2206 3268 δέδωκέ
2225 3240 2273 3277 τι]
2299 3235 2352 3270 δέ·

119 3319 233 3354 αὐτὸν
263 3323 290 3355 C
310 3324 364 3364 (‘'f·
391 3325 467 3363 594,
487 3325 526 3363 14)
552 3322 564 3365 ΙΙ
590 3326 607 3356 7
634 3318 719 3355 οὐδὲ
742 3324 815 3355 τοῖς
839 3321 942 3366 ἱεροῖς
965 3322 1115 3355 κανόσιν
1143 3324 1201 3356 CL

117 3369 242 3409 Epaw]
275 3362 358 3399 οὐδὲ
388 3369 462 3400 τοῖς
493 3366 597 3411 ἱεροῖς
625 3367 777 3400 κανόσιν
805 3370 864 3399 καὶ
896 3365 1019 3410 νόμοις
1050 3369 1090 3401 M
1119 3364 1202 3400 οὐδὲ

117 3414 191 3444 τοῖς
226 3411 349 3454 νόμοις
383 3409 466 3444 οὐδὲ
499 3414 573 3445 τοῖς
609 3411 711 3455 ἱεροῖς
743 3412 893 3445 κανόσιν
925 3415 976 3452 (ez
1001 3414 1139 3453 594,17)
1166 3414 1201 3446 Β

119 3458 204 3495 (τοῖς
217 3455 370 3489 κανόσιν
383 3455 462 3498 ἦτοι
475 3459 548 3489 τοῖς
561 3455 683 3499 νόμοις
695 3455 744 3499 μὴ
759 3452 1052 3502 ἀπηγορευμένην
1067 3459 1201 3499 Themi.)

117 3501 129 3545 Η
145 3499 425 3544 πολιτευόμενον
455 3503 511 3535 CL
536 3503 623 3542 Am]
654 3501 850 3544 βουλευτὴν
872 3504 902 3534 L
921 3516 946 3535 s.
963 3516 1006 3542 v.,
1037 3503 1067 3535 Β
1102 3501 1201 3536 πολι-

118 3544 314 3587 τευόμενον
338 3543 361 3588 ἢ
379 3544 574 3589 βουλευτὴν
593 3548 631 3578 Μ
654 3560 692 3579 ex
713 3560 746 3589 p.
766 3549 842 3588 594,
859 3555 889 3581 18
907 3546 919 3590 ΙΙ
939 3549 957 3581 8
983 3546 1075 3580 εἶναι
1097 3561 1155 3580 om.
1179 3549 1207 3582 C

118 3590 345 3632 ΙΙμοναχικῶς
373 3591 463 3634 0119
488 3588 507 3623 ὁ
533 3591 724 3633 ταξειότης]
750 3588 769 3623 ὁ
795 3604 853 3624 om.
884 3594 911 3625 C
931 3605 961 3624 v.
984 3594 1014 3630 l„
1042 3594 1076 3625 B
1099 3594 1175 3626 Ath.
1192 3594 1202 3630 ΙΙ

123 3636 162 3666 10
197 3637 278 3679 περὶ
314 3633 437 3669 αὐτῶν
473 3640 679 3680 ψηφίσμασι
713 3639 794 3682 περὶ
827 3632 949 3670 αὐτῶν
982 3639 1012 3670 L
1044 3638 1056 3681 ΙΙ
1090 3633 1203 3670 οὕτως

121 3677 344 3723 αἱρουμένων
368 3682 629 3725 ψηφιζομένων
658 3681 710 3725 Cn
737 3684 775 3716 1'2
800 3679 868 3715 τὸν
891 3680 1066 3724 μέλλοντα
1091 3695 1200 3727 χειρο-

188 3734 239 3763 ΠΙ.

1270 3276 1388 3310 ὃωκεν
1412 3278 1521 3320 Epan.
1548 3278 1559 3321 ΙΙ
1587 3280 1627 3312 16
1657 3275 1739 3312 οὐδὲ
1767 3280 1796 3312 G
1816 3280 1938 3322 Epam]
1964 3278 2046 3313 οὔτε
2071 3281 2182 3314 MLB
2200 3282 2211 3324 ΙΙ
2234 3284 2271 3315 17
2297 3295 2354 3327 γε-

1269 3324 1465 3365 νησομένης
1501 3323 1608 3364 CLB]
1639 3326 1825 3369 γινομένης
1850 3326 1890 3356 Μ
1913 3326 2023 3368 Epan.
2052 3325 2064 3369 ΙΙ
2094 3326 2125 3358 εἰ
2147 3323 2187 3358 δέ
2208 3337 2263 3360 τις
2287 3329 2320 3359 Β
2343 3327 2355 3371 Η

1272 3370 1312 3402 18
1337 3367 1607 3412 χειροτονηθείη
1638 3370 1703 3402 Cv.
1719 3371 1737 3401 l.
1757 3370 1768 3412 ΙΙ
1786 3366 1975 3412 κελεύομεν
2000 3383 2057 3403 om.
2084 3372 2114 3403 L
2131 3370 2142 3414 ΙΙ
2162 3374 2221 3403 καὶ
2243 3367 2356 3405 αὐτὸν

1270 3426 1327 3446 om.
1354 3414 1383 3446 C
1405 3413 1417 3455 ss
1451 3415 1491 3446 19
1522 3411 1753 3456 τολμήσαντα
1785 3417 2001 3458 χειροτονεῖν
2034 3415 2082 3447 Bt
2106 3417 2355 3460 χειροτονῆσαι

1268 3456 1501 3500 τολμήσαντα
1530 3459 1557 3491 C
1576 3459 1588 3496 U
1615 3461 1656 3492 20
1682 3459 1876 3500 ποιήσηται
1902 3460 1952 3492 ΒΓ
1969 3461 1980 3503 Η
2002 3459 2211 3501 ἐπισκόπου]
2232 3458 2253 3503 ἢ
2278 3463 2354 3494 ἐπι-

1269 3502 1407 3535 σκόπου
1435 3503 1463 3535 C
1479 3504 1628 3545 plerique
1649 3504 1661 3547 ΙΙ
1689 3506 1728 3538 21
1755 3506 1813 3536 καὶ
1836 3506 1928 3546 prius
1953 3518 2010 3537 om.
2038 3505 2162 3548 131122
2211 3506 2355 3539 ενέσθω

1275 3549 1343 3581 C'v.
1360 3549 1378 3580 I.
1405 3547 1416 3590 ΙΙ
1439 3550 1499 3579 καὶ
1523 3549 1599 3588 τοῦ]
1624 3550 1682 3581 καὶ
1707 3563 1765 3582 om.
1797 3550 1823 3582 C
1843 3549 1854 3592 ΙΙ
1883 3551 1924 3582 23
1953 3551 2013 3581 καὶ
2033 3562 2091 3582 οιη.
2118 3551 2153 3583 Β
2180 3550 2184 3593 Ι
2216 3548 2355 3594 ἀναβά-

1270 3591 1367 3625 λοιτο
1394 3593 1438 3624 M
1456 3593 1468 3630 ΙΙ
1494 3594 1536 3626 26
1561 3594 1658 3638 φανῇ
1690 3595 1734 3626 Bc
1753 3593 1764 3637 ΙΙ
1791 3589 1809 3635 ἢ
1832 3596 1902 3634 καὶ]
1927 3593 1998 3627 εἴτε
2022 3595 2053 3627 Ε
2072 3595 2084 3638 ΙΙ
2101 3596 2140 3629 27
2164 3594 2283 3642 παρὸν
2307 3595 2360 3629 ΒΓ

1269 3638 1280 3682 Η
1294 3634 1465 3684 ἀποδείξῃ
1491 3638 1600 3681 Cv.l.‚
1622 3640 1657 3671 B
1682 3639 1694 3682 Η
1716 3635 1883 3685 ἀποφύγῃ
1912 3639 1959 3672 Bc

2036 3743 2078 3775 83

2379 651 2418 682 10

2380 876 2418 907 15

2378 1205 2419 1237 20

2378 1433 2419 1465 25
