2586 3990
258 131 367 175 Nov.
394 131 531 174 CXIII
560 133 584 172 3
616 144 679 186 ep.

256 241 378 274 αὐτῶν
402 238 535 273 εἰδέναι
559 239 749 284 πρόνοιαν,
773 241 832 272 καὶ
852 237 989 283 μηδένα
1014 237 1119 274 τόνδε
1141 237 1247 283 ἡμῶν
1269 238 1336 274 τὸν

254 287 359 319 θεῖον
390 283 807 329 παραπροςποιὴσασθαι
839 283 953 327 νόμον
982 282 1073 327 μηδὲ
1097 283 1249 330 ἄγνοιαν
1272 282 1332 319 ἐπ’

255 327 354 372 αὐτῷ
380 328 660 374 προτείνεσθαι,
689 328 916 373 θεσπίζομεν
940 327 999 374 ἐφ’
1026 329 1175 373 ἑκάστης
1197 327 1334 364 ὑποθέ-

254 385 343 407 σεως
366 370 478 418 ἆρχὴν
502 371 601 419 παρὰ
626 371 776 420 δικαστῇ
802 373 1052 417 λαμβανούσης
1075 376 1114 407 ἐκ
1134 378 1336 428 προοιμίων

253 416 362 452 εὐθὺς
386 421 445 451 καὶ
468 417 540 463 πρὸ
566 414 676 461 αὐτῆς
699 419 762 461 τῆς
784 419 862 452 τῶν
885 417 1091 464 προςώπων
1104 422 1336 463 βεβαιωσεως

254 465 292 509 ἐγ
316 462 503 508 ρᾶφεσθαί
530 475 583 515 τευ
603 460 716 497 αὐτὸν
746 465 807 496 καὶ
838 463 915 496 τῶν
944 460 1219 506 ὑπομνημάτων
1241 467 1334 510 γίνε-

253 521 275 541 σ
309 520 346 541 αι
373 510 486 553 μέρος.
541 520 638 541 ουτω
667 507 738 554 γὰρ
769 505 815 541 ἂν
845 508 923 541 τῶν
954 511 1217 553 πραττομένων
1248 521 1334 554 προ-

253 551 408 596 λιὶμπων
431 549 602 586 κωλύσειε
624 551 672 586 τὰ
697 550 794 597 παρὰ
815 551 884 594 τὴν
913 550 1022 586 αὐτοῦ
1046 551 1203 597 δύναμιν
1226 555 1333 600 ἐγχει-

252 595 408 642 ρούμενα
430 601 516 651 περί
535 610 576 632 τε
598 597 646 631 τὰ
669 596 762 631 ἄλλα
785 600 870 642 περί
890 610 932 631 τε
951 595 1066 640 αὐτὴν
1088 596 1136 632 αἶς
1151 598 1243 632 εἰκὸς
1265 596 1335 640 τὴν

1333 126 1418 174 532

1847 144 1896 174 m
1923 143 2062 175 numo
2091 125 2207 175 mus
2234 143 2326 176 Non
2353 145 2475 176 mm

1403 240 1507 283 tiam,
1540 242 1576 274 et
1599 239 1718 275 nullus
1741 240 1835 276 hanc
1866 251 2005 277 sacram
2035 246 2194 278 nostram
2225 242 2476 278 circumveniat

1403 286 1512 330 legem
1543 294 1658 328 neque
1680 284 1916 329 ignorantiam
1944 287 1983 322 in
2005 297 2048 323 ea
2070 291 2264 333 proponat,
2296 287 2474 323 sancimus

1403 330 1439 364 in
1456 339 1668 373 unoquoque
1686 329 1826 373 negotio
1842 331 1979 366 initium
1997 333 2092 377 apud
2106 333 2258 368 iudicem
2278 332 2355 367 acci
2381 332 2475 367 iente

1404 384 1448 409 ex
1470 374 1658 418 prooemiis
1678 384 1762 409 mox
1792 377 1828 409 et
1851 380 1934 411 ante
1955 376 2069 421 ipsam
2099 388 2334 423 personarum
2381 387 2474 412 rma-

1370 422 1388 453 5
1404 419 1533 453 tionem
1557 418 1703 454 inscribi
1727 429 1805 454 eam
1834 423 1870 455 et
1892 426 2196 458 monumentorum
2225 423 2301 458 fieri
2324 426 2472 467 partem.

1403 464 1460 498 Sic
1479 463 1573 498 enim
1595 464 1703 507 gestis
1726 463 1952 509 praefulgens
1975 466 2176 510 prohibebit
2195 478 2238 503 ea
2258 477 2349 512 quae
2371 477 2474 511 prae-

1402 512 1457 543 ter
1477 508 1551 544 eius
1570 509 1735 544 virtutem
1756 513 1976 554 temptantur
1992 511 2087 546 circa
2102 513 2172 547 alia
2195 516 2232 548 et
2246 513 2342 548 circa
2360 512 2475 556 ipsam

1402 553 1525 588 forsan
1549 563 1782 598 personarum
1804 554 2055 599 firmationem,
2078 559 2115 592 et
2136 557 2373 603 praevaricari
2397 567 2474 592 eam

1402 598 1598 634 nitentibus
1622 609 1686 643 per
1709 600 1856 634 multam
1884 600 2110 636 interminata
2131 602 2326 637 refrenabit
2347 612 2370 636 a
2392 602 2473 636 tali-

252 644 330 676 τῶν
342 653 548 695 προςωπων
563 645 774 686 βεβαίωσιν,
791 646 851 675 καὶ
868 645 942 676 τοῖς
957 647 1202 697 παραβαίνειν
1219 639 1334 677 αὐτὸν
1350 646 1389 678 10
1404 645 1468 678 bus
1503 653 1563 679 eos
1576 644 1943 696 ‘praesumptionibus
1978 648 2015 680 et
2045 647 2196 691 propriis
2230 652 2370 692 tempus
2402 657 2474 682 non

252 689 471 732 ἐπιχειρουσι
498 685 559 721 διὰ
584 688 662 722 τῶν
686 689 880 730 ἐπιτιμίων
907 686 1067 722 ἀπειλῶν
1093 691 1337 730 αναχαιτίσειέ

251 745 292 766 τε
314 733 392 766 τῶν
414 731 591 766 τοιούτων
615 729 745 766 αὐτοὺς
759 730 1002 776 τολμημάτων
1018 735 1077 766 καὶ
1093 736 1171 767 ταῖς
1191 734 1334 766 οἰκείαις

251 777 379 822 καιρὸν
403 775 467 810 οὐκ
492 777 587 811 ἐάσει
634 777 781 811 ίνεσθαι
806 781 956 811 ποιναῖς.
997 778 1057 811 ἵνα
1081 778 1150 823 γὰρ
1173 790 1333 824 παρανο-

250 826 340 864 μίαν
371 820 460 872 ὁμοῦ
483 825 543 856 καὶ
566 819 589 855 οἷ
615 826 713 856 :utana
744 820 803 856 διὰ
831 823 986 857 πάντων
1010 821 1237 867 ἐκβάλωμεν,
1272 820 1333 856 διὰ

1402 688 1486 723 sinit
1508 688 1587 723 fier1
1609 689 1745 733 poenis.
1795 689 1841 724 Ut
1863 690 1956 724 enim
1975 690 2197 734 iniquitatem
2228 692 2332 727 simul
2362 696 2397 727 et
2419 692 2473 726 in-

1402 733 1574 768 iustitiam
1605 743 1669 778 per
1693 733 1812 768 omnia
1834 735 2062 779 expellamus,
2093 739 2281 781 propterea
2306 747 2472 781 praesen-

1402 780 1472 813 tem
1496 778 1677 823 posuimus
1701 779 1829 822 legem‚
1853 780 2009 824 undique
2031 790 2108 815 eam
2138 785 2175 816 et
2197 791 2261 826 per
2284 791 2361 816 eam
2385 782 2473 816 alias

1403 827 1527 858 cautas
1550 827 1587 858 et
1609 823 1971 860 incircumveniendas
1998 825 2236 861 custodientes
2260 826 2475 870 reipublicae

251 869 359 901 τοῦτο
389 879 458 901 τον
487 865 656 913 παρόντα
686 868 903 910 τεθείκαμεν
926 867 1062 911 νόμον,
1094 866 1333 910 πανταχόθεν
1350 871 1389 903 15
1401 868 1507 912 leges,
1532 868 1724 903 seeundum
1749 879 1836 914 quas
1860 872 1896 904 et
1914 880 1979 904 nos
1998 870 2066 915 ipsi
2081 871 2264 917 imperium
2287 872 2353 907 deo
2369 871 2475 907 dante

252 910 366 946 αὐτόν
396 926 435 945 τε
464 915 523 945 καὶ
553 910 603 946 δι’
630 909 740 946 αὐτοῦ
769 912 851 946 τοὺς
874 910 998 947 ἄλλους
1021 911 1190 959 ἀσφαλεῖς
1211 926 1252 947 τε
1275 916 1334 946 καὶ

251 954 567 1000 ἀνεπιβουλεύτους
585 956 824 1002 φυλάττοντες
839 958 884 1004 τῇ
902 956 1066 1000 πολιτείᾳ
1079 956 1219 1001 νόμους,
1236 956 1331 992 καθ’

250 999 310 1036 οὓς
328 999 426 1045 ἡμεῖς
448 1015 488 1035 τε
512 1001 616 1036 αὐτοὶ
638 1001 708 1046 τὴν
738 1001 929 1046 βασιλείαν
961 1003 1054 1036 θεοῦ
1079 1001 1203 1038 δόντος
1227 1017 1334 1049 παρε-

250 1045 408 1091 λάβομεν
431 1045 685 1091 φυλάττεσθαί
705 1060 745 1081 τε
770 1046 839 1090 τὴν
859 1045 1036 1092 ἡμετέραν
1063 1047 1250 1083 πολιτείαν
1273 1050 1333 1082 καὶ

250 1089 315 1126 ὑπ’
344 1088 467 1125 αὐτῶν
491 1093 730 1137 φρουρεῖσθαι
759 1090 819 1126 διὰ
844 1092 982 1127 παντὸς
1005 1091 1200 1135 εὐχόμεθα.

294 1134 580 1183 <Ἐπίλογος.>
628 1137 676 1170 Τὰ
692 1141 818 1172 τοίνυν
833 1137 1073 1183 παραστάντα
1087 1136 1174 1183 ἡμῖν
1194 1141 1254 1172 καὶ
1271 1136 1331 1172 διὰ

249 1180 356 1215 τοῦδε
378 1183 444 1216 τοῦ
465 1183 569 1215 θἐίου
590 1181 790 1226 δηλούμενα
814 1181 927 1227 νόμου
943 1181 964 1225 ἦ
982 1183 1027 1226 σὴ
1044 1181 1199 1229 ’ὑπεροχὴ
1216 1196 1331 1227 παρα-

251 1225 408 1272 φυλάξαι
429 1229 498 1270 μὲν
521 1226 728 1270 σπευσάτω,
761 1229 852 1262 πᾶσι
877 1226 917 1261 δὲ
940 1226 1031 1271 δῆλα
1053 1228 1330 1271 καταστησάτω,

251 1272 472 1327 προτιθεῖσοι1
485 1273 552 1316 μὲν
569 1269 685 1306 αὐτὸν
701 1273 794 1306 κατὰ
810 1272 947 1316 ταύτην
965 1273 1034 1316 τὴν
1049 1271 1244 1316 εὐδαίμονα
1263 1273 1331 1307 πό-

1402 915 1622 958 suscepimus
1655 914 1852 956 custodire,
1887 917 2116 961 nostramque
2145 916 2400 962 rempublicam
2427 916 2474 951 ab

1401 958 1457 993 his
1481 958 1609 994 muniri
1634 968 1774 1004 semper
1796 963 1971 1005 optamus.

1444 1137 1724 1183 (Epilogus.)
1759 1138 1857 1182 Quae
1877 1139 1985 1185 igitur
2003 1140 2215 1185 placuerunt
2233 1139 2335 1175 nobis
2355 1143 2392 1175 et
2411 1150 2476 1185 per

1399 1182 1491 1217 hanc
1526 1192 1664 1217 sacram
1700 1184 1883 1219 declarata
1917 1187 2001 1220 sunt
2031 1185 2159 1230 legem,
2201 1188 2265 1220 tua
2301 1185 2474 1220 celsitudo

1400 1237 1541 1263 servare
1562 1228 1702 1272 quidem
1719 1229 1870 1272 studeat,
1895 1230 2057 1265 omnibus
2076 1234 2194 1266 autem
2218 1230 2335 1275 palam
2353 1230 2473 1273 faciat,

1399 1283 1600 1318 proponens
1637 1273 1778 1318 quidem
1808 1285 1885 1309 eam
1919 1275 1956 1309 in
1988 1275 2056 1310 hac
2085 1275 2291 1311 felicissima
2322 1275 2473 1319 civitate,

251 1316 319 1358 λιν,
338 1328 584 1363 προςταγμασι
608 1315 648 1351 δὲ
669 1321 743 1352 τοῖς
767 1317 806 1358 ἐξ
825 1318 933 1352 ἔθους
950 1321 1114 1363 χρωμένη
1138 1319 1227 1363 πρὸς
1249 1319 1331 1352 τοὺς
1344 1321 1385 1353 25
1398 1318 1599 1362 praeceptis
1623 1321 1743 1353 autem
1767 1320 1995 1355 sollemnibus
2019 1323 2124 1356 utens
2147 1321 2193 1355 ad
2213 1321 2474 1365 provinciarum

248 1363 328 1396 τῶν
351 1363 536 1407 ἐπαρχιῶν
565 1360 796 1410 ἡγουμένους,
828 1359 916 1397 dim
946 1363 1087 1398 πάντας
1110 1361 1332 1409 ἀνθρώπους
1398 1363 1591 1408 praesides,
1615 1367 1656 1398 ut
1671 1374 1792 1399 omnes
1808 1364 1967 1400 homines
1988 1365 2104 1400 sciant
2127 1370 2162 1401 et
2176 1376 2241 1410 per
2257 1375 2344 1408 eam,
2369 1375 2474 1411 quam

248 1408 388 1454 γνῶναι
410 1411 470 1441 καὶ
494 1404 545 1441 δι’
570 1405 693 1451 αὐτοῦ,
717 1406 763 1451 ἣν
778 1405 841 1442 ἐπ’
855 1405 974 1442 αὐτοῖς
998 1410 1124 1453 ἔχομεν
1141 1408 1329 1455 πρόνοιαν.
1399 1418 1506 1453 super
1529 1408 1579 1443 eis
1603 1408 1776 1445 habemus
1799 1410 2063 1455 providentiam.

309 1452 393 1487 Dat.
417 1463 454 1488 x.
479 1453 516 1488 k.
541 1452 627 1488 Dec.
654 1453 723 1489 GP.
748 1453 832 1498 imp.
858 1453 916 1488 dn.
942 1454 1130 1489 Iustiniani
1153 1465 1213 1499 pp.
1237 1454 1329 1498 Aug.

249 1507 344 1533 anno
367 1497 445 1533 XV.
471 1498 604 1533 Basilio
629 1509 681 1534 vc.
708 1509 804 1534 cons.
1186 1502 1232 1541 [a.
1247 1502 1325 1542 541]

250 1654 408 1690 dentiam
431 1657 654 1700 coquos-cant
682 1665 769 1690 neve
798 1653 896 1689 ullus
927 1653 1021 1690 lianc
1048 1665 1191 1691 sacram
1223 1655 1335 1701 leqem
1358 1658 1520 1690 nostram
1544 1655 1745 1691 dissimulet
1773 1660 1838 1691 aut
1866 1656 2113 1701 iqnorantiam
2143 1657 2221 1693 eius
2241 1657 2474 1703 praetendat,

250 1699 441 1741 sancimus,
473 1704 514 1735 ut
535 1710 579 1735 ea
601 1699 639 1734 in
662 1710 882 1745 unaquaque
905 1709 1018 1735 causa
1048 1711 1142 1746 quae
1163 1700 1306 1735 initium
1337 1699 1438 1746 apud
1467 1700 1619 1736 iudicem
1644 1701 1768 1747 capiat
1789 1701 1912 1736 statim
1935 1711 1960 1736 a
1979 1702 2162 1747 principio
2192 1706 2227 1737 et
2248 1707 2333 1738 ante
2358 1703 2372 1737 i
2397 1714 2474 1739 sam

248 1754 488 1791 personarum
510 1744 817 1789 confirmationem
845 1745 1095 1790 perscribatur
1126 1749 1162 1781 et
1177 1756 1272 1791 pars
1295 1750 1459 1780 actorum
1479 1746 1558 1790 fiat.
1606 1744 1666 1781 Ita
1689 1747 1782 1781 enim
1812 1746 1904 1780 actis
1931 1746 2173 1792 praefulqens
2200 1746 2357 1792 prohibe
2379 1748 2409 1783 it
2430 1760 2474 1784 ea

249 1789 283 1825 si
332 1800 399 1824 uae
422 1794 550 1824 contra
572 1789 642 1824 vim
664 1789 742 1824 eius
766 1793 985 1835 temptantur
1008 1793 1080 1824 tam
1103 1790 1141 1824 in
1164 1791 1247 1825 aliis
1269 1801 1378 1842 quam
1400 1790 1439 1824 in
1462 1790 1544 1836 ipsa
1565 1790 1668 1835 forte
1686 1801 1928 1837 personarum
1952 1791 2242 1836 confirmatione,
2271 1791 2388 1838 iisque
2410 1793 2475 1839 qui

250 1835 309 1871 vio
326 1845 389 1870 are
419 1845 497 1869 eam
526 1838 712 1877 conentur,
739 1844 883 1879 poenas
913 1835 1079 1870 minitata
1107 1839 1142 1870 et
1171 1835 1215 1870 ab
1249 1834 1424 1870 eiusmodi
1454 1835 1643 1870 conatibus
1670 1846 1732 1870 eos
1762 1835 1966 1879 refrenabit
1995 1846 2109 1881 neque
2139 1836 2255 1871 locum
2283 1837 2367 1881 fieri
2396 1839 2474 1873 suis

243 1879 377 1926 poenis
395 1879 566 1926 patietur.
614 1878 709 1913 Nam
732 1883 774 1914 ut
796 1879 1021 1924 iniquitatem
1043 1879 1151 1914 simul
1172 1884 1207 1915 et
1229 1879 1441 1914 iniustitiam
1468 1891 1538 1926 per
1569 1881 1689 1915 omnia
1719 1891 1767 1915 ex
1794 1879 1993 1922 elleremuS,
2024 1886 2220 1927 propterea
2248 1887 2472 1927 praesentem

251 1925 365 1969 teqem
389 1924 546 1966 tulimus,
576 1923 735 1970 undique
765 1934 843 1959 eam
874 1929 910 1959 et
933 1935 1002 1970 per
1031 1935 1110 1959 eam
1140 1929 1278 1960 ceteras
1308 1924 1405 1970 leqes
1434 1934 1582 1960 securas
1612 1929 1648 1960 et
1677 1925 1749 1960 insi
1774 1926 1892 1960 iarum
1914 1931 2083 1971 expertes
2115 1926 2335 1972 reipublicae
2357 1933 2472 1963 custo-

252 1968 398 2011 dientes,
422 1969 615 2005 secundum
639 1979 731 2014 quas
753 1979 821 2004 nos
843 1969 915 2015 ipsi
937 1969 1126 2015 imperium
1149 1969 1215 2005 deo
1236 1969 1345 2005 dante
1365 1970 1587 2015 suscepimus
1609 1973 1717 2016 atque
1739 1975 1779 2005 ut
1793 1969 1997 2015 respublica
2020 1975 2145 2006 nostra
2167 1975 2328 2007 servetur
2349 1977 2385 2008 et
2405 1984 2473 2019 per

251 2024 314 2050 eas
335 2014 521 2049 muniatur
541 2025 683 2060 semper
705 2017 882 2059 optamus.

387 2058 424 2094 Ε
423 2060 478 2105 pi
484 2059 499 2094 l
505 2070 526 2094 ο
568 2070 628 2093 us.

674 2057 775 2101 Quae
798 2059 912 2104 iqitur
934 2058 1036 2094 nobis
1053 2058 1274 2104 placuerunt
1304 2062 1354 2111 et·
1359 2069 1429 2105 per
1451 2058 1546 2094 hano
1568 2069 1709 2094 sacram
1733 2059 1846 2105 leqem
1868 2058 2101 2095 declarantur
2132 2065 2194 2095 tua
2216 2061 2417 2098 sublimitas
2439 2068 2474 2099 et

252 2103 442 2140 observare
462 2109 520 2139 stu
546 2108 606 2140 eat
628 2107 663 2139 et
686 2102 850 2138 omnibus
871 2104 1068 2148 manifesta
1089 2103 1220 2148 faciat,
1246 2106 1318 2138 tam
1339 2114 1376 2138 ιη
1391 2103 1461 2138 hac
1480 2103 1583 2148 felici
1603 2104 1746 2139 civitate
1765 2115 1843 2140 eam
1862 2115 2076 2151 proponens
2098 2116 2205 2151 quam
2228 2106 2346 2142 solitis
2365 2118 2472 2153 prae-

252 2150 365 2195 ceptis
388 2149 438 2184 ad
457 2148 645 2195 praesides
663 2148 939 2194 provinciarum
962 2152 1081 2190 utens,
1111 2152 1152 2183 ut
1176 2159 1298 2183 omnes
1326 2147 1486 2184 homines
1517 2158 1566 2183 ex
1596 2159 1640 2183 ea
1663 2159 1808 2195 quoque
1830 2154 2066 2195 coqnoscant‚
2097 2161 2205 2196 quam
2230 2151 2320 2197 ipsis
2349 2163 2473 2188 curam

252 2193 491 2229 adhibeamus.

296 2353 316 2385 2
340 2347 700 2395 ἀποπροσποιεῖσθαι
717 2352 748 2384 L
767 2350 779 2393 11
796 2353 814 2384 7
832 2352 946 2395 μέρος]
971 2362 1053 2393 quae
1076 2357 1250 2392 sequuntur
1270 2362 1327 2382 om.

251 2397 303 2431 Bs
317 2396 329 2440 11
346 2394 393 2429 ἄν
409 2396 498 2437 τῶν]
524 2391 647 2429 αὐτῶν
660 2397 710 2429 B⁶
733 2396 738 2438 Ι
770 2397 789 2430 8
810 2391 989 2428 *κωλύσει
1004 2396 1036 2428 L
1059 2393 1202 2437 κωλύση
1214 2395 1307 2428 MB⁶
1319 2393 1330 2440 11

253 2443 293 2475 13
317 2440 494 2487 γενέσθαι
519 2441 569 2474 B⁶
585 2440 597 2485 11
618 2444 656 2476 17
683 2453 729 2486 φυ
753 2439 924 2474 άσσοντες
947 2441 999 2474 B⁶
1014 2441 1026 2483 11
1049 2441 1087 2474 18
1101 2453 1149 2483 sq.
1174 2436 1329 2484 παρελά-

250 2490 363 2531 βομεν
385 2505 429 2511 -
459 2485 710 2531 φρουρεῖσθαι]
742 2486 945 2528 suscepimus
974 2485 1138 2518 custodire
1168 2489 1329 2518 nostram-

251 2543 315 2574 que
338 2531 576 2574 rempublicam
599 2532 642 2564 ab
666 2532 718 2564 his
741 2531 867 2564 muniri
891 2543 911 2567 ς
937 2530 950 2573 11
981 2531 1024 2564 24
1048 2529 1169 2563 *κατὰ
1192 2530 1330 2572 ταύτην

250 2579 371 2620 scripsi
392 2589 431 2610 ea·
454 2579 485 2618 ς]
521 2575 614 2609 κατὰ
646 2572 741 2618 (κατ’
768 2576 826 2619 Μ)
858 2573 973 2618 αὐτὴν
996 2576 1069 2608 ML
1097 2575 1110 2619 ΙΙ
1141 2576 1183 2609 28
1206 2578 1328 2609 subscr.

252 2635 310 2655 om.
325 2634 344 2658 ς
360 2622 373 2665 11
389 2622 456 2654 dat.
468 2631 505 2656 x.
526 2622 560 2654 k.
574 2621 642 2654 dec.
657 2632 707 2664 ep.
722 2622 802 2665 imp.
822 2621 877 2654 dn.
891 2622 971 2655 iust.
987 2631 1042 2663 pp.
1059 2631 1135 2663 aug.
1152 2631 1240 2653 anno
1252 2619 1328 2653 XV.

251 2667 372 2700 basilio
395 2677 448 2701 uc.
474 2677 579 2700 conss.
604 2667 655 2708 111,
680 2667 746 2700 dat.
762 2676 798 2700 x.
823 2667 857 2699 k.
881 2666 950 2699 dee.
970 2665 1050 2709 imp.
1074 2666 1130 2698 dn.
1153 2665 1330 2698 iustiniani

251 2723 306 2755 pp.
339 2722 428 2745 anno
459 2712 534 2745 XV.
566 2711 660 2744 basil.
692 2723 780 2744 cons.
810 2712 899 2745 Iul-¹¹²
932 2712 1005 2751 (om.
1030 2711 1095 2744 Iul.
1126 2712 1221 2744 codd.
1247 2712 1330 2754 cett.)

253 2756 387 2803 ἐγράφη
416 2757 488 2802 πρὸ
513 2756 542 2790 ι’
566 2754 760 2791 καλάνὸων
782 2758 1013 2801 Δεκεμβρίων
1042 2753 1224 2799 βασιλείας
1247 2751 1330 2788 Ἰου-

253 2802 439 2835 στινιανοῦ
470 2801 513 2835 τὸ
540 2801 586 2835 ιε’
611 2798 783 2836 ὑπατείας
802 2799 977 2835 Ἀπίωνος
1000 2802 1076 2834 Ath.
1111 2799 1329 2846 ἐξεφωνήθη

252 2849 338 2890 μηνὶ
362 2844 560 2892 ὃεκεμβρίῳ
593 2848 664 2880 ἔτει
686 2846 727 2880 ιε’
751 2845 935 2891 βασιλείας
962 2842 1116 2888 ὑπατείᾳ
1138 2844 1329 2879 Βασιλείου

255 2893 375 2926 ΤΙιεοιί.

1469 2352 1485 2384 1
1511 2358 1636 2381 sacram
1660 2351 1805 2383 nostram
1829 2351 1955 2389 (nostra
1980 2351 2044 2392 51³¹)
2068 2351 2143 2393 VT]
2178 2354 2323 2384 nostram
2346 2363 2471 2386 sacram

1400 2395 1530 2437 Rvulq.
1547 2393 1559 2438 11
1579 2395 1598 2426 3
1619 2395 1802 2437 accipiente
1815 2395 1922 2436 Beclc]
1947 2394 2095 2438 accipie·
2118 2396 2166 2429 V¹
2188 2398 2336 2439 accipere
2348 2397 2476 2432 RV2T

1398 2441 1484 2484 vuly.
1496 2439 1514 2483 ’11
1532 2441 1554 2473 4
1570 2450 1609 2472 ex
1624 2441 1780 2482 proemiis
1800 2440 1851 2474 V2
1863 2442 1896 2474 in
1909 2453 1975 2474 ras.
1991 2439 2004 2484 11
2023 2442 2043 2475 6
2058 2441 2213 2483 prohibet
2233 2442 2289 2485 Vn
2307 2444 2326 2475 7
2346 2442 2471 2476 *aliam

1400 2486 1476 2519 libri
1492 2484 1504 2527 11
1521 2485 1540 2518 8
1564 2484 1794 2526 firmationem]
1818 2495 1898 2527 prae
1919 2485 2141 2519 firmationem
2163 2487 2215 2520 Ru
2232 2486 2281 2530 119
2304 2497 2364 2529 per
2384 2488 2471 2521 mul-

1399 2533 1466 2562 tam
1489 2530 1551 2571 3¹]
1575 2540 1634 2572 per
1657 2530 1764 2563 multa
1786 2529 2004 2574 R²VTvu19.
2034 2530 2047 2574 11
2074 2532 2322 2564 interminatam
2346 2533 2439 2567 Beck
2460 2534 2472 2575 11

1398 2574 1704 2617 refrenanstRVT,
1729 2588 1811 2609 corr.
1824 2577 1910 2619 vulq.
1938 2574 1950 2619 11
1975 2577 2017 2610 10
2039 2578 2072 2609 et
2094 2577 2248 2619 propriis]
2271 2577 2416 2621 propriis
2440 2578 2473 2611 R

1398 2622 1431 2652 et
1451 2619 1682 2663 proprioribus
1699 2621 1732 2653 T
1738 2620 1760 2662 ¹,
1780 2633 1807 2653 s.
1815 2633 1846 2654 v.
1862 2620 1911 2652 R2
1928 2618 1941 2664 11
1966 2622 2003 2654 11
2031 2621 2113 2653 sinit
2125 2621 2159 2654 R
2170 2622 2212 2662 V]
2235 2622 2323 2655 sinat
2335 2623 2369 2656 T
2385 2623 2473 2656 sinet

1398 2666 1483 2708 vulq.
1499 2664 1512 2710 11
1531 2667 1564 2698 et
1578 2664 1742 2698 iustitiam
1758 2665 1792 2699 V
1805 2667 1838 2698 et
1852 2666 1889 2697 in
1901 2665 2103 2698 iniustitiam
2118 2667 2151 2699 T
2161 2667 2173 2707 11
2194 2668 2234 2700 12
2245 2678 2307 2710 pro
2331 2669 2472 2701 terea—

1399 2711 1437 2744 21
1449 2709 1825 2789 sistartia
1837 2711 1995 2798 ,ταῖς
2005 2709 2081 2798 3131
2092 2677 2472 2799 triffillus}

1397 2811 1511 2833 causas
1531 2800 1595 2834 VT
1604 2800 1616 2843 11
1634 2800 1863 2833 custodiendas
1876 2799 1928 2833 T*
1944 2799 1958 2842 11
1977 2802 2017 2834 15
2032 2800 2164 2843 inperio
2181 2801 2232 2834 T*
2256 2803 2288 2833 et
2304 2772 2469 2844 inperilfm

1397 2846 1430 2879 R
1444 2845 1458 2890 11
1488 2847 1529 2881 16
1553 2845 1719 2878 custodie*
1747 2846 1799 2879 Τι’
1834 2844 1993 2878 custodiri
2015 2846 2100 2889 vulq.
2117 2844 2130 2889 11
2149 2847 2358 2887 nostramque
2381 2846 2471 2880 RT²

1396 2891 1495 2934 vala]
1526 2892 1673 2923 nostram
1703 2891 1771 2924 VT
1778 2891 1788 2911 ¹
1815 2890 1827 2933 11
1857 2891 1917 2933 leq.
1941 2888 2009 2934 (et)
2031 2889 2192 2922 custodiri
2219 2893 2365 2923 nostram
2385 2902 2468 2924 rem-

1395 2935 1563 2977 publicam
1585 2934 1653 2980 (ετ)
1675 2935 1716 2968 ab
1740 2935 1817 2968 his?
1833 2934 1847 2979 11
1866 2936 1904 2970 17
1921 2935 2052 2968 munire
2067 2934 2101 2967 R
2117 2934 2130 2978 11
2147 2936 2190 2969 24
2212 2945 2375 2978 propones
2394 2936 2468 2978 qui·

1397 2980 1471 3013 dam
1493 2981 1547 3023 Vn
1566 2981 1609 3014 25
1632 2982 1729 3013 utens
1753 2994 1811 3014 om.
1823 2979 1874 3014 Β*
1889 2979 1903 3023 11
1920 2981 1962 3014 26
1987 2981 2036 3020 ut]
2061 2982 2171 3012 autem
2187 2980 2229 3012 ad
2247 2982 2280 3014 T
2292 2982 2306 3024 11
2320 2981 2469 3015 homines

1397 3037 1456 3059 om.
1470 3026 1503 3058 R
1523 3024 1537 3070 11
1562 3027 1603 3060 27
1627 3025 1681 3058 his
1703 3025 1737 3058 R
1759 3025 1774 3069 11
1795 3026 2024 3069 subscriptione
2049 3032 2159 3058 carent
2182 3025 2260 3059 libri
