2618 4010
262 129 368 173 Nov.
399 119 539 172 XVIII
569 130 608 170 5.
640 130 664 170 6

263 238 484 274 ελαυνέσθω.
533 233 649 284 ὥςπερ
670 235 756 283 γάρ,
788 237 825 272 εἴ
840 249 897 273 τις
918 242 1050 285 νομίιιῃ
1081 239 1260 280 συνοικοίη
1282 249 1339 284 yv-

263 287 374 325 ναικί,
406 280 514 317 ἄλλας
537 283 782 328 ἐπειςαγαγεῖν
804 282 869 318 οῦκ
891 280 938 318 ἂν
961 281 1112 317 δύναιτο
1135 283 1199 316 τοῦ
1223 292 1340 316 συνοι-

262 332 381 363 aesalon
404 328 626 362 συνεστῶτος
655 330 715 361 καὶ
738 327 778 369 ἐξ
806 325 931 363 αὐτῶν
962 332 1119 371 νομίμως
1150 324 1341 361 παιδοποι-

263 374 399 413 εῖσθαι,
422 369 534 406 οὕτως
556 369 639 405 οὐδὲ
662 371 753 416 μετὰ
776 371 844 417 τὴν
890 375 1137 426 νωριζομένην
1160 372 1215 415 τῷ
1238 370 1340 416 νόμῳ

262 414 353 453 καθ’
372 414 416 451 ὃν
439 414 629 463 εἰρήκαμεν
649 415 788 463 τρόπον
807 386 995 460 walliamque
1011 420 1069 450 καὶ
1088 415 1170 450 τοὺς
1193 417 1232 457 ἐξ
1255 418 1341 450 ἐκεί·

263 474 324 505 νης
346 460 479 497 παῖδας
502 459 679 507 δώσομεν,
703 463 734 496 εἰ
757 467 821 497 καί
841 475 878 497 τι
901 461 1082 509 πάρεργον
1105 458 1233 505 ἡδονῆς
1255 460 1342 495 ἄλλο

264 506 465 551 ποιήσαιτο,
489 510 550 541 καὶ
572 508 679 542 τοῦτο
702 508 750 542 εἰς
767 507 836 551 τὴν
853 505 1023 549 διαδοχὴν
1046 505 1253 553 εἰςάγεσθαι
1275 506 1342 549 τὴν

263 550 387 594 αὐτοῦ,
418 552 450 586 εἰ
477 550 718 596 τελευτήσειεν
748 550 949 587 ἀδιάθετος.
998 552 1029 585 εἰ
1059 550 1128 598 γὰρ
1158 550 1207 596 μὴ
1234 552 1342 585 τοῦτο

263 595 586 642 νομοθετήσωμεν,
615 593 804 644 ἇδιάκριτα
833 599 900 641 μὲν
923 599 1026 630 ἔσται
1050 596 1096 630 τὰ
1118 597 1197 630 τῶν
1219 609 1341 643 γυναι-

1345 123 1424 171 132

1915 142 1976 172 DE
2005 141 2196 173 'rmum
2223 141 2281 172 m*
2309 141 2490 174 §mussa

1409 237 1476 272 bus
1512 238 1624 273 modis
1657 238 1702 272 ab
1733 238 1802 274 hac
1834 239 1913 288 lege
1942 241 2153 286 expellatur,
2202 241 2303 276 Sicut
2332 240 2426 276 enim
2456 240 2488 276 si

1410 283 1489 327 quis
1513 283 1691 326 legitimae
1713 283 1817 318 uxori
1847 285 2058 322 coniunctus
2085 286 2178 322 alias
2209 285 2488 330 superinducere

1411 338 1484 362 non
1515 327 1649 380 poterit
1678 327 1906 364 matrimonio
1935 331 2150 367 consistente
2182 333 2218 366 et
2249 341 2293 366 ex
2324 330 2375 366 eis
2404 330 2489 375 legi-

1410 372 1494 406 time
1511 372 1603 407 hlios
1651 382 1827 424 recreare,
1847 373 1900 409 sic
1918 385 2032 420 neque
2051 381 2135 421 post
2152 386 2194 412 co
2220 376 2342 417 uitam,
2368 385 2488 420 quem-

1378 421 1397 452 5
1412 416 1603 452 admodum
1650 417 1788 459 ‘xlmus,
1816 419 2051 455 concubinam
2073 425 2112 456 et
2131 430 2175 456 ex
2193 421 2205 456 i
2222 421 2257 455 la
2273 420 2366 456 filios
2386 419 2488 456 dabi-

1412 472 1509 504 mus,
1533 462 1563 496 si
1587 465 1624 497 et
1646 462 1742 497 aliud
1766 472 1859 507 opus
1882 463 2038 501 libidinis
2061 466 2189 510 egerit,
2222 466 2327 501 etiam
2351 465 2420 500 hoc
2444 465 2491 500 ad

1411 508 1672 542 successionem
1696 507 1772 542 eius
1802 507 1999 552 introduci,
2030 511 2060 545 si
2082 516 2243 546 mortuus
2267 510 2376 545 fuerit
2399 509 2491 545 inte-

1412 554 1536 586 status.
1585 551 1678 586 Nam
1702 552 1734 587 si
1760 553 1830 587 hoc
1853 563 1926 588 non
1951 555 2218 598 constituimus,
2253 560 2357 591 erunt
2379 555 2489 590 indis-

1413 598 1532 632 cretae
1555 597 1739 640 mulieres,
1763 607 1869 642 quam
1893 598 2007 634 maius
2030 605 2094 635 aut
2117 611 2223 645 quam
2245 601 2364 635 minus
2393 610 2490 635 ama-

262 644 350 684 κῶν,
373 645 471 677 τινος
492 641 628 686 μᾶλλον
651 639 673 685 ἢ
695 647 792 676 τίνος
812 642 965 676 ἔλαττον
990 642 1064 687 έρᾷ,
1089 638 1280 688 ἀδιάκριτα
1304 639 1398 676 3510
1412 641 1516 684 verit,
1546 641 1729 677 indiscreti
1759 642 1867 677 etiam
1896 642 1974 678 filii:
2018 648 2054 679 et
2082 656 2146 681 nos
2177 656 2250 681 non
2280 645 2490 690 praebemus

262 686 309 722 τὰ
329 689 409 723 τῶν
431 685 588 723 παίδων.
636 690 694 721 καὶ
719 685 814 731 ἡμεῖς
844 685 884 720 οὗ
912 684 1059 730 δίδομεν
1082 689 1156 720 τοῖς
1178 683 1341 732 ἀσελγαί-

262 744 400 775 νουσιν,
429 729 519 767 «ind
542 736 615 766 τοῖς
643 733 873 778 σωφρονοῦσι
903 730 947 765 τὸ
979 728 1144 775 νόμιμον.
1193 729 1242 766 Οὐ
1267 729 1342 765 δια-

292 777 455 826 ερόμεθα
477 776 517 812 δὲ
539 780 621 822 περὶ
644 779 723 811 τῶν
747 775 903 818 παίδων,
928 776 999 810 εἴτε
1023 775 1165 822 ἄρρενες
1181 776 1253 810 εἴτε
1273 774 1341 819 θή-

263 792 356 858 ΐοιαι
377 822 649 865 καθεστήκοιεν.
696 818 813 876 ὥςπερ
843 820 910 868 γὰρ
937 819 959 863 ἡ
992 820 1095 874 φόσις
1126 819 1231 856 οὐδὲν
1260 824 1342 875 neq}

1411 687 1686 730 luxuriantibus,
1705 687 1769 722 sed
1790 691 1888 722 caste
1906 687 2103 725 viventibus
2121 690 2243 734 legem.
2272 690 2355 726 Non
2371 693 2490 725 autem

1411 731 1657 776 distinguimus
1682 732 1726 767 de
1750 732 1843 773 filiis,
1869 732 1943 768 sive
1961 734 2111 769 masculi
2134 735 2207 770 sive
2230 734 2382 770 feminae
2405 735 2487 770 sint.

1412 777 1513 812 Sicut
1536 778 1628 812 enim
1646 779 1777 812 natura
1795 778 1882 812 nihil
1908 777 2005 814 circa
2028 779 2117 814 haec
2140 783 2219 815 arte
2242 780 2488 822 ratiocinatur,

1412 822 1463 856 ita
1495 832 1561 857 nec
1594 832 1660 857 nos
1691 822 1841 857 alteram
1873 822 1910 857 in
1942 824 2108 859 masculis
2139 828 2175 859 et
2205 825 2353 860 alteram
2376 825 2414 860 in
2438 825 2490 859 fe-

263 867 310 903 τὰ
336 869 487 902 τοιαῦτα
517 866 733 914 τεχνολογεῖ,
766 877 879 901 ουτως
907 864 990 900 οὐδὲ
1019 870 1118 920 ῃμεῖς
1146 865 1255 901 ἄλλον
1279 868 1326 902 ἐπ
1360 870 1397 902 15
1413 867 1517 902 minis
1542 867 1737 902 secundum
1760 867 1829 902 hoc
1854 868 2019 912 ponimus
2039 869 2161 913 legem.
2207 870 2350 905 Valebit
2369 870 2490 914 itaque

263 910 427 970 ἀρρένων
449 916 509 946 καὶ
532 911 641 947 ἄλλον
665 914 725 946 ἐπὶ
751 910 913 955 θηλειῶν
940 924 1033 945 κατα
1055 913 1164 946 τοῦτο
1189 912 1342 956 τίθεμεν

263 971 388 1003 νομον.
427 958 608 1013 Κρατήσει
632 955 672 991 δὲ
695 959 755 990 καὶ
779 956 881 990 οὗτος
904 952 923 989 ὁ
946 956 1054 1000 νόμος
1076 953 1163 1001 ἡμῖν
1187 958 1247 991 ἐπὶ
1270 960 1343 991 τοῖς

265 1003 397 1057 ἐφεξῆς,
421 1005 481 1036 καὶ
501 1001 658 1046 μαλιστα
673 1000 825 1037 πάντων
840 992 959 1035 οὗτος·
985 1000 1110 1045 ἐπειδὴ
1130 1000 1221 1048 [γὰρ]
1242 1000 1343 1047 παρὰ

263 1062 306 1083 το
328 1046 540 1094 κεκρατηκὸς
570 1045 633 1100 οὐκ
657 1045 779 1093 ὀρθῶς
802 1045 953 1080 ἄνωθεν
977 1045 1093 1082 πολλά
1115 1061 1155 1081 τε
1179 1046 1340 1091 έπηνώρ·

1412 912 1502 947 haec
1526 913 1582 947 lex
1607 912 1711 948 nobis
1735 912 1773 947 in
1797 912 1945 954 futuris,
1978 918 2014 948 et
2037 914 2187 949 maxime
2211 914 2366 950 omnium
2389 915 2489 956 haec,

1413 958 1579 1002 quoniam
1611 968 1749 1000 earum,
1785 968 1876 1002 quae
1913 958 2046 993 dudum
2077 970 2149 994 non
2184 963 2279 994 recte
2311 960 2492 1001 tenebant,

1411 1002 1566 1046 plurima
1589 1006 1624 1038 et
1647 1002 1847 1037 emendavit
1879 1007 1914 1037 et
1944 1004 2167 1048 explanavit,
2197 1007 2233 1039 et
2262 1004 2356 1048 quod
2386 1014 2490 1049 prae-

1410 1048 1526 1090 teriit,
1550 1058 1623 1082 non
1649 1051 1768 1092 potest
1791 1048 1836 1082 ab
1862 1058 1915 1089 ea,
1940 1059 2032 1093 quae
2056 1049 2211 1083 nondum
2234 1052 2327 1091 erat,
2359 1050 2491 1094 regulis

265 1094 369 1128 θωσε
391 1096 451 1146 καὶ
481 1093 702 1146 εἰςηγησατο,
734 1094 794 1125 καὶ
825 1090 868 1125 τὸ
897 1091 1111 1138 προειληφὸς
1140 1090 1205 1126 οὐκ
1235 1089 1280 1126 ἂν
1304 1094 1343 1125 ἐκ
1356 1095 1398 1127 20
1411 1093 1537 1127 subici.
1586 1093 1686 1128 Haec
1719 1103 1741 1127 a
1771 1092 1874 1127 nobis
1906 1093 1949 1128 de
1984 1094 2176 1139 praedictis
2205 1093 2491 1130 successionibus

263 1140 326 1172 τοῦ
355 1149 465 1182 ,amno
487 1148 674 1183 γεγονοτος
704 1139 940 1178 κανονίζοιτο.
995 1139 1114 1171 Ταῦτα
1143 1136 1228 1182 ἡμῖν
1260 1140 1343 1183 περὶ

264 1184 342 1217 τῶν
364 1183 562 1229 εἰρημένων
587 1180 768 1225 διαδοχῶν
792 1180 1112 1226 νενομοθετήσθω.

1412 1138 1485 1172 sint
1509 1137 1658 1173 sancita.

1261 1295 1416 1331 CAPUT
1446 1295 1507 1330 VI.

311 1360 465 1418 Κάκεῖνο
490 1361 529 1397 δὲ
553 1361 668 1415 nal-(bf
691 1364 786 1404 ἔχειν
811 1361 1106 1418 ᾠήθημενιτῷδε
1135 1360 1347 1406 πεοιλαβεῖν

265 1411 318 1453 τῷ
347 1422 460 1452 νομῳ.
505 1409 583 1442 τῶν
611 1421 679 1461 γαρ
712 1409 926 1464 ἔμπροσθεν
951 1422 1087 1453 ’νομων
1116 1395 1347 1452 βουὶομένων

1461 1362 1555 1396 Illud

1441 1407 1452 1441 l
1495 1407 1524 1441 ti
1603 1373 1719 1407 uoque
1743 1363 1833 1398 bene
1856 1363 1989 1399 habere
2005 1364 2179 1399 credimus
2203 1364 2273 1399 hac
2295 1364 2374 1409 lege
2398 1375 2492 1400 com-

1415 1418 1439 1451 p
1455 1418 1494 1442 ee
1527 1435 1534 1441 .

1611 1408 1766 1443 rioribus
1798 1409 1889 1443 enim
1922 1409 2057 1453 legibus
2086 1409 2285 1444 volentibus
2315 1410 2351 1444 in
2383 1410 2491 1445 colla—

265 1457 327 1489 έπὶ
354 1455 433 1488 τῶν
457 1465 709 1506 συνειςφορων,
741 1466 771 1486 ει
799 1455 867 1497 μὲν
891 1452 1084 1506 διαθήκης
1091 1456 1199 1499 χωρὶς
1229 1451 1345 1486 τελευ-
1360 1455 1401 1487 25
1416 1452 1591 1495 tionibus,
1629 1454 1660 1487 si
1684 1453 1823 1497 quidem
1847 1453 1924 1488 sine
1946 1456 2159 1488 testamento
2184 1459 2405 1490 morerentur
2428 1466 2491 1499 pa-

265 1497 415 1542 τήσαιεν
437 1497 474 1533 οἱ
494 1501 623 1546 γονεῖς,
656 1509 718 1532 τας
749 1509 865 1532 συνεις
894 1511 976 1544 ορας
998 1511 1090 1532 κατα
1122 1499 1190 1541 τὴν
1222 1496 1347 1531 αὐτῶν

267 1542 425 1589 δύναμιν
446 1544 629 1591 γίνεσθαι,
654 1544 686 1576 εἰ
709 1541 750 1576 δὲ
773 1545 830 1577 ἐπὶ
855 1513 1068 1587 gedinam,
1091 1542 1204 1587 μηδὲν
1228 1541 1346 1577 εἰπόν-

266 1601 322 1624 τες
341 1591 425 1634 περὶ
445 1586 579 1629 αὐτῶν,
598 1587 647 1632 μὴ
667 1586 791 1635 χώραν
809 1592 887 1623 ταῖς
906 1592 1146 1635 συνειςφοραῖς
1162 1588 1345 1635 γίνεσθαι,

265 1633 354 1669 ἀλλὰ
391 1637 452 1667 καὶ
475 1632 521 1668 τὰ
542 1632 736 1679 πράγματα
765 1636 860 1676 ἔχειν
888 1634 934 1668 τὰ
961 1633 1053 1668 κατὰ
1083 1637 1215 1680 προῖκα
1246 1632 1353 1676 τυχὸν

1415 1501 1551 1539 rentes,
1585 1498 1796 1533 collationes
1828 1499 2023 1534 secundum
2056 1508 2178 1533 earum
2211 1499 2375 1534 virtutem
2405 1499 2492 1539 fieri.

1417 1542 1447 1578 si
1470 1552 1554 1577 vero
1578 1543 1711 1585 testati,
1736 1542 1825 1578 nihil
1849 1544 2006 1578 dieentes
2031 1543 2075 1578 de
2100 1544 2160 1586 eis,
2181 1544 2298 1579 locum
2322 1555 2393 1579 non
2418 1543 2494 1578 fieri

1416 1587 1675 1630 collationibus,
1705 1588 1768 1623 sed
1789 1592 1824 1623 et
1847 1598 1904 1623 res
1929 1588 2060 1623 habere
2083 1599 2147 1633 per
2171 1589 2290 1624 dotem
2311 1588 2407 1624 forte
2430 1591 2493 1624 aut

1421 1633 1491 1667 alio
1512 1633 1615 1668 modo
1640 1633 1742 1668 datas
1766 1637 1803 1668 et
1826 1643 1917 1678 quae
1941 1637 2025 1668 sunt
2047 1634 2174 1668 relicta
2197 1633 2403 1670 defendere:
2426 1645 2493 1669 nos

266 1677 287 1724 ἢ
310 1676 407 1714 καθ’
435 1680 559 1725 ἕτερον
580 1678 719 1734 τρόπον
746 1677 919 1723 διδόμενα
940 1682 999 1713 καὶ
1023 1692 1102 1713 των
1125 1677 1350 1722 καταλελειμ-
1365 1682 1406 1712 30
1420 1677 1598 1713 sancimus
1637 1689 1708 1719 non
1744 1688 1823 1713 esse
1854 1678 1995 1714 omnino
2031 1678 2139 1713 talem
2175 1679 2395 1723 opinionem,
2431 1679 2494 1714 sed

266 1728 393 1769 μένων
415 1721 775 1778 ἆντιλαμβανεσθαι·
805 1721 903 1768 ἡμεῖς
927 1725 1164 1767 θεσπίζομεν,
1187 1722 1236 1768 μὴ
1259 1724 1351 1758 εἶναι

267 1768 457 1806 παντελῶς
479 1781 652 1811 τοιαυτην
675 1766 876 1814 πρόληψιν·
911 1766 992 1803 ἀλλ’
1020 1770 1091 1803 εἴτε
1121 1780 1175 1803 τις
1201 1766 1349 1803 ἀδιάθε-

266 1827 325 1850 τος
349 1812 591 1858 τελευτήσειεν
618 1813 688 1847 εἴτε
713 1815 773 1847 ἐπὶ
804 1812 998 1858 διαθήκαις
1029 1811 1237 1860 (ἐπειδήπερ
1266 1812 1348 1856 ἅδη-

268 1859 330 1894 λόν
354 1862 433 1894 ἐστι
455 1857 505 1904 μή
528 1871 627 1912 ποτε]
641 1856 884 1903 ἐκλαθόμενος
907 1861 984 1893 τῶν
1009 1855 1252 1903 δεδομένωνῆ
1275 1858 1347 1893 ὑπὸ

1419 1723 1493 1758 sive
1517 1723 1692 1768 quispiam
1714 1723 1904 1759 intestatus
1925 1724 2096 1759 moriatur
2113 1734 2177 1759 seu
2197 1726 2350 1759 testatus
2368 1728 2493 1769 (quon-

1419 1768 1488 1802 iam
1518 1768 1693 1803 incertum
1726 1772 1797 1810 est,
1830 1780 1874 1804 ne
1903 1768 2027 1804 forsan
2058 1769 2191 1804 oblitus
2219 1769 2401 1812 datorum,
2430 1770 2494 1803 aut

1418 1823 1482 1857 pro
1507 1814 1660 1848 tumultu
1685 1815 1806 1849 mortis
1831 1817 2043 1858 angustatus
2063 1813 2169 1848 huius
2191 1824 2262 1849 non
2285 1816 2341 1849 est
2363 1823 2493 1849 memo-

1417 1862 1549 1901 ratus),
1580 1859 1722 1893 omnino
1748 1869 1826 1894 esse
1851 1859 2058 1894 collationes
2083 1863 2119 1893 et
2151 1858 2276 1894 exinde
2299 1858 2492 1903 aequalita-

266 1907 328 1949 τῆς
362 1907 402 1939 ἐν
435 1905 492 1948 τῷ
526 1904 700 1958 θανατῳ,
720 1906 876 1949 ταραχῆς
917 1902 1247 1957 στενοχωρούμενος
1282 1902 1344 1937 οὐκ
1358 1906 1398 1938 35
1413 1906 1502 1946 tem,
1536 1903 1730 1938 secundum
1760 1904 1855 1948 quod
1889 1904 1972 1939 olim
1996 1903 2206 1948 dispositum
2230 1907 2299 1939 est:
2335 1903 2403 1939 nisi
2433 1913 2493 1938 ex-

267 1949 434 1995 ἐμνήσθη
460 1946 619 1991 τούτου),
651 1959 797 1982 παντως
826 1949 918 1982 εἶναι
950 1960 1013 1983 τας
1036 1959 1262 1994 συνειςφορας
1285 1952 1346 1981 καὶ

266 1995 333 2050 τήν
356 1995 499 2029 ἐκεῖθεν
523 1991 674 2036 ἰσότητα
706 1992 798 2027 κατὰ
821 1992 863 2028 τὸ
895 1991 962 2036 ἤδη
985 1991 1283 2047 διατεταγμένον·
1315 1994 1346 2026 εἰ

266 2054 315 2084 μη
338 2041 455 2085 ῥητῶς
476 2037 709 2083 ἐπισκήψει-εν
733 2035 839 2073 αὐτὸς
861 2036 1065 2083 βούλεσθαι
1092 2052 1140 2083 μη
1170 2039 1346 2085 γενέσθαι

267 2082 510 2132 συνειςφοράν,
546 2080 629 2116 ἀλλ’
664 2085 759 2125 ἔχειν
792 2083 860 2118 τὸν
889 2081 1181 2131 ἀναγκαζόμενον
1212 2085 1250 2117 ἐκ
1281 2084 1345 2117 τοῦ

1413 1948 1562 1992 pressim
1579 1948 1816 1992 designaverit
1838 1949 1930 1993 ipse,
1954 1949 2043 1983 velle
2066 1959 2138 1983 non
2156 1948 2237 1983 fieri
2256 1948 2491 1985 collationem.

1414 1993 1476 2028 sed
1505 1993 1639 2028 habere
1668 2003 1764 2035 eum,
1801 1994 1861 2038 qui
1894 1994 2030 2037 cogitur
2063 2004 2106 2028 ex
2136 1993 2212 2039 lege
2241 1993 2422 2037 conferre,
2458 1998 2495 2029 et

267 2143 379 2175 νομου
409 2131 683 2176 συνειςενεγκεῖν
706 2131 765 2162 καὶ
795 2128 838 2163 τὸ
868 2127 934 2172 ἤδη
966 2127 1160 2172 δεδομένον
1192 2132 1251 2162 καὶ
1274 2131 1346 2162 τοῖς
1358 2131 1401 2163 40

313 2235 386 2266 cap.
418 2221 471 2255 VI
492 2227 582 2254 extat
605 2221 639 2253 in
660 2220 696 2252 B
717 2221 771 2259 41,
794 2227 820 2261 7,
843 2227 876 2253 37
901 2221 965 2257 (B⁸
986 2233 1020 2263 p.
1045 2222 1110 2254 413
1136 2220 1264 2260 Zach.).

269 2333 338 2370 hac
353 2332 432 2378 lcqe
448 2331 624 2378 protinus
647 2330 887 2378 depellendus.
937 2329 1244 2373 Quemadmodum
1266 2329 1359 2365 enim
1382 2329 1414 2364 si
1438 2329 1519 2375 quis
1539 2329 1699 2375 leqitima
1720 2329 1836 2364 utitur
1855 2339 1986 2372 uxore,
2011 2329 2104 2364 alias
2119 2330 2269 2376 insuper
2284 2329 2493 2374 adsciscere,

269 2378 353 2414 dum
376 2379 520 2412 constat
547 2375 834 2417 matrimonium,
867 2378 903 2410 et
936 2386 985 2411 ex
1015 2375 1061 2410 iis
1086 2374 1243 2421 leqitime
1272 2373 1403 2410 liberos
1424 2385 1628 2421 procreare
1650 2374 1793 2420 nequit,
1825 2374 1878 2408 ita
1906 2385 1951 2409 ne
1975 2378 2066 2421 post
2095 2374 2330 2410 concubinam
2351 2374 2493 2420 quidem

269 2424 359 2476 leqe,
378 2420 677 2468 quemadmodum
695 2420 866 2463 diximus,
891 2420 1053 2467 aynitam
1077 2424 1113 2455 et
1135 2419 1269 2455 liberos
1288 2430 1338 2455 ex
1360 2431 1404 2455 ea
1427 2423 1615 2466 susceptos
1638 2418 1888 2461 concedemu5‚
1911 2419 1943 2454 si
1962 2418 2062 2465 quod
2082 2419 2184 2454 aliud
2202 2424 2394 2466 praeterea
2417 2419 2493 2455 libi-

269 2468 365 2504 dinis
389 2477 483 2514 opus
499 2465 720 2513 protulerit,
752 2470 794 2501 ut
818 2465 858 2500 id
879 2476 1024 2517 quoque
1047 2464 1097 2500 ad
1126 2464 1387 2500 successionem
1411 2465 1489 2500 eius
1512 2464 1736 2506 admittatur,
1766 2464 1798 2498 si
1830 2464 2021 2514 intestatus
2051 2464 2250 2500 decesserit.
2297 2463 2379 2499 Nisi
2401 2465 2495 2500 enim

270 2513 338 2549 hoc
356 2511 573 2553 sanciamus,
596 2510 735 2546 nullum
755 2511 825 2546 erit
847 2510 1039 2546 descrimen
1056 2511 1096 2545 in
1113 2509 1332 2553 mulieribus,
1356 2520 1466 2556 quam
1487 2509 1604 2555 maqis
1628 2520 1779 2555 quamve
1800 2519 1918 2544 minus
1940 2510 2124 2551 amaverit,
2149 2508 2285 2544 nullum
2305 2508 2495 2545 discrimen

269 2559 308 2594 in
339 2557 471 2593 liberis.
517 2557 636 2602 Atque
663 2567 731 2591 nos
762 2566 836 2591 non
864 2556 910 2591 iis
938 2556 1002 2602 qui
1032 2555 1239 2598 luxuriose,
1270 2554 1335 2590 sed
1367 2555 1431 2601 qui
1459 2559 1557 2590 caste
1586 2554 1723 2596 vivunt,
1758 2553 1953 2599 leqitimum
1983 2554 2041 2589 ius
2071 2553 2206 2589 damus.
2254 2553 2310 2589 Nc
2336 2565 2380 2589 ue
2410 2565 2494 2589 vero

270 2603 525 2649 distinquimus
547 2602 586 2637 in
610 2601 742 2642 liberis,
767 2601 841 2637 sive
863 2600 1015 2636 masculi
1037 2600 1111 2636 sive
1132 2600 1294 2646 feminae
1316 2600 1398 2635 sint.
1440 2598 1746 2642 Quemadmodum
1762 2598 1856 2633 enim
1879 2603 2013 2633 natura
2037 2597 2128 2633 nihil
2150 2598 2247 2633 circa
2272 2602 2309 2633 ta
2324 2599 2360 2633 ia
2384 2610 2493 2645 arqu-

273 2652 381 2690 tatur,
410 2647 465 2682 ita
487 2657 534 2682 ne
556 2657 626 2681 nos
648 2646 793 2692 quidem
816 2646 926 2681 aliam
949 2645 993 2680 de
1015 2645 1203 2687 masculis,
1235 2645 1346 2680 aliam
1375 2644 1420 2680 de
1439 2644 1588 2691 feminis
1611 2642 1680 2678 hac
1708 2643 1746 2695 in
1779 2653 1820 2678 re
1849 2642 1962 2688 leqem
1987 2644 2151 2694 ferimw.
2208 2642 2348 2694 (alebit
2376 2649 2494 2679 autem

271 2693 360 2729 baec
383 2701 529 2739 quoque
553 2691 615 2727 lex
638 2691 743 2726 nobis
764 2691 804 2725 in
824 2691 1012 2737 futurum,
1044 2694 1080 2726 et
1103 2691 1260 2726 omnium
1287 2690 1446 2726 maxime
1473 2688 1579 2724 haec:
1611 2699 1782 2734 quoniam
1808 2692 1960 2734 praeter
1986 2687 2042 2730 id,
2101 2687 2174 2722 uod
2195 2687 2279 2739 olim
2303 2698 2375 2723 non
2397 2692 2494 2724 recte

272 2737 437 2780 obtinuit,
461 2736 576 2772 multa
596 2740 632 2772 et
655 2735 854 2772 emendavit
876 2740 912 2771 et
935 2735 1162 2778 introduxit,
1194 2746 1309 2782 neque
1331 2734 1372 2770 id
1393 2733 1493 2781 quod
1507 2733 1706 2780 praeteriit
1722 2743 1775 2784 ex
1798 2743 1840 2768 eo
1862 2731 1962 2778 quod
1983 2743 2056 2767 non
2084 2743 2142 2767 um
2165 2736 2308 2775 extitit,
2331 2732 2494 2780 requlam

272 2783 438 2830 accipere
459 2781 576 2827 facile
591 2785 727 2828 potest.
776 2780 879 2816 Haec
902 2780 1006 2816 nobis
1028 2780 1072 2816 de
1095 2780 1202 2816 dictis
1224 2778 1511 2816 successionibus
1533 2778 1675 2813 sancita
1697 2781 1778 2813 sint.
2005 2822 2012 2829 ·

405 2826 468 2863 VI.
516 2824 618 2862 Illud
639 2836 783 2872 quoque
803 2826 890 2861 bene
910 2825 1041 2861 habere
1064 2826 1177 2861 visum
1200 2829 1254 2860 est
1275 2825 1380 2861 nobis
1402 2824 1470 2860 hac
1494 2823 1573 2870 leqe
1596 2822 1794 2870 complecti.
1844 2823 1930 2859 Cum
1953 2834 2046 2858 emm
2065 2823 2212 2869 priores
2236 2822 2331 2869 leqes
2353 2822 2398 2858 de
2421 2823 2493 2858 col-

272 2873 470 2910 lationibus
493 2871 748 2906 constituerint
769 2875 820 2913 ut,
845 2871 878 2905 si
926 2870 1044 2906 uidem
1066 2870 1228 2906 intestati
1247 2869 1466 2907 decesserint
1480 2872 1668 2916 parentes,
1691 2867 1904 2903 collationes
1922 2867 2117 2919 secundum
2138 2868 2207 2903 vim
2230 2879 2332 2903 suam
2347 2868 2492 2919 fierent,

272 2918 330 2955 sin
355 2921 566 2953 testamento
588 2916 695 2962 facto
718 2915 783 2951 sed
804 2921 845 2952 ut
867 2927 903 2950 nz
919 2916 959 2951 til
981 2915 1025 2951 de
1047 2915 1122 2951 illis
1145 2915 1319 2957 dixerint,
1343 2913 1596 2951 collationibus
1620 2912 1722 2949 locus
1744 2923 1818 2948 non
1837 2913 1962 2964 fieret,
1993 2923 2115 2948 verum
2138 2917 2174 2949 et
2194 2923 2254 2948 res
2276 2912 2373 2948 dotus
2392 2913 2494 2958 forte

273 2963 418 3000 nomine
439 2961 497 2998 vel
518 2960 592 2996 alio
617 2960 725 2996 modo
750 2961 858 2996 datae
880 2961 1123 2997 retinerentur
1153 2965 1189 2996 et
1210 2960 1338 2996 relicta
1361 2958 1649 2996 vindicarentur:
1683 2968 1752 2993 nos
1773 2968 1970 3008 sancimus,
2000 2957 2101 3009 vzullo
2125 2957 2234 2993 modo
2258 2957 2363 2994 talem
2385 2968 2493 3004 prac-

273 3007 474 3056 ceptionem
494 3006 600 3052 fieri;
629 3005 694 3042 sed
720 3006 795 3042 sive
818 3007 902 3052 quis
932 3006 1124 3042 intestatus
1147 3005 1339 3042 decesserit
1364 3004 1438 3041 sive
1468 3008 1677 3040 testamento
1704 3003 1809 3049 facto
1841 3006 2024 3048 (quoniam
2053 3006 2227 3038 incertum
2255 3007 2326 3044 est,
2354 3013 2403 3054 an
2434 3001 2494 3038 ob-

274 3054 360 3090 litus
382 3062 527 3095 eorum,
585 3062 654 3087 uae
684 3050 773 3086 data
802 3054 905 3094 sunt,
939 3051 995 3087 vel
1026 3050 1070 3086 ob
1093 3050 1408 3103 perturbationem
1438 3052 1555 3084 morte
1578 3048 1736 3084 instante
1767 3047 1806 3082 in
1836 3047 2026 3099 anqustias
2056 3047 2263 3099 compulsus
2285 3051 2496 3099 mentionem

274 3099 351 3136 eius
373 3098 428 3134 rei
443 3107 518 3132 non
557 3096 693 3139 ecerit),
719 3096 862 3132 omnino
876 3097 960 3142 fieri
976 3095 1188 3132 collationes
1206 3098 1315 3142 atque
1332 3106 1425 3142 quae
1445 3093 1528 3130 inde
1550 3092 1730 3129 redundat
1750 3092 2003 3139 aequalitatem
2023 3091 2218 3143 secundum
2241 3091 2281 3127 id
2303 3092 2402 3138 quod
2422 3101 2494 3127 tam

275 3144 510 3180 constitutum
540 3145 611 3178 est:
641 3141 711 3176 nisi
739 3152 912 3188 expresse
941 3142 1020 3187 ipse
1042 3141 1209 3176 statuerit
1238 3140 1337 3176 nolle
1366 3150 1405 3176 se
1435 3138 1665 3175 collationem
1693 3138 1794 3183 fieri,
1826 3136 1890 3173 sed
1919 3148 2015 3179 cum,
2051 3147 2111 3183 qut
2139 3148 2190 3173 ex
2217 3137 2295 3183 leffe
2325 3137 2494 3183 conferre

324 3259 498 3301 Ῐνομίμῳ
515 3257 717 3290 LXXXIX
722 3255 744 3296 >fl
760 3257 779 3289 2
794 3251 996 3302 ἐπεισάγειν
1012 3256 1213 3289 LXXXIX
1225 3255 1237 3298 11
1255 3257 1277 3289 4
1299 3255 1352 3298 τῷ
1425 3254 1476 3287 Ra
1499 3254 1585 3286 sieut
1606 3251 1654 3285 ΕΙ)
1676 3252 1703 3284 si
1728 3251 1820 3284 R²V
1835 3251 1922 3302 only:
1947 3249 1959 3294 11
1984 3252 2002 3283 7
2028 3250 2130 3302 fuerit
2153 3263 2210 3301 οῃι.
2232 3249 2292 3291 17¹,
2343 3256 2392 3283 ost
2409 3249 2491 3281 inte-

277 3301 378 3358 νόμφ
402 3315 461 3336 om.
486 3313 506 3339 ς
530 3309 560 3336 et
581 3301 784 3335 LXXXIX
810 3301 822 3343 11
853 3303 873 3331 6
905 3313 941 3333 τι
973 3298 1165 3379 πάρερῦον]
1191 3311 1273 3343 opus
1296 3310 1332 3351 ς(
1342 3299 1354 3344 11
1424 3296 1689 3350 status-add.V³
1707 3295 1756 3341 119
1780 3295 2028 3338 amsuermtVss
2050 3297 2089 3328 10
2110 3294 2286 3346 1nd1screte
2379 3294 2418 3326 12
2438 3293 2492 3325 de-

279 3350 299 3381 8
317 3360 387 3392 ειγε
398 3345 551 3391 τελευτχ,
570 3346 772 3380 LXXXIX
801 3344 813 3389 11
848 3347 888 3379 16
922 3343 1043 3379 αλλων
1424 3346 1624 3385 stmgumus
1634 3342 1683 3374 1⁷¹
1702 3340 1715 3385 11
1730 3343 1809 3373 sunt
1820 3342 1873 3381 (esc
1883 3342 1978 3380 corr.)
1993 3339 2048 3383 VH
2071 3342 2110 3374 13
2130 3340 2315 3372 muouatur
2369 3337 2382 3380 Ι
2403 3338 2443 3370 14
2461 3340 2492 3369 et

1117 3350 1134 3367 a

280 3405 337 3425 om.
362 3404 382 3428 ς
449 3394 493 3426 23
530 3393 557 3425 Β
579 3404 605 3426 s.
625 3403 657 3423 υ.
683 3391 739 3430 Μ,
772 3391 816 3423 id.
841 3391 874 3423 in
897 3403 958 3433 my.
983 3402 1067 3434 περι
1090 3345 1358 3462 συνδισᾷνῖρέἕᾞ

281 3438 323 3469 25
346 3434 407 3469 δια
438 3433 537 3479 ήκαις
549 3436 594 3470 M
595 3439 614 3458 ⁰
631 3435 644 3480 11
658 3432 906 3476 τελευτήσαιεν
921 3436 983 3476 13⁸]
1006 3432 1250 3477 τελευτήσοιεν
1267 3435 1343 3467 ΜΒ

282 3479 519 3522 τελευτήσειεν
542 3482 574 3515 L
599 3479 613 3525 11
638 3481 679 3514 2ῖ
704 3478 876 3526 γίνεσθαι
898 3477 1052 3523 δύναμιν
1077 3480 1126 3513 Β·
1145 3482 1157 3521 ΙΙ
1181 3475 1356 3521 διαθήκης

1426 3400 1484 3421 om.
1494 3388 1527 3421 R
1545 3386 1557 3430 11
1576 3389 1615 3420 15
1625 3386 1817 3427 secundum]
1831 3385 1923 3418 setV
1933 3383 1946 3428 11
1961 3385 2021 3417 hec
2031 3385 2082 3418 V¹
2095 3384 2108 3425 11
2130 3385 2167 3416 17
2181 3382 2337 3424 quoniam
2345 3381 2492 3414 omnium

1426 3442 1538 3465 esrum
1559 3431 1589 3464 V
1604 3430 1616 3475 11
1637 3433 1674 3464 19
1698 3430 1752 3471 ab]
1779 3443 1795 3460 ε
1810 3429 1851 3462 ab
1870 3428 1927 3472 711
1942 3429 2078 3471 regulus
2087 3427 2135 3462 R'
2182 3428 2224 3460 23
2248 3428 2337 3459 rubr.
2357 3426 2407 3458 De
2425 3426 2492 3459 ool-

1425 3475 1607 3509 lationibus
1619 3475 1653 3508 R
1670 3489 1730 3518 my.
1746 3475 1759 3519 11
1777 3473 1975 3508 credidimus
1989 3474 2022 3507 T
2034 3473 2047 3516 11
2061 3481 2154 3514 comp
2169 3470 2214 3504 eti
2225 3471 2255 3503 V
2267 3470 2280 3513 Ι
2294 3471 2337 3505 25
2349 3471 2492 3503 morien—

284 3524 334 3557 B!
350 3525 363 3566 11
378 3526 421 3558 29
439 3524 558 3568 τυχὸν]
579 3523 623 3559 τύ
667 3529 710 3559 v?
724 3525 773 3558 L¹
790 3523 804 3569 11
820 3526 862 3558 30
887 3521 1125 3576 &Boneita-B!
1136 3524 1149 3566 11
1167 3525 1209 3558 32
1226 3518 1305 3556 ἀλλ’
1322 3522 1362 3575 ,εἴ
1426 3525 1482 3553 tur
1499 3520 1548 3553 R¹
1564 3520 1576 3564 11
1595 3522 1635 3555 27
1661 3519 1775 3553 testari
1795 3518 1843 3552 R¹
1859 3517 1947 3596 {eis}
1966 3529 2004 3552 eo
2020 3517 2070 3552 Β*
2086 3515 2100 3561 Ι
2115 3517 2156 3550 28
2180 3514 2236 3567 sed
2265 3516 2308 3556 et]
2329 3517 2363 3548 et
2385 3528 2443 3549 om.
2460 3516 2493 3548 R

283 3579 336 3602 τις
349 3568 399 3602 B!
421 3569 435 3612 Ι
464 3572 507 3604 34
538 3568 603 3604 τὸν
649 3567 820 3613 εὸομόνον
848 3568 900 3604 ΒΤ
925 3569 937 3611 ΙΙ
966 3571 1008 3602 36
1035 3578 1096 3610 της
1125 3578 1248 3602 συνεισ
1297 3577 1359 3613 ρας
1425 3565 1510 3608 vuly.
1559 3567 1601 3599 30
1625 3575 1693 3597 non
1717 3565 1795 3605 esse]
1819 3563 1859 3596 de
1873 3563 1992 3596 endere
2010 3559 2086 3605 Vq
2103 3569 2260 3611 opinione
2280 3560 2313 3593 R
2329 3558 2342 3603 11
2358 3561 2400 3594 32
2424 3570 2492 3593 oer-

285 3613 349 3647 M⁰
366 3612 434 3657 1137
458 3626 505 3657 sq.
525 3614 555 3647 εἰ
578 3613 627 3658 μὴ
645 3612 715 3658 ἄρα
739 3613 856 3661 ῥητῶς
875 3613 928 3647 ΒΓ
940 3612 953 3658 11
972 3615 1014 3647 38
1038 3612 1211 3658 γίνεσθαι
1272 3612 1287 3639 Γ
1426 3612 1497 3642 tum
1580 3609 1593 3654 11
1625 3611 1666 3643 33
1697 3610 1892 3651 angustatus
1910 3607 2014 3649 R¹V1
2046 3606 2252 3647 angustiatus
2276 3604 2360 3637 R²T
2386 3603 2399 3649 11
2426 3615 2493 3637 non

1427 3655 1486 3695 est]
1519 3654 1652 3687 nomine
1675 3651 1784 3687 R²V⁰
1811 3653 1823 3694 11
1853 3655 1895 3686 35
1927 3650 2117 3690 secundum]
2138 3651 2186 3682 set
2205 3649 2239 3682 V
2258 3648 2271 3692 11
2300 3649 2388 3690 quod
2411 3649 2491 3682 olim

337 3704 356 3737 3
380 3703 528 3745 poterint
549 3703 604 3747 Vll
622 3705 799 3737 consistere
810 3703 888 3748 12¹1}
907 3705 928 3738 6
951 3703 979 3736 si
998 3706 1030 3735 et
1042 3703 1232 3743 Heimbach]
1254 3701 1282 3734 si
1301 3703 1360 3733 aut
1377 3697 1380 3702 ’
1428 3698 1516 3741 quod
1539 3699 1621 3742 disp.
1637 3698 1685 3732 R·
1701 3696 1716 3742 Ι
1738 3697 1781 3733 36
1804 3695 2050 3739 designauerint
2063 3692 2118 3739 Vfl
2136 3693 2204 3737 ipse
2227 3704 2260 3727 se
2284 3693 2370 3727 uelle
2387 3694 2437 3728 12²
