2618 4010
175 110 305 143 cch
334 108 668 141 DEFUNCTORUM
697 108 926 147 EXEQUIAS
1252 93 1331 140 321
2041 95 2147 137 Nov.
2180 95 2277 136 LIX
2309 98 2346 137 4.
2377 100 2402 137 5

1323 216 1388 252 per
1411 205 1690 242 munificentiam
1720 208 1951 242 assumuntur
1982 206 2219 243 ascetriarum
2251 216 2315 242 seu
2343 216 2401 241 ca-

1323 251 1533 287 nonicarum
1557 253 1594 287 et
1616 250 1886 294 acoluthorum,
1916 262 2022 296 quam
2047 252 2211 297 superius
2243 251 2402 287 definivi-

1324 307 1422 339 mus,
1455 307 1528 333 non
1550 296 1667 331 minus
1699 298 1781 331 octo
1803 298 1975 333 ascetrias
2009 308 2072 333 seu
2101 296 2293 333 canonicas
2324 307 2402 332 csse

1325 352 1417 387 quae
1448 352 1492 377 ex
1523 351 1738 386 unoquoque
1773 343 1945 378 asceterio
1978 346 2227 388 assumuntur,
2263 344 2300 378 et
2329 346 2401 378 tres

1294 392 1313 423 5
1327 387 1515 423 acoluthos
1539 396 1603 432 per
1627 386 1805 430 singulum
1828 389 2052 424 asceterium.

174 211 295 250 μένων
333 207 539 255 ἀσκητριῶν
578 204 658 250 ἤτοι
698 208 903 242 κανονικῶν
938 211 998 242 καὶ
1037 204 1255 242 ἀκολούθων

174 251 262 301 ὅπερ
286 251 457 299 ἀνωτέρω
483 250 715 297 διωρίσαμεν,
741 249 829 287 dieze
851 252 901 297 μὴ
926 252 1089 287 ἐλάττους
1113 250 1135 296 ἢ
1156 250 1252 287 ὀκτώ

174 297 364 343 ἆσκητρίας
383 295 405 342 ἢ
427 297 614 332 κανονικὰς
638 298 731 332 εἶναι
762 297 824 332 τὰς
856 299 894 338 ἐξ
926 296 1074 332 ἑκάστου
1099 295 1252 341 ἀσκητη-

174 348 252 390 ρίου
269 342 630 390 προςλαμβανομένας
646 346 706 377 καὶ
719 347 812 388 τρεῖς
828 341 1051 378 ἀκολούθους
1066 340 1158 378 καθ’
1174 345 1253 377 ἕκα-

174 402 261 424 στον
279 387 504 435 ἀσκητήριον.

1173 500 1331 536 CAPUT
1356 500 1400 536 V.

225 565 408 601 Δίὸοσθαι
439 566 478 602 δὲ
500 570 578 602 ταῖς
602 565 809 614 ἆσκητρίαις
840 567 919 612 ἤτοι
943 570 1148 613 κανονικαῖς
1179 571 1256 603 ταῖς

174 610 264 658 ὑπὲρ
298 610 383 646 αὐτὸ
416 612 458 647 τὸ
483 616 613 660 προῖκα
641 611 842 660 ὑπηρετοῦν
866 613 1255 659 προςλαμβανομέναις,

175 659 205 692 εἰ
228 660 294 701 μὲν
317 658 403 692 εἵσω
427 658 505 692 τῶν
529 661 623 692 νέων
646 661 778 701 τειχῶν
808 660 869 702 τῆς
892 656 1101 702 εὐδαίμονος
1124 658 1256 701 ταύτης
1324 658 1419 692 intra
1440 667 1552 693 novos
1576 667 1698 693 muros
1721 657 1835 693 felicis
1856 657 1962 692 huius
1994 657 2092 692 urbis
2125 658 2196 693 sint
2220 658 2399 702 exequiae,

175 702 311 738 πόλεως
334 703 386 746 εἴη
411 702 456 737 τὰ
480 705 540 746 τῆς
565 705 730 751 ἐκφορᾶς,
755 703 835 750 ἄχρι
858 703 1030 739 tremissis
1056 703 1170 744 solidi,
1200 704 1255 737 οὗ-
1324 712 1436 746 usque
1461 703 1508 738 ad
1531 704 1653 738 ternos
1677 702 1826 747 solidos,
1862 702 1950 737 nihil
1980 711 2024 736 ex
2056 702 2125 737 hoc
2149 703 2292 747 penitus
2318 713 2399 737 aco-

176 748 236 782 δὲν
268 750 306 781 ἐκ
338 746 480 783 τούτων
512 749 700 783 παντελῶς
732 751 809 784 τῶν
832 746 1048 783 ἀκολούθων
1072 751 1253 792 κομιζομέ-
1270 747 1434 783 1011111115
1466 747 1725 792 accipientibus
1768 757 1883 792 neque
1921 747 2159 783 dividentibus
2194 748 2282 783 haec
2321 758 2401 782 cum

175 806 251 828 νων
272 790 356 827 οὐδὲ
370 796 615 841 μεριζομένων
636 796 752 828 ταῦτα
771 793 862 838 μετὰ
881 795 959 828 τῶν
977 791 1254 838 εὐλαβεστάτων
1323 792 1616 828 reverentissimis
1661 793 1821 828 ascetriis
1866 795 1930 828 aut
1973 793 2175 837 canonicis3
2223 793 2401 828 acoluthis

174 837 380 884 ἀσκητριῶν
396 836 416 882 ἢ
434 840 653 874 κανονικῶν’
682 840 759 873 τῶν
782 838 822 873 δὲ
837 836 1053 873 ἀκολούθων
1069 839 1147 872 τῶν
1162 837 1253 882 μετὰ
1322 841 1440 873 autem
1475 838 1534 882 qui
1565 841 1648 882 post
1676 841 1749 873 tres
1780 837 1891 883 gratis
1923 837 2164 873 ministrantes
2198 840 2401 879 sumuntur,

175 882 256 918 τοὺς
287 887 379 929 τρεῖς
412 883 493 918 τοὺς
518 888 648 930 προῖκα
678 882 944 931 ὑπηρετοῦντας
970 882 1251 929 παραλαμβανο-
1323 883 1353 918 si
1377 883 1517 927 quidem
1542 883 1602 918 alii
1625 887 1698 919 tres
1723 884 1866 926 fuerint,
1892 883 2069 918 contentis
2090 882 2225 927 siliquis
2241 883 2402 927 (tribus),

174 931 307 973 μένων,
332 930 364 962 εἰ
383 932 449 973 μὲν
474 931 589 976 ἕτεροι
613 933 704 975 τρεῖς
725 930 805 971 εἷεν,
827 929 1057 976 ἀρκουμένων
1078 932 1253 974 κερατιόις
1323 928 1353 963 si
1385 930 1506 962 autem
1538 938 1619 971 sex,
1655 929 1791 974 siliquis
1822 938 1904 971 sex,
1941 931 1977 963 et
2009 928 2174 973 deinceps
2207 927 2403 963 secundum

176 977 303 1019 τρισίν,
329 975 360 1007 εἰ
383 973 422 1008 δὲ
446 975 493 1016 ἕξ,
519 979 692 1020 κερατίοις
709 975 757 1016 ἕξ,
783 977 840 1008 καὶ
864 974 987 1019 ἐφεξῆς
1012 972 1103 1007 κατὰ
1123 974 1253 1007 τοῦτον
1270 976 1309 1008 15
1323 973 1419 1007 1111110
1441 972 1584 1008 modum
1609 974 1716 1008 etiam
1750 974 1793 1009 de
1816 974 1871 1009 his
1895 973 2098 1017 gubernari.
2149 973 2292 1009 Certum
2316 982 2402 1007 vero

175 1020 240 1052 τὸν
264 1018 401 1064 τρόπον
431 1023 490 1053 καὶ
513 1019 558 1054 τὰ
582 1023 663 1065 περὶ
695 1017 819 1053 αὐτῶν
843 1017 1070 1053 διοικεῖσθαι.
1120 1016 1252 1064 πρόδη-
1323 1021 1379 1053 051
1402 1018 1502 1061 quia,
1536 1018 1566 1053 si
1591 1021 1626 1053 et
1658 1019 1812 1072 spatium
1843 1019 1923 1063 plus
1958 1018 2131 1054 consistat
2165 1021 2202 1053 et
2225 1018 2286 1062 qui
2308 1018 2402 1053 lecto

176 1063 238 1097 λον
263 1062 302 1097 δὲ
327 1062 384 1107 ais,
409 1065 439 1098 εἰ
464 1068 523 1098 καὶ
547 1063 588 1098 τὸ
605 1063 783 1109 διάστημα
809 1063 933 1099 πλεῖον
952 1063 1173 1106 καθεστήκοι
1195 1067 1254 1097 καὶ
1323 1063 1526 1098 ministrant
1559 1063 1685 1099 decani
1715 1065 1837 1109 plures
1875 1064 1946 1100 sint
1977 1064 2046 1110 <et>
2080 1064 2257 1099 asceteria
2286 1064 2402 1108 plura,

175 1109 210 1142 οἱ
240 1110 284 1151 τῆ
309 1109 410 1153 κλίνη
435 1108 715 1155 ὑπηρετοὺμενοι
745 1107 890 1143 δεκανοὶ
921 1107 1062 1143 πλείους
1094 1109 1164 1142 εἷεν
1194 1111 1254 1142 καὶ
1323 1110 1471 1153 propter
1494 1108 1600 1143 huius
1626 1119 1716 1144 onus
1740 1119 1889 1153 parvum
1913 1109 2019 1144 etiam
2041 1109 2175 1153 aliquid
2198 1108 2286 1153 ipsis
2303 1108 2402 1144 dabi-

175 1152 220 1188 τὰ
235 1146 431 1201 ἆὸκητήρὶιι
457 1154 615 1196 πλείονα,
641 1153 699 1188 διὰ
723 1153 765 1188 τὸ
791 1152 922 1196 ταύτης
945 1151 1054 1200 βάρος
1077 1153 1191 1199 βραχύ
1217 1166 1254 1187 τι
1322 1157 1382 1188 tur
1407 1153 1601 1188 secundum
1626 1154 1890 1190 similitudinem
1922 1154 1968 1189 ad
1992 1154 2158 1190 asceterii
2181 1154 2404 1198 disciplinam

176 1202 235 1232 καὶ
262 1197 379 1233 αὐτοῖς
412 1198 613 1245 δοθήσεται
645 1196 738 1233 καθ’
766 1196 963 1243 ὁμοιότητα
994 1200 1072 1250 τῶν
1097 1198 1185 1243 πρὸς
1209 1197 1254 1232 τὰ
1269 1201 1310 1233 20
1323 1198 1573 1241 laborantium,
1606 1200 1647 1233 ut
1670 1199 1869 1234 differentia
1892 1199 2026 1235 laboris
2050 1199 2236 1234 videantur
2260 1198 2405 1243 aliquod

177 1242 394 1288 [ἅσκητήρια]
429 1246 489 1288 τῆς
517 1243 657 1287 κηδείας
692 1247 945 1288 πονουμένων,
982 1240 1070 1278 ὡςτε
1101 1246 1146 1291 τῇ
1179 1242 1253 1278 δια·
1323 1247 1359 1279 et
1381 1244 1452 1288 ipsi
1483 1243 1616 1278 habere
1646 1243 1731 1278 hinc
1756 1244 1941 1279 solacium.
1990 1244 2141 1280 Videtur
2164 1247 2284 1280 autem
2306 1244 2404 1278 intra

176 1290 270 1334 φορᾷ
293 1291 357 1323 τοῦ
381 1288 492 1323 κόπου
517 1287 636 1323 δοκεῖν
666 1303 750 1323 τινα
784 1292 844 1322 καὶ
869 1287 996 1324 αὐτοὺς
1019 1292 1113 1332 ἔχειν
1138 1290 1252 1323 ἑντεῦ-
1323 1299 1434 1324 novos
1452 1299 1572 1324 muros
1592 1291 1629 1323 et
1645 1289 1820 1325 transitus
1835 1289 2114 1325 Iustinianarum
2136 1299 2200 1324 seu
2219 1290 2404 1334 Sycorum‚

175 1335 247 1368 θεν
280 1333 506 1380 παραψυχήν.
557 1336 684 1368 Δοκεῖν
719 1332 757 1368 δὲ
780 1334 908 1380 <εἴναι>
938 1334 1024 1369 εἵσω
1057 1335 1135 1368 τῶν
1158 1337 1254 1368 νέων
1325 1334 1490 1378 quoniam
1514 1344 1586 1369 non
1610 1333 1714 1378 longe
1739 1334 1903 1370 consistit
1926 1344 1993 1369 nec
2017 1337 2096 1379 eget
2120 1335 2292 1379 ampliore
2315 1337 2404 1368 tem-

175 1380 305 1421 τειχῶν
339 1383 399 1412 καὶ
434 1378 476 1413 τὸ
512 1382 657 1427 πέραμα
689 1376 959 1413 Ἰουστινιανῶν
996 1379 1074 1422 ἤτοι
1110 1380 1253 1422 Συκῶν,
1322 1389 1410 1424 pore
1445 1379 1500 1415 vel
1532 1379 1655 1415 labore
1693 1379 1738 1414 ad
1769 1379 1983 1415 veniendum
2016 1379 2078 1414 ibi.
2127 1379 2164 1414 Si
2200 1389 2282 1414 vero
2315 1379 2404 1414 foris

176 1422 299 1467 ἐπειδὴ
316 1423 364 1468 μὴ
384 1421 508 1471 πόρρω
529 1426 732 1467 καθέστηκε
751 1423 842 1469 μηδὲ
862 1423 977 1459 δεῖται
994 1423 1156 1459 πλειόνος
1173 1423 1251 1469 χρό-
1268 1427 1309 1459 25
1322 1435 1433 1460 novos
1457 1435 1578 1460 muros
1602 1423 1717 1460 felicis
1741 1424 1847 1459 huius
1881 1425 1979 1460 urbis
2005 1424 2176 1468 exequiae
2200 1424 2306 1467 fiant,
2343 1427 2406 1459 aut

175 1482 237 1503 νου
262 1466 282 1511 ἣ
307 1467 421 1503 πόνου
446 1469 534 1515 πρὸς
556 1468 623 1512 τὴν
648 1468 772 1514 ἄφιξιν
796 1469 862 1513 τὴν
887 1471 1007 1504 ἐκεῖσε.
1052 1471 1097 1503 Εἰ
1120 1468 1159 1503 δὲ
1181 1471 1252 1510 ἔξω
1324 1470 1431 1504 etiam
1462 1470 1499 1504 in
1531 1469 1621 1504 alios
1653 1470 1828 1506 transitus
1861 1470 1949 1505 citra
1981 1469 2040 1514 qui
2072 1469 2188 1504 dictus
2213 1472 2285 1512 est,
2318 1472 2406 1504 tunc

174 1516 250 1548 τῶν
281 1517 376 1548 νέων
399 1516 530 1557 τειχῶν
560 1516 621 1558 τῆς
645 1513 854 1559 εὐδαίμονος
884 1514 1015 1558 ταύτης
1038 1512 1176 1549 πόλεως
1201 1517 1253 1548 ἑκ-
1323 1515 1495 1551 ascetrias
1521 1514 1663 1559 quidem
1688 1524 1752 1550 seu
1773 1515 1965 1550 canonicas
1991 1514 2170 1550 dimidiam
2190 1516 2328 1558 partem
2347 1524 2404 1548 so-

175 1558 269 1605 φορὰ
292 1562 443 1606 γένοιτο,
468 1557 489 1602 ἢ
510 1562 569 1593 καὶ
593 1562 632 1594 ἐν
652 1563 724 1594 τοῖς
747 1559 864 1594 ἄλλοις
885 1558 1068 1606 περάμασι
1093 1559 1191 1607 παρὰ
1212 1559 1253 1594 τὸ
1322 1560 1385 1595 lidi
1418 1560 1597 1604 accipere,
1635 1570 1750 1605 neque
1785 1561 1845 1595 hic
1882 1559 2226 1596 communicantibus
2261 1559 2405 1603 penitus

175 1606 371 1651 εἰρημένον,
396 1606 592 1648 τηνικαῦτα
616 1604 680 1639 τὰς
703 1608 768 1649 μὲν
792 1603 982 1651 ἀσκητρίας
1006 1604 1085 1648 ἤτοι
1111 1619 1253 1639 κανονι-
1323 1605 1396 1640 11110
1427 1606 1531 1641 modo
1563 1605 1613 1640 eis
1647 1605 1844 1648 acoluthis,
1882 1606 1969 1651 ipsis
2002 1607 2121 1640 autem
2157 1605 2334 1640 acoluthis
2370 1605 2407 1639 in

176 1650 238 1684 κάς
258 1649 438 1685 dimidiam
458 1653 596 1695 partem
617 1650 722 1686 solidi
743 1649 954 1694 λαμβάνειν,
979 1648 1062 1684 οὐδὲ
1086 1651 1253 1684 ἐνταῦθα
1269 1654 1309 1685 30
1323 1651 1463 1695 singulo
1498 1650 1671 1686 asceterio
1705 1654 1876 1695 quattuor
1907 1650 2166 1695 accipientibus
2199 1650 2345 1694 siliquas
2371 1651 2407 1684 et

174 1694 451 1729 κοινωνούντων
475 1694 663 1730 παντελῶς
686 1693 770 1729 κατ’
795 1694 900 1729 οὐδὲν
926 1693 1049 1729 αὐταῖς
1071 1697 1150 1730 τῶν
1175 1693 1252 1729 ἇκο-
1323 1696 1418 1731 ultra
1448 1696 1538 1732 haec
1566 1695 1666 1738 nihil,
1699 1696 1895 1732 secundum
1927 1698 2158 1732 memoratam
2186 1694 2404 1730 divisionem.

176 1738 335 1783 λούθων,
361 1738 483 1775 αὐτῶν
504 1739 543 1775 δὲ
564 1742 640 1775 τῶν
662 1737 878 1775 ἀκολούθων
903 1739 962 1785 ἐφ’
988 1739 1128 1784 ἑκάστῳ
1149 1739 1253 1783 ἀσκη-
1323 1742 1508 1778 Asceterio
1533 1745 1703 1786 sequente
1735 1741 1844 1778 oratis
1876 1741 1998 1777 datum
2022 1742 2156 1777 lectum
2186 1750 2266 1776 cum
2291 1740 2407 1776 tribus

175 1789 286 1831 τηρίω
321 1788 491 1829 quattuor
516 1786 663 1831 siliquas
696 1788 942 1831 κομιζομένων
974 1789 1033 1819 καὶ
1059 1789 1151 1830 πέρα
1175 1786 1254 1820 τού-

175 1844 252 1865 των
267 1830 390 1875 μηδέν,
415 1833 506 1865 κατὰ
531 1830 597 1875 τὴν
614 1832 804 1878 εἰρημένην
829 1830 1014 1878 διαίρεσιν.
1060 1833 1124 1865 τοῦ
1149 1828 1254 1874 ἆσκη·

175 1880 297 1922 τηρίου
328 1878 390 1911 τοῦ
422 1879 674 1922 παρεπομένου
705 1878 748 1924 τῇ
782 1880 914 1921 προῖκα
950 1874 1121 1923 διδομένῃ
1151 1875 1254 1924 κλίνῃ
1269 1879 1312 1912 35

1370 566 1460 602 Dari
1484 569 1604 602 autem
1628 566 1789 602 ascetriis
1815 576 1878 602 seu
1904 566 2084 602 canonicis
2109 567 2164 602 his
2193 577 2283 611 quae
2311 567 2401 602 citra

1325 622 1435 647 unum
1466 611 1562 656 quod
1585 611 1696 656 gratis
1728 612 1907 647 ministrat
1932 614 2174 656 assumuntur,
2206 613 2236 647 si
2261 612 2401 656 quidem

176 1989 277 2025 litate
301 1988 516 2024 adhibentur
539 1989 776 2024 ascetriarum
807 1989 863 2024 vel
885 1988 1145 2024 canonicarum
1174 1991 1210 2023 et
1233 1987 1503 2030 acoluthorum,
1537 1999 1645 2033 quam
1669 1998 1784 2033 supra
1807 1988 2051 2033 definivimus,
2083 1989 2136 2024 ita
2158 1992 2199 2024 ut
2221 2000 2295 2025 non
2312 2002 2408 2036 pau-

176 2035 293 2114 ciolres
316 2045 425 2080 quam
457 2037 538 2069 octo
566 2035 640 2070 sint
662 2034 839 2070 ascetriae
868 2033 925 2070 vel
947 2034 1144 2069 canonicae
1168 2044 1218 2069 ex
1240 2033 1395 2078 sinqulis
1419 2034 1604 2069 asceteriis
1628 2033 1866 2076 adhibendae,
1898 2037 1935 2070 et
1959 2037 2032 2069 tres
2055 2034 2219 2070 acoluthi
2243 2046 2312 2081 per
2336 2036 2409 2071 sin-

202 2091 225 2114 u
241 2091 264 2114 a
288 2080 473 2115 asceteria.

175 2091 200 2125 ‘q
310 2124 354 2160 V.
403 2123 456 2160 Iis
486 2127 604 2160 autem
633 2123 797 2159 ascetriis
832 2123 887 2159 vel
917 2123 1104 2159 canonicis
1141 2135 1235 2169 quae
1257 2126 1410 2170 praeter
1445 2124 1564 2169 ipsum
1593 2125 1807 2161 asceterium
1841 2125 1961 2170 qratis
1993 2124 2205 2160 ministrans
2240 2125 2409 2162 adhiben-

178 2174 247 2212 tur,
272 2170 303 2204 si
327 2169 469 2215 quidem
493 2170 591 2204 intra
615 2179 729 2215 novos
752 2179 876 2203 muros
900 2168 1007 2203 huius
1027 2168 1150 2214 felicis
1174 2168 1274 2203 urbis
1297 2169 1476 2213 exequiae
1496 2169 1603 2213 fiant,
1628 2181 1742 2215 usque
1766 2169 1816 2204 ad
1835 2170 2032 2205 tremissem
2052 2169 2195 2212 dentur,
2219 2181 2289 2206 neu
2310 2172 2410 2216 quic-

177 2226 284 2260 quam
310 2215 455 2249 omnino
487 2213 571 2249 inde
594 2213 756 2249 acoluthi
780 2215 963 2259 accipiant
994 2224 1080 2249 neve
1101 2213 1314 2259 partiantur
1345 2224 1388 2248 ea
1413 2223 1492 2247 cum
1516 2214 1800 2258 reliqiosissimis
1824 2214 1989 2250 ascetriis
2020 2214 2076 2249 vel
2106 2215 2311 2250 canonicis:
2345 2217 2410 2252 sed

177 2259 338 2295 acoluthi
362 2260 424 2304 qui
443 2262 529 2305 post
553 2262 625 2294 tres
647 2258 732 2293 illos
749 2258 868 2304 qratis
888 2258 1134 2293 ministrantes
1153 2257 1381 2298 adhibentur,
1400 2258 1432 2292 si
1452 2257 1595 2301 quidem
1618 2259 1725 2293 alteri
1750 2264 1822 2294 tres
1839 2259 1924 2301 sint,
1947 2259 2091 2304 siliquis
2116 2259 2231 2295 tribus
2251 2262 2410 2297 contenti

176 2306 259 2346 sint,
283 2305 340 2339 sin
366 2315 434 2339 sex
456 2304 539 2345 sint,
564 2303 704 2348 siliquis
728 2314 808 2346 sese,
832 2307 943 2348 atque
965 2303 1018 2338 ita
1043 2302 1166 2338 deince
1193 2313 1211 2337 s
1233 2301 1427 2337 secundum
1452 2302 1547 2337 hunc
1571 2303 1715 2338 modum
1740 2304 1847 2338 etiam
1872 2314 1966 2348 quae
1989 2304 2039 2338 ad
2055 2314 2117 2339 eos
2135 2305 2320 2350 pertinent
2343 2306 2408 2340 ad-

177 2350 433 2385 ministrentur.
485 2349 765 2384 Consentaneum
790 2352 908 2383 autem
932 2352 1004 2389 est,
1036 2347 1069 2382 si
1091 2351 1126 2382 et
1149 2314 1324 2382 chisianae
1348 2347 1465 2381 maior
1496 2348 1544 2382 sit
1567 2351 1603 2382 et
1625 2347 1754 2383 decani
1786 2348 1848 2393 qui
1875 2349 2017 2392 feretro
2042 2349 2278 2384 ministerium
2295 2361 2408 2396 prae-

177 2399 274 2430 stent
294 2395 419 2441 plures
442 2394 516 2429 sint
538 2397 574 2429 et
597 2393 772 2429 asceteria
793 2393 922 2438 plura,
947 2395 1107 2439 propter
1132 2403 1224 2427 onus
1246 2392 1378 2438 feretri
1401 2391 1475 2426 illis
1498 2392 1589 2438 ipsis
1622 2403 1764 2472 quoque
1788 2393 1962 2438 eoeiquum
1986 2393 2127 2438 aliquid
2150 2393 2308 2429 dandum
2333 2406 2409 2431 esse

178 2440 227 2475 ad
248 2439 515 2475 similitudinem
539 2449 663 2474 eorum
688 2438 751 2483 qui
776 2441 836 2479 [ex
859 2438 1054 2479 asceteriis]
1080 2437 1246 2481 exequiis
1270 2436 1495 2472 celebrandis
1520 2448 1669 2484 operam
1718 2441 1788 2480 ent,
1813 2442 1855 2472 ut
1870 2441 2030 2483 propter
2054 2438 2246 2474 discrimen
2272 2440 2408 2475 laboris

177 2485 249 2520 iisi
280 2496 424 2530 quoque
455 2483 630 2519 solacium
661 2483 813 2529 aliquod
841 2482 925 2517 inde
954 2482 1085 2518 habere
1115 2482 1316 2517 videantur.
1368 2480 1527 2517 Ceterum
1558 2482 1658 2517 intra
1689 2493 1813 2517 muros
1844 2493 1959 2518 novos
1991 2493 2067 2519 esse
2098 2484 2205 2518 etiam
2237 2486 2409 2521 traiectus

201 2530 466 2566 ustinianarum
490 2540 553 2565 seu
567 2528 744 2574 Sycarum
761 2528 938 2569 videatur,
963 2527 1133 2572 quoniam
1157 2537 1230 2561 non
1255 2526 1362 2572 lonqe
1387 2526 1498 2561 distat
1521 2538 1636 2572 neque
1659 2527 1797 2563 maiore
1822 2531 1982 2579 tempore
2005 2532 2069 2563 aut
2093 2528 2215 2564 labore
2240 2540 2332 2575 opus
2355 2534 2410 2566 est

178 2579 219 2611 ut
241 2575 328 2611 illuc
350 2575 525 2611 veniatur.
574 2574 615 2609 Si
634 2585 716 2609 vero
738 2577 847 2609 extra
871 2583 983 2607 novos
1007 2583 1129 2607 muros
1153 2571 1259 2606 huius
1277 2571 1400 2616 felicis
1423 2571 1524 2607 urbis
1546 2572 1724 2617 exequiae
1741 2573 1837 2617 siant
1859 2583 1932 2608 stoc
1953 2572 2060 2608 etiam
2081 2573 2119 2607 in
2141 2575 2269 2609 ceteris
2291 2578 2408 2610 trans-

178 2620 329 2655 marinis
353 2620 443 2655 locis
470 2623 624 2665 praeter
647 2619 748 2653 illum
773 2629 876 2664 quem
900 2617 1079 2659 diximus,
1115 2621 1199 2652 tunc
1223 2617 1398 2652 ascetriae
1430 2616 1572 2662 quidem
1604 2628 1668 2652 seu
1699 2617 1897 2653 canonicae
1921 2617 2105 2652 dimidiam
2131 2622 2277 2664 partem
2301 2620 2409 2655 solidi

178 2667 372 2712 accipiant,
397 2676 441 2699 ac
463 2676 508 2700 ne
532 2664 589 2699 hic
613 2664 754 2709 quidem
779 2662 939 2699 acoluthi
962 2662 1037 2697 ullo
1059 2662 1204 2697 omnino
1226 2661 1333 2696 modo
1358 2662 1395 2696 in
1413 2665 1560 2707 partem
1585 2673 1664 2696 cum
1686 2662 1759 2698 illis
1779 2662 1934 2704 veniant,
1959 2663 2032 2714 ipsi
2050 2666 2168 2698 autem
2189 2664 2352 2700 acoluthi
2371 2666 2409 2699 in

178 2711 331 2757 sinqulis
355 2710 539 2745 asceteriis
562 2712 735 2755 quattuor
751 2709 905 2753 siliquas
929 2707 1113 2753 accipiant
1147 2717 1212 2742 nec
1229 2709 1426 2752 praeterea
1452 2707 1657 2752 quicquam,
1682 2707 1876 2742 secundum
1901 2707 2108 2743 divisionem
2132 2709 2240 2744 modo
2265 2709 2407 2745 dictam.

178 2756 397 2792 Asceterium
428 2766 512 2791 vero
546 2754 645 2800 quod
673 2755 852 2799 feretrum
884 2753 1002 2799 qratis
1031 2752 1251 2798 praestitum
1282 2755 1456 2797 sequatur
1489 2763 1567 2786 cum
1601 2752 1715 2787 tribus
1739 2752 1919 2788 acoluthis
1951 2753 2070 2799 ipsum
2094 2764 2238 2800 quoque
2262 2755 2408 2791 omnino

230 2872 241 2902 1
265 2866 493 2913 ἀσκητηρίων
506 2869 537 2901 L
557 2867 569 2911 11
592 2869 611 2901 3
633 2866 783 2901 ἑκάστου
804 2863 996 2910 ἀσκητρίου
1009 2866 1060 2898 La
1076 2865 1087 2909 11
1116 2867 1133 2898 7
1148 2862 1256 2898 *αὐτὸ

181 2913 222 2948 τὸ
239 2916 368 2959 προῖκα
385 2911 588 2960 ὑπηρετοῦν
611 2915 730 2956 scripsi
750 2925 787 2945 ex
808 2924 826 2948 ς
851 2913 904 2953 (cf.
919 2913 995 2952 322,
1010 2913 1070 2952 26)]
1101 2908 1143 2943 τὸ
1170 2905 1256 2942 αὐτὸ

180 2962 310 3004 προῖκα
331 2955 521 3003 ὑπηρετεῖν
542 2954 747 3001 (ὖπηρετοῖν
762 2958 805 2999 L)
829 2957 900 2989 ML
927 2954 980 2997 (τὸ
1003 2953 1101 2997 αὐτῷ
1127 2956 1258 2999 προῖκα

180 3001 380 3048 ὑπηρετοῦν
404 3004 606 3045 Zachariae)
632 3003 643 3046 11
669 3005 689 3037 9
714 2999 819 3045 *ἄχρι
843 3001 1001 3034 tremissis
1026 3001 1124 3033 solidi
1149 2999 1259 3042 (solidi

184 3052 294 3082 abesse
307 3049 425 3089 malim)
447 3050 581 3090 ,ςενῐρεὴ
607 3049 649 3090 cjl
663 3048 786 3080 Iulian.
800 3047 981 3079 tremissem
994 3045 1161 3078 asceteriis
1184 3046 1257 3088 (leq.

181 3093 340 3134 ascetriis)
364 3093 542 3135 praestari,
575 3094 632 3125 ubi
660 3093 794 3124 tressem
824 3092 906 3124 male
931 3092 1064 3124 coniecit
1096 3091 1258 3130 Cuiacius]

183 3136 262 3183 ἄχρι
275 3138 363 3170 terni
375 3137 489 3170 solidis
505 3139 542 3179 (s.
557 3150 583 3171 v.
599 3136 713 3181 τριῶν
727 3134 974 3179 νομισμάτων)
989 3136 1035 3168 Μ
1052 3132 1133 3178 ἄχρι
1146 3134 1260 3178 τριῶν

183 3181 418 3226 νομισμάτων
432 3183 463 3214 L
487 3192 591 3223 usque
608 3182 649 3214 ad
666 3184 777 3214 ternos
793 3181 913 3213 solidos
931 3193 949 3216 ς
973 3177 1052 3224 ἄχρι
1066 3181 1168 3211 trium
1183 3180 1260 3221 (ter-

183 3239 302 3260 norum
316 3228 516 3269 Zachariae)
531 3226 710 3259 solidorum
724 3227 809 3269 vulq.
828 3225 840 3264 ΙΙ
868 3228 908 3259 10
923 3225 977 3258 τῶ
991 3221 1183 3257 ἀκολούθου
1197 3225 1228 3257 L
1250 3224 1261 3265 11

185 3276 226 3307 16
243 3274 326 3317 περὶ
339 3269 448 3304 αὐτοῦ
462 3272 494 3304 L
515 3271 527 3315 11
555 3273 596 3304 20
607 3284 654 3314 sq.
670 3269 756 3315 πρὸς
768 3268 814 3303 τὰ
827 3268 1021 3314 ἇσκητηρια
1036 3269 1096 3311 τῆς
1109 3266 1260 3311 κηδείας]

185 3319 226 3351 ad
246 3317 396 3350 asceterii
415 3316 623 3358 disciplinam
643 3327 670 3351 ς.
705 3311 902 3360 άσκητήρια
922 3315 1040 3348 seclusi
1053 3314 1064 3357 11
1085 3315 1126 3347 23
1150 3312 1262 3347 *εἶναι

185 3364 322 3401 inserui3
360 3364 400 3405 cf.
427 3362 547 3395 Iulian.
580 3361 670 3393 intra
702 3371 804 3393 novos
834 3370 945 3392 muros
975 3359 1126 3391 videatur
1158 3370 1225 3391 esse
1252 3357 1263 3401 11

186 3409 229 3442 26
254 3408 388 3440 ἐκείνου
414 3408 464 3439 La
490 3406 501 3449 11
528 3407 570 3438 30
596 3405 766 3437 dimidiam
790 3407 918 3447 partem
942 3404 1056 3436 solidis
1081 3404 1130 3445 M,
1155 3399 1263 3446 ἥμισυ

186 3451 344 3495 νόμισμα
362 3453 409 3484 M
415 3465 439 3484 s.
451 3465 492 3492 v.‚
511 3451 542 3483 L
557 3450 731 3487 (semissem
746 3450 881 3490 Iulian.)
901 3448 914 3493 11
938 3450 979 3482 33
995 3450 1172 3490 quatotuor
1192 3448 1263 3481 sili-

188 3508 268 3538 quas
282 3498 336 3539 M,
361 3499 519 3540 τέσσαρα
539 3491 684 3540 κεράτια
704 3495 751 3527 M
755 3508 780 3527 s.
790 3508 831 3536 v.,
851 3495 882 3527 L

236 3589 251 3619 1
272 3588 517 3618 assummuntur
539 3599 556 3618 r
574 3584 586 3625 11
602 3584 830 3617 asciteriarum
849 3584 883 3616 V
900 3583 1119 3616 assistriarum
1140 3596 1157 3616 r
1174 3582 1187 3627 11
1212 3595 1263 3616 ca-

189 3631 384 3663 nonicorum
406 3632 439 3663 V
451 3630 463 3674 11
480 3632 499 3663 2
518 3633 550 3662 01
573 3642 630 3662 om.
645 3643 661 3662 r
678 3628 690 3673 11
708 3628 928 3661 diffiniuimus
953 3642 969 3661 r
985 3628 998 3671 11
1024 3630 1043 3661 3
1069 3639 1135 3660 11011
1154 3629 1264 3660 minus

191 3688 247 3708 om.
267 3675 317 3719 1711
329 3676 495 3708 asciterias
512 3674 733 3708 Vasscistrias
746 3688 763 3707 r
775 3674 786 3717 11
799 3675 821 3707 4
833 3673 985 3706 asciterio
1001 3674 1037 3707 V
1047 3673 1212 3706 asscistrio
1225 3687 1241 3706 r
1251 3672 1263 3717 11

259 3730 310 3757 ΙΙΙ.

1328 2867 1346 2898 5
1372 2863 1508 2896 acolitas
1533 2877 1610 2907 rpr.
1636 2865 1767 2898 acolitis
1788 2866 1822 2898 V
1844 2866 1857 2909 11
1887 2866 2077 2899 asciterium
2099 2867 2134 2900 V
2150 2868 2334 2901 assistrium
2358 2883 2375 2902 r
2398 2869 2411 2913 11

1328 2911 1347 2942 6
1368 2909 1529 2941 asciteriis
1550 2910 1584 2942 V
1601 2910 1776 2943 asscistriis
1796 2924 1813 2943 r
1836 2910 1848 2954 11
1876 2914 1893 2944 7
1920 2922 2043 2954 aunum
2057 2913 2126 2953 (sic)
2140 2926 2157 2945 r
2173 2912 2185 2957 11
2212 2913 2410 2947 *ministrat

1328 2956 1554 2995 assumuntur]
1580 2954 1766 2987 offiistratas
1790 2958 1968 2989 sumuntur
1996 2957 2030 2989 V
2058 2958 2250 2990 ministrans
2274 2969 2409 2991 sumun—

1328 3002 1384 3032 tur
1407 3012 1424 3031 r
1451 2998 1463 3042 11
1489 3001 1508 3033 8
1532 2999 1600 3031 51111
1621 3012 1679 3033 om.
1703 3000 1737 3033 V
1755 2999 1768 3042 11
1791 3002 1811 3034 9
1836 3001 1969 3042 solidos]
1994 3001 2056 3034 soli
2079 3012 2123 3034 an
2146 3016 2163 3035 r
2197 3003 2325 3036 scilicet
2346 3004 2380 3037 V
2399 3003 2411 3047 11

1332 3047 1368 3078 11
1386 3044 1541 3076 assistriis
1557 3057 1575 3077 r
1598 3045 1776 3077 ascisteriis
1796 3046 1831 3078 V
1842 3045 1854 3089 11
1870 3046 1985 3079 acoliti
2005 3045 2060 3090 VH
2081 3048 2121 3080 12
2135 3049 2194 3080 aut
2210 3062 2227 3081 r
2245 3048 2257 3090 11
2275 3050 2315 3081 13
2330 3059 2408 3080 0011-

1329 3090 1415 3132 rcpti
1440 3102 1456 3122 r
1477 3089 1489 3131 11
1516 3088 1647 3130 siliquis
1671 3109 1711 3112 —
1744 3091 1786 3122 14
1809 3092 1919 3123 autem
1940 3101 1995 3122 scx
2020 3104 2077 3124 om.
2100 3092 2135 3125 V
2154 3091 2167 3135 11
2194 3092 2302 3125 tribus
2330 3095 2407 3126 add.

1331 3135 1415 3178 vulq.
1435 3134 1447 3177 11
1467 3135 1507 3167 14
1526 3134 1675 3175 sicliquis
1698 3147 1780 3176 rpr.
1801 3133 1813 3178 11
1837 3137 1877 3168 15
1904 3136 2004 3167 etiam
2027 3138 2054 3177 r]
2081 3138 2113 3168 et
2134 3137 2189 3180 Vss
2217 3139 2257 3170 16
2283 3138 2312 3170 si
2337 3140 2369 3169 et
2393 3152 2410 3171 r

1331 3180 1428 3223 vulq]
1455 3179 1515 3211 etsi
1536 3179 1569 3212 V
1582 3178 1593 3222 11
1616 3178 1797 3211 consistant
1818 3193 1834 3212 r
1852 3178 1864 3223 11
1889 3179 1989 3212 100110
2009 3194 2026 3213 r
2040 3181 2052 3223 11
2081 3183 2122 3214 17
2140 3183 2172 3213 01
2193 3183 2270 3215 add.
2285 3183 2380 3215 Beck
2397 3182 2409 3224 11

1331 3224 1482 3257 asciteria
1502 3224 1536 3256 V
1554 3224 1718 3256 assisteria
1734 3237 1750 3256 r
1777 3223 1789 3265 ΙΙ
1815 3226 1855 3258 18
1880 3224 1994 3265 11111115]
2021 3235 2037 3257 e
2059 3238 2127 3259 cum
2139 3227 2246 3269 spatio
2260 3228 2281 3259 4
2296 3228 2353 3260 lia.
2367 3240 2383 3260 r
2397 3226 2409 3271 11

1331 3271 1464 3312 partum
1486 3270 1518 3300 01
1539 3268 1668 3309 aliquid
1692 3269 1725 3301 V
1742 3268 1871 3309 aliquid
1893 3269 1991 3302 etiam
2012 3280 2130 3311 parum
2150 3284 2176 3312 r,
2199 3284 2280 3304 corr.
2297 3272 2409 3305 Heim-

1334 3315 1413 3347 bach
1432 3313 1444 3357 11
1468 3313 1559 3345 dabit
1584 3327 1600 3345 r
1616 3313 1627 3355 11
1660 3315 1700 3347 19
1722 3314 1902 3346 secundum
1928 3327 1985 3347 om.
2005 3328 2021 3347 r
2040 3314 2052 3358 11
2076 3315 2326 3349 multitudinem
2348 3317 2382 3349 V
2398 3316 2411 3360 11

1332 3359 1373 3391 ad
1398 3372 1454 3391 om.
1477 3358 1533 3400 Vl!
1551 3357 1697 3390 asciterii
1718 3358 1753 3391 V
1771 3358 1913 3392 ascistrii
1933 3372 1950 3392 r
1965 3358 1978 3403 11
2006 3360 2048 3392 20
2070 3360 2250 3393 uideantur
2271 3362 2409 3405 νυοὶ-9.]

1331 3404 1486 3436 uideatur
1511 3416 1527 3435 r
1544 3402 1556 3445 11
1583 3404 1625 3435 22
1650 3403 1791 3435 sirorum
1816 3417 1833 3436 r
1855 3404 1867 3447 11
1895 3405 1936 3437 23
1963 3404 2113 3437 consistit
2136 3415 2197 3437 nec
2221 3407 2305 3447 eget]
2331 3417 2409 3439 con-

1331 3449 1419 3481 sistit
1443 3458 1503 3480 nec
1528 3449 1647 3480 horum
1673 3461 1689 3480 r
1724 3449 1889 3481 constitue
1915 3451 2048 3490 egerent
2071 3450 2213 3491 (egerint
2242 3451 2307 3493 Va)
2341 3452 2371 3483 V
2398 3451 2412 3495 11

1333 3495 1376 3526 24
1399 3493 1510 3525 labore
1531 3492 1583 3532 ad]
1608 3493 1649 3524 ad
1669 3492 1782 3525 labore
1803 3494 1836 3526 V
1854 3492 1867 3537 11
1893 3501 1965 3526 ante
1987 3493 2036 3525 ibi
2055 3497 2193 3536 spatium
2210 3495 2230 3528 2
2254 3496 2312 3529 litt.
2335 3497 2411 3529 reli-

1333 3540 1401 3581 quit
1420 3538 1453 3570 V
1474 3537 1486 3580 11
1518 3537 1582 3569 fori
1606 3551 1623 3570 r
1653 3536 1664 3580 11
1695 3539 1736 3571 25
1762 3537 1869 3570 felicis
1893 3538 2004 3579 huius]
2031 3539 2231 3572 felicissimis
2255 3554 2271 3572 r
2298 3540 2310 3583 11
2340 3543 2408 3581 aut]

1332 3585 1441 3615 autem
1458 3582 1487 3614 V
1502 3581 1514 3625 11
1533 3582 1573 3614 27
1588 3582 1737 3614 ascitrias
1758 3583 1793 3615 V
1810 3583 2007 3615 asscisterias
2025 3596 2041 3615 r
2057 3583 2068 3627 11
2090 3585 2131 3618 28
2146 3585 2224 3617 111110
2246 3586 2278 3617 V
2291 3585 2303 3628 11
2322 3596 2409 3618 com-

1332 3627 1537 3659 municantes
1562 3640 1579 3659 r
1607 3627 1618 3670 11
1648 3628 1690 3660 30
1716 3627 1863 3660 asisterio
1892 3628 2107 3661 Vassisterio
2133 3643 2150 3662 r
2176 3629 2189 3673 11
2222 3632 2266 3670 01]
2291 3633 2330 3663 111
2353 3644 2369 3663 r
2401 3630 2412 3675 11

1333 3674 1374 3705 32
1395 3671 1548 3705 asciterio
1570 3672 1603 3705 V
1617 3672 1780 3705 assisterio
1801 3686 1817 3705 r
1844 3672 1856 3715 11
1881 3683 1955 3705 011111
1977 3673 2012 3706 V

2098 3731 2137 3763 41
