2618 4010
131 140 193 169 DE
220 134 519 168 MODERATORE
548 132 744 165 ARABIAE

131 235 329 280 βασιλικῶν
354 233 675 281 παραγγελμάτων,
706 231 875 280 καθάπερ
900 232 1063 280 εἰπόντες
1094 232 1208 279 ἔφθη-

130 295 210 327 μεν,
234 279 301 325 ἤδη
325 283 397 315 τοῖς
419 276 658 324 στρατιώταις
683 280 886 324 ἐφέστηκεν,
911 276 993 312 ἀλλ’
1017 281 1083 313 οὐν
1107 280 1209 312 ἔσται

132 330 277 373 φροντὶς
307 323 390 371 ἡμῖν
420 327 497 359 τῶν
520 321 735 370 καταλόγων
766 325 844 358 τῶν
868 322 1069 370 ἱδρυμένων
1098 325 1212 368 ἐκεΞσέ

132 386 216 406 τινα
234 372 287 415 τῷ
308 368 444 413 ταύτην
464 371 583 413 ἔχοντι
606 369 675 413 τὴν
691 366 806 415 ἀρχὴν
830 366 1030 411 ὑποκλῖναι,
1057 366 1117 415 ἐφ’
1137 370 1208 411 ιρτε

133 415 243 451 αὐτοῦ
267 414 464 451 ὑπακούειν
487 414 597 457 μόνου
622 417 681 448 καὶ
704 418 781 448 ταῖς
805 412 915 448 αὐτοῦ
941 412 1209 450 διατυπῶσεσιν

133 462 238 496 εἴκειν
260 475 299 496 τε
322 465 381 495 καὶ
405 460 619 495 πείθεσθαι.
668 458 731 494 οὐκ
756 457 1030 503 ἐπικοινωνήσει
1055 458 1094 494 δὲ
1118 472 1208 494 παν·

131 506 240 541 τελῶς
269 505 288 540 ὁ
320 505 556 551 περίβλεπτος
589 503 674 545 δοὺξ
704 504 787 539 οὔτε
818 504 868 539 οἶς
899 503 946 539 ἂν
969 505 1085 551 ῥητῶς
1110 502 1209 546 αὐτῷ

133 550 277 596 δοίημεν
301 551 540 597 στρατιώταις
564 550 646 585 οὔτε
671 548 832 584 ἰδιωτῶν
856 548 995 593 οὐδενί,
1028 549 1110 584 οὔτε
1133 552 1210 584 ταῖς

132 599 280 630 ἐκείνων
296 594 409 630 δίκαις
434 593 526 630 ὅταν
543 598 656 638 ἔχοιεν
678 596 767 641 πρὸς
784 593 963 639 ἀλλήλους,
987 593 1071 629 οὔτε
1087 596 1117 628 εἰ
1132 596 1209 629 τῶν

1201 117 1285 165 495

2016 117 2122 161 Nov.
2153 117 2228 161 CII
2256 119 2295 159 2.
2327 118 2351 159 3

1279 231 1466 273 mandatis,
1491 229 1598 266 sicuti
1621 228 1875 274 praediximus,
1901 229 2032 265 dudum
2055 229 2224 266 militibus
2249 238 2351 274 prae-

1280 277 1343 319 sit,
1378 279 1618 311 verumtamen
1652 274 1720 309 erit
1756 275 1954 310 sollicitudo
1991 275 2093 310 nobis
2129 285 2354 309 numerorum

1280 322 1551 357 constitutorum
1575 320 1647 356 illic
1671 319 1810 363 aliquos
1836 320 1988 355 subdere
2012 320 2043 355 ei
2068 320 2128 364 qui
2151 321 2188 354 in
2214 320 2353 364 cingulo

1278 371 1341 410 est,
1367 369 1541 411 quatenus
1562 365 1753 401 oboediant
1776 364 1843 408 legi
1868 368 1903 399 et
1927 366 2000 400 eius
2025 365 2273 410 dispositiones
2298 375 2353 399 se-

1244 416 1263 448 5
1279 418 1435 457 quantur
1458 416 1493 447 et
1513 414 1674 456 pareant.
1721 409 1804 445 Non
1828 413 1946 445 autem
1980 411 2253 446 communicabit
2280 420 2353 445 om-

1278 458 1362 493 nino
1386 457 1591 502 spectabilis
1615 456 1688 491 dux
1718 465 1785 490 nec
1809 455 1878 490 illis
1902 455 2072 490 militibus
2106 466 2194 499 quos
2219 456 2250 490 ei
2274 466 2353 499 spe-

1279 503 1416 538 cialiter
1440 502 1639 537 dederimus
1667 511 1781 546 neque
1805 500 1981 544 aliquibus
2006 501 2164 545 privatis,
2190 512 2255 536 nec
2274 501 2353 535 illo-

1278 559 1356 583 rum
1380 548 1521 591 litibus,
1554 546 1697 592 quando
1730 546 1919 581 habuerint
1952 546 1998 581 ad
2028 546 2195 588 invicem,
2228 556 2294 581 nec
2325 546 2356 580 si

1279 595 1357 638 quis
1392 594 1610 639 privatorum
1647 592 1693 627 sit
1728 591 1787 636 qui
1823 591 2040 632 convenitur,
2078 601 2143 626 nec
2175 591 2356 636 quodlibet

132 640 291 676 ἰδιωτῶν
313 653 366 675 τις
390 640 409 675 ὁ
436 642 650 688 ἐναγόμενος
673 642 741 683 εἴη,
775 637 857 675 οὐδὲ
880 641 948 684 τὴν
972 640 1118 674 οἱανοῦν
1140 640 1210 680 ἕξει
1226 639 1426 675 10habebit
1459 637 1685 682 participium
1724 637 1769 671 ad
1804 637 1961 681 privatas
2000 646 2146 671 causas:
2190 637 2355 680 quoniam

130 690 324 728 μετουσίαν
349 687 438 730 πρὸς
462 686 645 720 ἰδιωτικὰς
670 688 801 720 αἰτίας·
828 687 905 721 ἐπεὶ
925 685 1016 721 πολὺ
1041 685 1082 719 τὸ
1100 688 1210 729 μέσον

132 733 208 765 ἐστὶ
232 735 492 778 στρατιωτικῆς
515 740 555 766 τε
579 729 768 778 φροντίδος
790 734 850 765 καὶ
874 729 1056 774 πολιτικῆς
1077 728 1209 773 διοική-

131 789 230 820 σεως,
252 781 311 810 καὶ
332 775 386 811 δεῖ
403 776 654 823 διακεκρίσθαι
674 778 800 816 ταῦτα,
825 775 995 821 καθάπερ
1012 775 1048 809 οἱ
1063 778 1210 819 πατέρες

131 820 215 866 ἡμῖν
232 825 293 866 τῆς
309 822 491 857 πολιτείας
506 823 639 863 ἔταξάν
659 836 698 857 τε
719 826 778 855 καὶ
799 820 1074 865 κατεστήσαντο.
1117 818 1208 854 εἰδό-

1279 685 1428 719 multum
1454 684 1564 718 distat
1586 683 1679 717 inter
1702 682 1887 717 militarem
1921 692 2042 717 curam
2073 685 2108 715 et
2132 681 2267 716 civilem
2291 692 2354 725 gu-

1279 730 1540 770 bernationem,
1573 730 1609 763 et
1631 727 1785 762 discreta
1816 729 1900 762 sunt
1923 728 2030 771 haec,
2064 726 2156 761 sicut
2177 730 2212 761 et
2235 730 2355 770 patres

1279 775 1382 810 nobis
1407 773 1626 819 reipublicae
1650 772 1905 808 ordinaverunt
1926 776 1961 808 et
1977 774 2197 816 statuerunt3
2224 772 2357 806 sciente

1280 820 1467 865 spectabili
1503 819 1609 861 duce,
1641 819 1723 862 quia
1758 818 1789 853 si
1824 818 1973 853 miscere
2008 828 2046 852 se
2079 817 2358 862 praesumpserit

131 879 189 901 τος
220 869 284 902 τοῦ
317 868 557 913 περιβλέπτου
589 866 727 908 δουκός,
759 864 807 901 αἱς
830 867 860 900 εἰ
885 865 1053 920 §agal-siv
1078 866 1210 899 ἑαυτὸν
1227 868 1265 900 15
1280 865 1397 900 causis
1423 864 1592 906 civilibus,
1618 874 1732 908 neque
1751 863 1919 899 militaria
1942 862 2147 906 vindicabit,
2173 862 2234 897 sed
2252 863 2357 896 etiam

135 913 327 959 θαρρήσειε
352 913 539 960 πράγμασι
563 912 771 953 πολιτικοῖς,
796 908 879 946 οὐδὲ
901 925 977 945 των
998 924 1209 957 στρατιωτι-

133 960 208 991 κῶν
242 956 498 1005 ἀντιλήψεται,
523 955 612 992 ἀλλὰ
631 955 810 992 κάκείνων
834 955 1044 1002 ἀφαιρεθεὶς
1068 955 1211 998 ἰδιώτης

133 1005 234 1037 ἔσται
255 1008 314 1038 καὶ
336 1003 406 1039 ὑπὸ
432 1005 500 1047 τὴν
524 1001 635 1049 ἀρχὴν
657 1002 794 1046 ταύτην
817 1001 1015 1049 γενήσεται.

1279 912 1324 990 atb
1350 911 1417 990 itllis
1442 910 1582 945 ablatus
1606 909 1762 954 privatus
1787 909 1853 944 erit
1882 913 1918 944 et
1942 909 2008 944 sub
2033 909 2100 943 hac
2125 907 2186 942 fiet
2210 907 2356 941 admini-

1279 966 1296 990 s
1314 966 1354 990 ra
1371 966 1461 991 ione.

1123 1091 1281 1127 CAPUT
1306 1090 1370 1125 III.

196 1150 315 1183 Ταῦτα
339 1148 424 1204 ἡμῖν
447 1148 760 1194 νενομοθετήσθω
786 1153 844 1182 καὶ
862 1151 921 1183 ἐπὶ
944 1149 1007 1191 τῆς
1029 1148 1120 1182 κατὰ
1143 1148 1211 1191 τὴν

1336 1146 1434 1180 Haec
1466 1156 1488 1180 a
1519 1146 1623 1181 nobis
1653 1145 1790 1180 sancita
1824 1146 1895 1180 sint
1926 1149 1962 1180 et
1992 1147 2028 1181 in
2053 1146 2358 1181 administratione

133 1192 298 1248 Ἀράβιες]
328 1209 450 1249 χῶραν
473 1194 594 1239 ἀρχῆς·
621 1195 860 1249 πεπείσμεθα
875 1195 949 1248 γὰρ,
968 1197 1027 1228 καὶ
1045 1193 1212 1238 βουλήσει
1227 1195 1268 1227 20
1282 1192 1483 1226 Araborum
1503 1191 1724 1235 provinciae:
1752 1190 1961 1226 confidimus
1982 1192 2075 1226 enim
2093 1192 2274 1227 voluntate
2291 1192 2358 1234 dei,

139 1240 236 1282 θἐου,
260 1254 318 1273 οτι
342 1254 384 1274 το
411 1242 558 1286 πρᾶγμα
590 1237 761 1274 ἐπιδώσει
794 1251 882 1284 προς
911 1253 953 1273 το
979 1238 1134 1273 κάλλιον.
1183 1240 1214 1272 εἰ

134 1286 202 1331 γὰρ
234 1290 293 1318 καὶ
325 1283 389 1318 οὐκ
414 1284 647 1331 ἐφεισάμεθαν
661 1284 868 1330 χρημάτων,
901 1281 982 1318 ἄλλ)
1010 1281 1213 1328 ηὐξήσαμεν

137 1327 235 1372 αὗτῷ
248 1331 313 1364 τὰς
325 1330 490 1374 σιτήσεις,
506 1327 587 1364 ἀλλ’
604 1333 669 1364 οὐν
681 1330 784 1374 ἴσμεν
797 1328 844 1363 ῶς
859 1332 918 1364 καὶ
933 1328 952 1363 ὁ
968 1327 1105 1372 ταύτην
1120 1331 1213 1372 ἔχων

136 1376 203 1418 τὴν
227 1372 340 1421 ἀρχὴν
369 1377 516 1410 σπεύσει
546 1377 706 1409 τοιοῦτος
738 1376 896 1420 φανῆναι
926 1378 1008 1429 περὶ
1039 1375 1104 1408 τὰς
1133 1372 1214 1418 άλη-

1283 1237 1367 1282 quia
1389 1237 1481 1282 <res>
1512 1237 1641 1271 crescit
1670 1236 1708 1270 in
1738 1236 1874 1270 melius.
1923 1236 2015 1271 Nam
2042 1238 2108 1272 etsi
2140 1247 2210 1272 nou
2234 1247 2357 1282 peper-

1283 1283 1395 1317 cimus
1429 1282 1608 1327 pecuniis,
1650 1280 1713 1316 sed
1748 1281 1912 1316 auximus
1950 1282 1984 1316 ei
2017 1292 2197 1324 annonas,
2241 1286 2360 1317 tamen

1281 1328 1429 1368 scimus,
1467 1328 1549 1371 quia
1584 1330 1619 1361 et
1654 1326 1713 1370 qui
1748 1326 1841 1361 hanc
1878 1327 1985 1362 habet
2020 1328 2360 1363 administrationem

1283 1373 1440 1408 studebit
1463 1373 1547 1408 talis
1578 1371 1688 1407 videri
1714 1371 1809 1406 circa
1832 1381 1934 1406 veras
1958 1372 2180 1416 publicarum
2204 1373 2359 1408 functio-

138 1421 216 1454 θεῖς
238 1435 316 1454 των
340 1419 523 1465 δημοσίων
546 1421 674 1468 φόρων
698 1421 910 1466 εἰςπράξεις,
938 1432 986 1454 ως
1009 1420 1057 1464 μὴ
1084 1422 1214 1464 ζημίαν
1228 1422 1270 1455 25
1283 1429 1367 1453 num
1390 1418 1607 1461 exactiones,
1632 1422 1672 1451 ut
1692 1427 1763 1451 non
1787 1417 1953 1451 damnum
1977 1427 2023 1452 ex
2042 1418 2120 1462 hoc,
2144 1418 2206 1453 sed
2229 1418 2361 1454 iustum

136 1466 311 1500 ἐντεῦθεν
342 1463 432 1500 ἀλλὰ
458 1464 598 1500 δίκαιον
625 1464 745 1513 κέρδος
775 1467 829 1508 τῷ
854 1464 1014 1509 δημοσίῳ
1039 1477 1214 1512 προςαγα-

134 1514 218 1557 γεῖν.
265 1509 398 1545 Ἐκεῖνο
422 1515 544 1555 μέντοι
567 1512 739 1557 γίνεσθαί
767 1525 806 1545 τε
836 1515 895 1544 καὶ
920 1514 1064 1556 κρατεῖν
1087 1510 1213 1554 βουλό-

134 1557 234 1600 μεθα
254 1557 295 1590 τὸ
318 1557 381 1590 τὰς
399 1559 551 1599 σιτήσεις
575 1558 638 1591 τοῦ
661 1555 899 1601 περιβλέπτου
925 1554 1049 1590 δουκὸς
1072 1557 1215 1590 ἐκεῖθεν

136 1599 248 1635 αὐτὸν
272 1602 504 1646 κομίζεσθαι,
537 1600 683 1636 ὁπόθεν
714 1600 761 1636 ἂν
785 1600 804 1635 ὁ
829 1602 891 1656 τῆς
915 1603 1085 1647 ἐπαρχίας
1113 1598 1214 1647 ἡγού-

1283 1465 1423 1499 lucrum
1448 1463 1575 1498 offerat
1597 1462 1752 1508 publico.
1801 1462 1895 1497 Illud
1923 1467 2042 1498 tamen
2073 1468 2108 1498 et
2136 1464 2214 1498 fieri
2245 1469 2280 1498 et
2303 1474 2360 1499 va-

1283 1510 1357 1544 lere
1380 1510 1561 1552 volumus,
1593 1511 1633 1543 ut
1656 1517 1816 1542 annonas
1841 1508 2047 1552 spectabilis
2079 1509 2152 1544 dux
2175 1509 2258 1544 inde
2281 1519 2361 1554 per-

1284 1556 1393 1600 cipiat
1416 1554 1663 1598 undecumque
1684 1553 1886 1598 provinciae
1905 1554 2011 1589 iudex
2032 1554 2261 1599 delegaverit3
2298 1564 2361 1599 pa-

1283 1601 1352 1635 lam
1378 1600 1507 1635 etenim
1532 1603 1588 1636 est
1612 1598 1696 1643 quia
1719 1609 1790 1634 non
1816 1609 1895 1633 cum
1920 1610 1986 1634 sua
2010 1600 2173 1635 efficacia
2197 1600 2364 1645 respiciet

133 1659 239 1691 μενος
270 1648 443 1687 ἐκτάξειε
481 1645 664 1692 πρόδηλον
696 1645 740 1681 ὃν
773 1645 821 1681 αἱς
851 1660 892 1680 ov
923 1646 1014 1691 μετὰ
1038 1645 1215 1690 τοσαύτης
1229 1650 1269 1681 30
1285 1655 1424 1688 causas,
1450 1646 1480 1680 si
1502 1655 1569 1680 nec
1593 1654 1677 1680 suas
1702 1654 1863 1679 annonas
1889 1645 2028 1689 exigere
2051 1646 2219 1680 valuerit:
2247 1646 2362 1681 sciens

135 1690 326 1736 άδρανείας
357 1693 513 1738 προςέξει
546 1696 620 1727 τοῖς
643 1692 852 1739 πράγμασιν
882 1690 930 1726 ῶς
957 1690 1048 1747 μηδὲ
1078 1692 1142 1726 τὰς
1165 1694 1213 1726 οἰ-
1284 1692 1385 1736 quia,
1418 1691 1448 1726 Si
1471 1695 1613 1736 praeter
1637 1690 1727 1725 haec
1751 1689 1882 1734 aliquid
1907 1691 2036 1735 egerit,
2073 1692 2227 1736 quinque
2251 1691 2362 1726 libras

134 1741 228 1771 κείας
258 1736 412 1781 σιτήσεις
443 1735 612 1772 ἀπαιτεῖν
641 1739 802 1782 ἰσχῦσαι,
841 1736 943 1771 εἰδώς
973 1750 1021 1771 ως
1052 1739 1082 1771 εἰ
1113 1737 1213 1783 παρὰ
1283 1737 1361 1772 auri
1383 1737 1601 1772 multabitur.

107 1819 110 1821 Α
133 1783 249 1816 ταῦτά
274 1796 309 1816 τι
334 1780 491 1829 πράξειε,
515 1783 649 1827 ποινὴν
673 1784 828 1828 quinque
843 1786 987 1828 χρυσίου
1011 1782 1132 1828 λίτρας
1157 1785 1212 1826 ζη-

135 1827 375 1872 μιωθήσεται.
458 1829 541 1864 Dat.
559 1840 609 1864 VI.
635 1829 671 1864 k.
697 1829 773 1864 Iun.
798 1829 866 1863 GP.
893 1832 976 1873 post
999 1839 1098 1864 cons.
1121 1829 1212 1863 Beli-

198 1874 218 1881 ..
1340 1827 1422 1862 Dat.
1447 1838 1516 1862 1111.
1542 1827 1622 1862 idus
1644 1827 1721 1862 Iun.
1749 1826 1817 1862 ΟΡ.
1843 1826 2040 1870 imperante
2067 1826 2208 1862 domino
2240 1830 2363 1861 nostro

135 1884 221 1908 sarii
244 1885 273 1908 v.
297 1884 327 1908 c.

1229 1877 1271 1908 35
1284 1872 1481 1908 Iustiniano
1498 1883 1558 1916 pp.
1577 1875 1667 1917 Aug.
1686 1875 1769 1917 post
1786 1871 2010 1907 consulatum
2026 1871 2189 1906 Belisarii
2213 1872 2277 1907 viri
2296 1873 2363 1906 cla—

1184 1922 1229 1961 [a.
1245 1921 1324 1960 536]
1395 1918 1535 1953 rissimi.

135 1997 380 2042 imperialibus
407 1998 589 2033 mandatis
619 1998 725 2033 sicuti
753 2008 869 2043 supra
899 1997 1059 2032 diximus
1083 1999 1154 2032 iam
1175 2001 1322 2044 praeest
1346 1997 1526 2038 militibus,
1560 2001 1599 2032 at
1622 2008 1733 2032 curae
1762 1995 1866 2031 nobis
1888 1996 1971 2037 erit,
2003 2001 2044 2030 ut
2066 2006 2177 2030 unum
2200 2007 2249 2031 eoe
2274 1997 2364 2031 mili-

138 2042 274 2077 taribus
300 2043 458 2077 numeris
481 2044 544 2088 qui
566 2043 616 2078 ibi
640 2043 810 2078 collocati
833 2047 918 2077 sunt
947 2042 1164 2078 subiciamus
1188 2044 1221 2078 ei
1244 2044 1309 2088 qui
1330 2042 1426 2077 bunc
1450 2043 1702 2088 maqistratum
1727 2041 1852 2083 babet,
1887 2051 1959 2086 quo
1983 2041 2055 2087 ipsi
2077 2041 2148 2076 soli
2172 2041 2366 2077 oboediant

136 2088 281 2132 eiusque
301 2097 435 2132 praece
465 2090 509 2123 tis
532 2088 773 2133 obtemperent
805 2092 841 2122 et
869 2091 1035 2133 pareant.
1084 2087 1231 2122 Nullam
1264 2099 1348 2123 vero
1382 2088 1528 2122 omnino
1560 2087 1844 2122 communionem
1875 2086 2082 2132 spectabilis
2113 2086 2193 2122 dux
2224 2086 2366 2123 babebit

137 2136 201 2167 aut
225 2143 302 2166 cum
326 2132 430 2167 militi
454 2144 496 2167 us
520 2143 761 2178 quoscumque
784 2132 838 2167 illi
861 2132 1069 2166 nominatim
1092 2132 1294 2167 dederimus
1318 2136 1382 2167 aut
1402 2143 1481 2167 cum
1503 2132 1731 2178 privatorum
1756 2131 1843 2173 ullo,
1876 2142 1991 2176 neque
2010 2132 2049 2165 in
2074 2131 2196 2167 litibus
2219 2132 2365 2167 illorum

137 2177 169 2211 si
193 2188 285 2222 quas
308 2177 402 2212 inter
424 2188 463 2212 se
486 2177 652 2219 babeant,
677 2188 792 2222 neque
814 2177 846 2212 si
866 2177 949 2228 quis
971 2187 1020 2212 ex
1042 2178 1197 2222 privatis
1219 2188 1303 2212 reus
1319 2178 1376 2218 sit,
1400 2188 1517 2222 neque
1536 2177 1647 2211 ullam
1667 2176 1810 2211 habebit
1827 2180 1973 2222 partem
1997 2177 2035 2210 in
2054 2177 2210 2222 privatis
2225 2178 2366 2212 causis.-

138 2222 309 2267 quoniam
340 2221 488 2256 multum
519 2223 669 2258 interest
699 2222 793 2257 inter
823 2222 1014 2257 militarem
1045 2232 1169 2257 curam
1201 2225 1235 2257 et
1266 2222 1402 2257 civilem
1434 2221 1784 2256 administrationem
1819 2225 1928 2266 atque
1959 2220 2048 2256 baec
2079 2233 2155 2257 esse
2186 2221 2366 2258 disiuncta

139 2271 292 2313 oportet,
317 2267 612 2312 quemadmodum
630 2271 760 2313 patres
782 2266 1002 2313 reipublicae
1033 2267 1135 2301 nobis
1160 2267 1380 2301 ordinarunt
1405 2270 1439 2301 et
1461 2267 1736 2302 constituerunt.
1786 2265 1959 2310 Sciatque
1982 2266 2189 2313 spectabilis
2212 2267 2302 2307 dux,
2334 2268 2369 2302 si

139 2311 301 2347 civilibus
324 2312 429 2347 rebus
452 2323 490 2346 se
514 2312 710 2347 immiscere
733 2323 843 2347 ausus
866 2311 932 2353 sit,
963 2322 1006 2346 ne
1030 2311 1205 2346 militares
1229 2311 1371 2357 quidem
1394 2322 1433 2346 se
1457 2312 1721 2353 exerciturum,
1753 2310 1818 2346 sed
1839 2311 1912 2346 illis
1943 2322 2087 2357 quoque
2118 2316 2266 2347 exutum
2284 2313 2364 2358 pri-

139 2361 259 2393 vatum
282 2367 320 2392 se
343 2367 419 2391 esse
439 2357 607 2402 futurum
631 2362 666 2392 et
690 2356 772 2392 kuic
795 2356 1025 2402 maqistratui
1047 2356 1240 2391 subiectum
1265 2357 1319 2391 iri.

273 2402 337 2437 III.
386 2401 488 2437 Haec
511 2402 614 2436 nobis
637 2401 681 2437 de
704 2401 862 2436 Arabum
885 2411 1027 2447 quoque
1050 2402 1211 2446 reqionis
1231 2402 1446 2447 mayistratu
1469 2401 1612 2436 sancita
1634 2401 1725 2436 sint:
1749 2399 1964 2445 confidimus
1983 2401 2076 2436 enim
2101 2400 2159 2436 dei
2183 2402 2366 2438 voluntate

139 2459 213 2483 rem
237 2447 287 2482 ad
308 2446 434 2482 melius
455 2457 530 2483 esse
547 2447 816 2492 profecturam.
866 2446 961 2481 Nam
983 2446 1051 2481 etsi
1071 2446 1235 2492 pecuniis
1257 2457 1330 2481 non
1352 2447 1591 2492 pepercimus,
1623 2446 1687 2480 sed
1710 2446 1881 2480 auximus
1904 2446 1939 2480 ei
1960 2457 2136 2488 annonaS,
2169 2452 2209 2482 at
2235 2448 2366 2482 scimus

140 2504 218 2528 eum
242 2492 304 2538 qui
327 2491 423 2527 hunc
445 2491 551 2528 babet
574 2492 826 2538 maqistratum
852 2502 1000 2526 meram
1024 2491 1193 2526 daturum
1217 2502 1303 2533 esse,
1330 2496 1369 2526 ut
1388 2491 1471 2526 talis
1494 2491 1532 2525 in
1556 2491 1650 2526 veris
1666 2490 1898 2536 publicorum
1926 2490 2141 2526 tributorum
2165 2493 2365 2528 exactioni-

140 2538 205 2573 bus
229 2542 421 2584 appareat,
445 2538 508 2582 qui
531 2548 605 2572 non>
629 2537 798 2572 damnum
821 2537 858 2571 in
885 2549 904 2571 e
926 2536 991 2572 sed
1014 2537 1144 2571 iustum
1169 2536 1307 2570 lucrum
1329 2536 1419 2581 fisco
1444 2537 1589 2581 afferat.
1638 2535 1739 2570 Illud
1756 2541 1873 2570 tamen
1890 2535 1974 2580 sieri
1997 2541 2031 2571 et
2052 2536 2172 2572 valere
2192 2538 2365 2580 volumus,

140 2587 180 2618 ut
203 2582 409 2629 spectabilis
432 2583 535 2617 ducis
565 2593 732 2617 anizonas
761 2583 792 2617 is
820 2582 903 2616 inde
935 2581 1084 2627 auferat
1114 2581 1359 2627 undecumque
1383 2592 1536 2627 praeses
1561 2582 1775 2627 provinciae
1805 2581 1838 2616 ei
1865 2580 2108 2627 (λάβρακι-ιω
2141 2593 2220 2617 cum
2253 2585 2365 2618 mani-

138 2629 274 2674 festum
298 2628 347 2662 sit
370 2639 449 2662 eum
471 2638 544 2662 non
569 2638 647 2662 cum
675 2631 775 2663 tanta
798 2626 945 2672 iynavia
968 2637 1027 2661 res
1051 2631 1260 2661 curaturum
1284 2637 1371 2668 esse,
1395 2631 1435 2661 ut
1451 2637 1495 2660 ne
1507 2627 1686 2678 proprias
1709 2625 1851 2671 quidem
1876 2637 2041 2661 annonas
2064 2627 2212 2674 exiqere
2226 2629 2366 2675 possit:

141 2684 202 2719 qui
225 2673 258 2707 si
281 2672 370 2718 quid
393 2673 567 2709 adversus
589 2672 678 2708 baec
698 2673 839 2718 fecerit,
863 2672 957 2707 sciat
979 2682 1016 2707 se
1034 2682 1159 2717 poena
1183 2672 1342 2716 quinque
1365 2670 1468 2705 libris
1491 2683 1573 2706 auri
1597 2672 1783 2707 multatum
1807 2671 1865 2706 iri.

189 2766 203 2796 1
224 2762 391 2808 ἔφθημεν
405 2766 436 2796 in
451 2764 585 2807 ἔφημεν
601 2776 682 2796 corr.
699 2763 730 2795 L
749 2763 760 2806 ΙΙ
778 2764 797 2796 2
815 2763 917 2795 ἔσται
935 2776 991 2795 om.
1004 2763 1039 2795 Β
1056 2762 1068 2806 ΙΙ
1087 2764 1107 2796 4
1123 2764 1219 2802 τινα]

141 2808 270 2850 aliquos
295 2811 328 2850 (i.
345 2822 370 2841 e.
391 2810 503 2850 τινας)
529 2820 548 2844 ς
565 2808 576 2852 ΙΙ
595 2811 614 2842 5
640 2806 750 2841 αὐτοῦ
775 2821 832 2840 om.
850 2820 868 2844 ς
884 2808 895 2852 ΙΙ
913 2806 1028 2851 μόνου
1047 2808 1130 2848 ML]
1155 2805 1219 2850 μό-

142 2866 207 2888 νον
229 2855 313 2897 vuly.
329 2854 378 2895 (Β
388 2853 416 2894 ‘?)
442 2854 506 2895 legi
524 2855 558 2894 (i.
574 2867 598 2886 e.
616 2850 741 2897 νόμου)
759 2865 778 2889 ς
794 2853 806 2891 ΙΙ
823 2853 950 2886 ἑαυτοῦ
966 2854 1016 2886 13⁶
1035 2852 1046 2896 ΙΙ
1063 2855 1082 2886 6
1104 2855 1219 2886 πείσε-

142 2899 236 2932 σθαι
261 2899 292 2931 L
320 2898 332 2936 ΙΙ
363 2901 380 2931 7
407 2894 441 2939 ὁ]
469 2896 551 2931 οὕτε
575 2895 594 2931 ὁ
619 2899 651 2932 L
678 2899 689 2939 ΙΙ
722 2900 741 2932 8
765 2895 954 2931 *ἰδιωτῶν
975 2900 1029 2941 (cf.
1051 2910 1086 2937 ς;
1111 2898 1218 2930 Edict.

143 2945 208 2983 IV,
230 2945 274 2984 2)]
301 2940 444 2976 ἰδιῶται
459 2944 503 2976 M
520 2940 715 2977 ἰδιωτικῶν
729 2944 763 2976 Β
787 2940 907 2984 εἰδικῷ
923 2945 974 2984 (ex
987 2943 1054 2985 L?)
1070 2944 1219 2976 Halonn—

145 2990 212 3028 der,
242 2985 370 3035 ἰδιώτῃ
396 3001 462 3021 cum
489 2989 672 3032 Scrimyero
696 2990 780 3031 vuly.
809 2988 821 3031 ΙΙ
852 2987 935 3021 οὔτε
957 2990 1036 3022 ταῖς
1062 2988 1107 3028 Β]
1138 2983 1222 3020 οὐδὲ

143 3035 219 3066 ταῖς
242 3034 311 3066 ML
330 3033 342 3075 ss
358 3036 377 3067 9
404 3032 546 3066 ἐκεῖθεν
559 3034 595 3066 Β
613 3032 625 3070 ΙΙ
644 3035 684 3066 13
706 3030 761 3066 δεῖ
772 3034 808 3066 Β
824 3035 878 3077 (cf
893 3035 1001 3067 Edict.
1012 3033 1078 3073 IV,
1094 3034 1138 3075 2)]
1163 3046 1220 3066 om.

146 3079 239 3113 MLc
254 3078 266 3121 ss
285 3074 529 3121 διακεκρίσθω
544 3079 590 3111 M
607 3075 860 3122 διακρίνεσθαι
875 3080 909 3111 Β
929 3078 1069 3111 discreta
1086 3080 1164 3110 sunt
1181 3077 1222 3122 ςΗ

148 3125 189 3156 14
213 3120 273 3155 τὰς
293 3121 472 3156 πολιτείας
496 3125 586 3156 malit
603 3124 789 3156 Zachariae
805 3124 876 3164 (sed
895 3126 934 3166 cf.
954 3124 1061 3156 Edict.
1078 3124 1099 3156 Ι
1109 3123 1144 3164 V,
1162 3124 1195 3163 2)
1213 3128 1223 3162 ll

150 3170 189 3201 19
213 3163 298 3210 ἡμῖν
315 3168 383 3208 Βς]
408 3170 467 3200 καὶ
487 3165 574 3210 ἡμῖν
591 3169 662 3200 ML
678 3168 690 3211 ΙΙ
717 3167 1037 3211 νενομοθετείσθω
1055 3168 1096 3200 Μ
1113 3167 1124 3212 ΙΙ
1148 3168 1221 3210 τῆς]

145 3212 214 3255 τὴν
228 3214 278 3245 B⁰
301 3211 314 3256 ΙΙ
336 3211 404 3254 τὴν
429 3213 484 3253 Μ]
520 3211 588 3254 τὴν
610 3213 686 3246 τῶν
710 3214 759 3254 L,
785 3226 842 3246 om.
857 3214 893 3246 B
909 3215 920 3256 ΙΙ
948 3215 988 3247 20
1014 3214 1072 3245 καὶ
1097 3226 1154 3246 om.
1170 3225 1189 3249 ς
1212 3212 1223 3256 Η

148 3259 190 3291 22
211 3259 270 3290 καὶ
291 3271 347 3290 om.
362 3258 394 3290 L
412 3262 424 3301 ss
450 3259 489 3291 27
511 3259 635 3301 μέντοι
649 3259 736 3298 ΜΒ]
760 3260 924 3303 μέντοιγε
938 3259 968 3290 L
985 3259 996 3300 ΙΙ
1016 3260 1057 3292 29
1075 3255 1222 3291 ὁπόθεν

146 3305 199 3339 Lg
221 3305 274 3345 (cf.
292 3303 410 3336 Theoti·
425 3304 501 3335 Ath.
516 3304 594 3339 Iul-z
620 3303 685 3335 Ed.
700 3303 766 3344 IV,
786 3305 830 3345 3)]
856 3300 996 3336 ὁπόσον
1015 3304 1061 3336 M
1084 3300 1222 3336 ὁπόσας

148 3349 183 3381 Β
202 3348 214 3392 ΙΙ
230 3349 272 3381 30
289 3346 380 3391 μετὰ
401 3345 587 3389 τοσαύτης]
609 3358 682 3380 cum
700 3358 760 3380 sua
775 3349 810 3388 (i.
825 3361 850 3381 e.
867 3349 930 3390 τῆς
950 3343 1059 3381 αὑτοῦ
1068 3348 1097 3389 Ῡ)
1115 3348 1160 3392 511
1180 3350 1218 3382 31

147 3389 348 3437 άδρανείας]
367 3389 529 3438 ἀνδρείας
544 3394 592 3425 B⁶
613 3393 759 3425 efficacia
774 3405 794 3429 ς
810 3393 822 3436 ΙΙ
840 3395 878 3427 31
891 3406 937 3436 sq.
953 3390 1000 3425 αἱς
1013 3412 1054 3417 ——
1068 3392 1222 3435 ἰσχῦσαι]

148 3438 175 3470 si
191 3458 230 3462 —
242 3438 386 3471 valuerit
402 3451 420 3474 ς
438 3440 449 3481 ΙΙ
468 3440 510 3472 32
524 3438 554 3471 εἰ
567 3437 666 3481 παρὰ
682 3437 798 3471 ταῦτά
813 3450 848 3471 τι
865 3437 1022 3482 πράξειε]
1044 3438 1095 3470 εἰη
1112 3441 1221 3472 autem

148 3484 332 3516 moderator
352 3484 507 3516 adversus
526 3493 562 3515 ea
583 3484 753 3526 quidpiam
774 3483 890 3516 fecerit
910 3484 972 3516 Iul.
991 3485 1087 3522 male;
1113 3485 1221 3517 ducem

150 3529 292 3572 intelleyi
315 3530 404 3563 docet
427 3530 491 3562 Ed.
509 3529 575 3569 IV,
597 3529 616 3561 3
647 3528 659 3572 ΙΙ
688 3530 731 3562 33
755 3527 888 3571 ποινὴν
912 3542 970 3562 om.
988 3540 1007 3564 ε’
1034 3528 1046 3572 ΙΙ
1076 3529 1223 3571 quinque

151 3573 210 3608 Μς
225 3575 278 3628 (cs.
293 3574 382 3615 Iul.)]
407 3576 438 3607 ΐε
457 3575 530 3607 Ms.
544 3587 586 3615 υ.,
601 3574 631 3606 L
655 3571 912 3607 πεντεκαίδεκα
925 3574 960 3606 Β
974 3575 1027 3616 (cf.
1042 3574 1106 3607 Ed.
1121 3575 1186 3617 IV,
1203 3577 1222 3609 3

151 3629 284 3659 ποινην
299 3619 421 3661 viginti
437 3619 594 3652 librarum
613 3620 699 3661 auri)
716 3619 728 3663 ΙΙ
747 3620 790 3653 34
803 3622 922 3653 subscr.
938 3632 995 3652 om.
1010 3619 1072 3652 Iul.
1091 3618 1105 3664 ΙΙ
1127 3631 1173 3652 VI.
1188 3620 1219 3654 k.

1288 2761 1358 2794 iun.
1373 2763 1429 2802 M]
1455 2773 1521 2794 1111.
1541 2762 1585 2794 id.
1608 2763 1683 2794 Iun.
1698 2774 1717 2797 ς
1740 2764 1825 2805 μηνὶ
1848 2758 1982 2804 Ἰουνίῳ
2008 2764 2082 2797 Atb.
2110 2765 2228 2797 ΤΙιεοιΙ.
2254 2760 2367 2808 (Jortc

1288 2817 1346 2839 xv.
1365 2808 1396 2839 k.
1414 2802 1500 2839 Iun.²
1516 2808 1717 2848 Zachariae)
1740 2810 1752 2850 ΙΙ
1780 2807 1858 2848 CR]
1885 2818 1935 2850 cp.
1957 2808 2012 2841 dn.
2031 2810 2073 2842 M
2096 2809 2160 2842 GP.
2182 2810 2366 2853 imperante

1288 2852 1422 2884 domino
1446 2854 1560 2884 nostro
1584 2852 1773 2885 Iustiniano
1797 2864 1851 2895 pp.
1876 2854 1962 2895 Aug.
1988 2866 2018 2895 ς,
2045 2867 2102 2888 om.
2117 2855 2193 2887 Atlz.
2211 2856 2330 2888 Theod.
2356 2857 2366 2900 Η

1288 2899 1363 2940 post
1379 2908 1468 2930 cons.
1483 2897 1638 2930 Belisarii
1654 2908 1702 2930 vc.
1721 2900 1752 2939 ς]
1771 2896 1863 2941 μετὰ
1879 2897 1948 2951 τὴν
1963 2895 2141 2933 ὑπατείαν
2153 2898 2367 2945 Βελισαριόυ

1288 2944 1363 2976 Ath.
1388 2942 1537 2975 bilisario
1554 2953 1605 2975 uc.
1623 2953 1727 2976 conss.
1747 2943 1794 2976 M
1809 2954 1900 2986 μετα
1918 2942 1988 2986 τὴν
2009 2940 2187 2978 ὑπατείαν
2206 2942 2367 2979 Ἀπιόνος

1290 2989 1410 3021 Theod.

1335 3080 1354 3111 2
1364 3091 1410 3120 sq.
1426 3078 1683 3110 constitutorum
1699 3089 1915 3110 numerorum
1931 3080 1976 3111 Ta
1989 3078 2000 3123 Η
2013 3080 2032 3111 3
2049 3079 2091 3119 ei]
2105 3081 2137 3112 et
2152 3080 2232 3125 VTss
2247 3084 2266 3114 5
2280 3092 2366 3113 com-

1289 3122 1475 3155 municauit
1500 3125 1575 3156 libri
1592 3123 1640 3164 116
1665 3123 1743 3164 dux]
1768 3125 1812 3155 sit
1835 3124 1935 3156 iudex
1962 3125 1994 3156 T
2007 3125 2019 3166 ΙΙ
2035 3123 2105 3156 illis
2123 3125 2365 3169 Osenbriiyqen]

1289 3168 1324 3200 in
1349 3169 1424 3200 aius
1450 3167 1588 3211 zarin-1
1615 3168 1757 3211 pribatis
1778 3169 1923 3210 masia
1940 3169 2042 3211 infra)
2060 3169 2072 3212 ιι
2098 3170 2117 3203 8
2142 3163 2366 3203 adeeinui'cem

1298 3214 1350 3247 Va
1372 3213 1384 3257 ΙΙ
1410 3224 1451 3245 ne
1475 3212 1504 3245 si
1532 3213 1566 3245 V
1588 3212 1601 3256 ΙΙ
1629 3215 1649 3246 9
1674 3213 1814 3254 quilibet
1842 3214 1873 3246 Τ
1897 3213 1909 3256 ΙΙ
1941 3215 1980 3247 12
2005 3214 2147 3246 discreta
2171 3216 2239 3247 sint
2267 3216 2366 3249 Osen-

1292 3261 1433 3301 bru'yyen
1459 3257 1472 3301 ΙΙ
1508 3260 1549 3292 15
1573 3258 1756 3290 vindicabit
1784 3259 2024 3302 Osenbriiyqen]
2061 3259 2223 3292 iudicabit
2248 3261 2325 3294 libri
2356 3261 2367 3304 ΙΙ

1293 3306 1333 3337 16
1346 3305 1427 3336 haec
1444 3302 1500 3346 Vn
1517 3303 1848 3336 amministrationem
1869 3304 1921 3336 Va
1939 3304 1951 3346 ΙΙ
1969 3305 2009 3337 19
2024 3303 2091 3335 sint
2107 3303 2168 3345 Vb]
2187 3308 2264 3338 sunt
2285 3306 2373 3339 VaT

1289 3350 1375 3393 vulg).
1394 3348 1406 3391 ΙΙ
1424 3349 1464 3382 21
1491 3359 1543 3380 res
1568 3350 1643 3381 add.
1660 3349 1753 3382 Beck
1768 3347 1781 3393 ΙΙ
1800 3350 1922 3381 crescet
1947 3349 2042 3381 Beck
2059 3348 2070 3391 ΙΙ
2088 3351 2294 3392 perpecimus
2315 3350 2369 3395 Vll

1292 3396 1334 3428 23
1359 3396 1390 3426 et
1414 3393 1442 3426 si
1465 3393 1549 3425 hanc
1574 3393 1693 3426 habeat
1719 3394 1774 3437 ΤΙι
1794 3395 1837 3427 24
1861 3393 1943 3425 tales
1969 3396 2046 3427 libri
2060 3395 2072 3437 ΙΙ
2098 3396 2138 3428 25
2165 3396 2288 3428 iustum
2312 3396 2369 3428 sed

1299 3440 1331 3472 V
1345 3438 1356 3483 ΙΙ
1374 3440 1415 3472 26
1440 3439 1555 3471 afferat
1572 3439 1665 3472 Beck:
1683 3438 1695 3482 ΙΙ
1711 3442 1743 3471 et
1766 3438 1839 3471 fieri
1853 3440 1957 3480 Beck]
1982 3438 2017 3471 id
2040 3439 2112 3471 fieri
2138 3441 2214 3474 libri
2230 3440 2242 3483 ΙΙ
2259 3442 2301 3476 29
2319 3444 2368 3474 et-

1292 3485 1377 3517 enim
1400 3484 1443 3524 V]
1468 3484 1556 3515 enim
1583 3485 1615 3516 T
1627 3484 1639 3527 ΙΙ
1659 3486 1700 3518 30
1723 3484 1771 3516 sic
1796 3485 1829 3517 T
1842 3484 1854 3526 fl
1870 3483 2017 3516 uoluerit
2042 3485 2125 3526 libri,
2143 3498 2226 3519 corr.
2241 3487 2334 3520 Beck
2357 3486 2369 3532 ΙΙ

1292 3531 1334 3563 32
1348 3529 1557 3570 multabitur]
1574 3529 1698 3562 mulcta
1714 3529 1759 3562 br'i
1774 3530 1807 3570 (i.
1822 3542 1847 3562 e.
1861 3528 1957 3571 bene)
1977 3530 2009 3562 Τ
2021 3529 2033 3572 ΙΙ
2051 3531 2094 3563 34
2107 3532 2368 3574 subscriptionem

1286 3582 1458 3618 praestant
1480 3574 1566 3618 VTn
1590 3574 1678 3606 iunii
1700 3575 1733 3607 V
1753 3574 1764 3617 ΙΙ
1788 3585 1858 3616 cap.
1881 3574 1943 3607 VT
1962 3573 1974 3617 ΙΙ
1996 3575 2038 3608 35
2063 3578 2138 3617 post
2160 3577 2367 3609 consulatum

1292 3633 1349 3653 om.
1372 3619 1427 3663 Vn
1445 3619 1587 3652 bisilarii
1609 3619 1674 3652 uiri
1697 3619 1872 3652 clarissimi
1895 3619 1927 3651 T
1945 3619 2109 3653 bilisiario
2134 3621 2208 3654 uice
2233 3633 2320 3655 cons.
2343 3623 2375 3656 V
