2580 4022
166 155 495 187 CONTRAchus
1179 204 1183 205 ⁷
1234 141 1319 188 775
2095 142 2172 186 Ed.
2195 143 2256 186 IX
2287 146 2396 186 5—7

161 255 270 289 τοῦτο
302 251 421 290 αὐτοῖς
452 254 719 299 θεραπεύοντες
744 255 980 299 θεσπίζομεν,
1007 256 1067 290 ἐπὶ
1090 255 1168 289 τῶν
1191 258 1269 290 ταῖς
1292 253 1478 298 ἀληθείαις
1507 253 1834 311 άργυροπρατικῶν
1858 253 2172 301 συναλλαγμάτων
2194 255 2273 290 τῶν
2295 256 2397 300 μέχρι

162 297 207 341 τή
238 312 321 345 ερον
351 300 599 346 πραχθέντων
627 299 754 334 ἄδειαν
787 298 905 335 αὐτοῖς
936 301 1045 343 εἶναι,
1078 304 1137 334 καὶ
1164 301 1195 334 εἰ
1226 300 1371 343 τύχοιεν
1401 299 1503 334 τόκοι
1530 303 1620 346 υπὲρ
1649 303 1691 335 τὸ
1724 298 1918 334 διπλάσιον
1943 301 2002 334 ἐπὶ
2027 298 2164 334 τούτοις
2187 303 2260 334 τοῖς
2280 304 2397 345 χρεέσι

163 342 200 378 δε
226 348 358 389 ομένοι,
390 345 610 390 εἰςπράττειν
642 343 771 379 αὐτούς
800 346 846 380 τὰ
881 344 1099 390 ὀφειλόμενα
1122 344 1213 388 μετὰ
1236 346 1300 380 τοῦ
1319 344 1520 390 ώρισμένου
1544 346 1665 389 τόκου,
1689 341 1752 379 ούκ
1776 342 2086 391 ἀναγκαζομένους
2110 343 2396 392 ὑπολογίζεσθαι

163 388 244 423 οὔτε
275 391 322 425 εἰς
352 391 460 425 τόκον
490 389 571 424 οὔτε
603 391 650 424 εἰς
682 388 832 435 ἀρχαῖον
862 390 1006 436 ὄφλημα
1039 392 1083 424 τὰ
1115 389 1184 433 ἤδη
1217 391 1308 435 ὑπὲρ
1340 391 1383 425 τὸ
1415 389 1612 436 κεφάλαιον
1643 389 1960 435 καταβεβλημένα·
1992 393 2052 423 καὶ
2083 390 2132 434 μὴ
2165 389 2396 425 ἀντικεῖσθαι

163 433 282 469 αὐτοῖς
311 436 371 470 ἐπὶ
398 434 516 478 τούτῳ
549 438 607 469 καὶ
637 435 738 479 μόνῳ
769 435 839 490 τὴν
863 435 1040 480 ἡμετέραν
1065 434 1233 476 διάταξιν
1256 436 1323 479 τὴν
1347 436 1410 470 τοῦ
1437 433 1678 478 διπλασίονος,
1705 434 1796 470 ἀλλὰ
1820 434 1913 469 κατὰ
1937 435 2005 479 τὴν
2030 434 2141 481 φύσιν
2161 438 2238 470 τῶν
2262 438 2393 479 συμβο-

162 478 278 514 λαίων
301 481 417 515 ταῦτα
442 477 571 514 αὐτοὺς
595 477 773 522 ἀπαιτεῖν,
796 478 868 514 αλλ’
897 479 979 515 οὐδὲ
1003 478 1128 515 αὐτῶν
1153 478 1390 525 ἀποχρῆσθαι
1415 479 1628 524 δυναμένων
1653 480 1743 525 πρὸς
1766 479 1850 515 τοὺς
1873 478 1940 523 ἤδη
1960 479 2253 525 συμβεβληκότας
2277 478 2396 514 αὐτοῖς

161 525 205 570 τῇ
231 522 314 570 παρ’
341 523 446 569 ἡμῶν
469 525 619 572 τεθείσῃ
645 524 817 567 διατάξει,
843 523 927 560 οὐδὲ
944 523 1158 570 δυναμένων
1180 524 1391 569 λογίζεσθαι
1407 525 1490 561 τοὺς
1506 524 1571 570 ἤδη
1587 524 1920 571 καταβεβλημένους
1937 525 2062 560 τόκους
2079 522 2101 569 ἢ
2119 527 2166 561 εἰς
2181 526 2223 560 τὸ
2240 524 2395 560 διπλοῦν

161 570 226 603 τοῦ
250 570 359 604 τόκου
382 568 405 614 ἢ
430 570 478 605 εἰς
501 571 542 605 τὸ
564 570 714 615 ἀρχαῖον
739 570 896 616 ὄφλημα.
1248 615 1309 650 UT
1367 615 1384 650 I

293 679 439 725 Ἐπειδὴ
468 680 507 716 δὲ
537 682 838 727 συνεχωρήσαμεν
869 686 975 728 χωρὶς
1009 681 1162 718 ἐνόπλου
1195 686 1383 728 στρατείας
1413 686 1486 717 τοῖς
1517 679 1673 729 ἀργύρου
1706 684 1884 727 τραπέζης
1915 684 2143 727 προεστῶσιν
2174 685 2234 719 ἐπὶ
2265 682 2396 727 ταύτης

161 727 224 769 τῆς
255 724 465 772 εὐδαίμονος
496 727 634 762 πόλεως
656 728 721 762 τὰς
745 727 854 762 ἄλλοις
876 729 996 763 πάσας
1017 731 1178 772 μετιέναι
1199 731 1397 773 στρατείας,
1428 728 1506 761 εἶτα
1531 729 1659 761 ἐκεῖνοι
1684 725 1908 771 δανείσματα
1933 725 2134 772 πράξαντες
2157 727 2179 771 ἢ
2199 732 2258 762 καὶ
2279 728 2393 774 πράτ-

161 785 284 807 τοντες
314 773 424 806 τόκον
456 774 696 818 ἐπηρώτησαν
726 773 794 808 τὸν
826 775 864 808 ἐκ
893 772 1055 819 διμοίρου
1086 776 1228 819 μέρους,
1265 771 1393 807 ὁποῖον
1429 776 1502 807 τοῖς
1534 770 1821 819 άργυροπράταις
1846 773 2039 818 έφήκαμεν,
2065 773 2101 807 οἱ
2127 771 2166 807 δὲ
2190 771 2396 819 ἀγνώμονες

162 818 281 851 ταῦτα
312 815 435 852 πάντα
467 815 695 852 ἀντιτιθεῖεν
728 816 847 853 αὗτοῖς
878 818 942 853 τὰς
966 822 1155 862 στρατείας
1178 818 1349 864 λέγοντες,
1374 818 1561 863 προςήκειν
1587 815 1714 852 αὐτούς
1738 817 1779 852 οὗ
1803 816 1872 852 τὸν
1896 817 2186 866 άργυροπράταις
2210 817 2301 852 ἀλλὰ
2327 819 2395 853 τὸν

163 866 456 908 στρατευομένοις
481 866 668 908 πρέποντα
691 862 801 898 τόκον
824 864 1052 907 κομίζεσθαι,
1084 862 1223 907 ταύτην
1248 860 1370 897 αὐτῶν
1394 864 1463 906 τὴν
1486 862 1617 909 ἄλογον
1641 866 1700 896 καὶ
1725 860 2055 918 άγνωμονεστάτην
2079 860 2280 906 άντίθησιν
2304 877 2395 898 παν-

162 909 182 942 1
229 907 338 942 τελεῖς
367 907 551 950 σχολάζειν
583 909 808 954 θεσπίζομεν
839 913 898 943 καὶ
922 909 968 944 τὰ
999 911 1316 955 συμπεφωνημένα
1348 908 1371 952 ἢ
1402 911 1462 942 καὶ
1491 908 1782 953 συμφωνούμενα
1812 923 1832 942 κ
1858 910 1967 943 ατεῖν.
2014 907 2105 942 Ait?
2131 905 2215 942 οὐδὲ
2235 909 2397 964 (ἐκεῖνοὶ

162 950 249 994 ἡμῖν
281 950 432 998 ἀρέσκει,
466 956 550 999 περὶ
582 955 659 988 τῶν
690 953 1016 1001 ἆργυροπρατικῶν
1043 953 1354 1000 συναλλαγμάτων
1385 953 1499 988 αἰτεῖν
1531 964 1633 987 τινας
1663 950 1686 996 ἢ
1718 922 1904 988 παντελῶς
1933 953 1983 998 μὴ
2006 951 2151 987 διδόναι
2175 953 2351 999 κεφάλαια
2374 968 2395 997 η

162 996 289 1032 τόκους
313 995 334 1041 ἢ
359 998 402 1032 τὸ
427 999 481 1032 ἔτι
505 997 648 1033 τούτων
671 1002 790 1044 χεῖρον
812 998 921 1046 λόγῳ,
946 998 1035 1034 ὥςτε
1059 1002 1226 1044 νομίμων
1249 997 1371 1033 τόκων
1396 996 1599 1043 διδομένων
1630 998 1677 1032 εἰς
1699 998 1742 1033 τὸ
1765 998 1916 1044 ἀρχαῖον
1941 997 2172 1044 λογίζεσθαι·
2205 1002 2264 1033 καὶ
2289 1000 2395 1034 τοῦτο

160 1041 230 1087 γὰρ
254 1044 314 1078 ἐπὶ
338 1043 416 1078 τῶν
440 1042 749 1090 συναλλαγμάτων
773 1045 851 1079 τῶν
875 1045 966 1092 πρὸς
989 1042 1262 1092 ἆργυροπράτας
1283 1046 1490 1090 γενομένων
1514 1039 1534 1087 ἢ
1559 1045 1760 1090 γινομένων
1784 1046 1929 1090 κρατεῖν
1951 1043 2163 1088 βουλόμεθα

1153 1134 1310 1171 CAPUT
1335 1134 1413 1170 VII.

290 1197 357 1234 ιἘν
381 1197 420 1234 δὲ
445 1198 488 1243 δὴ
513 1203 572 1234 καὶ
597 1202 706 1235 τοῦτο
733 1202 810 1236 τῶν
834 1202 1059 1246 αἰτουμένων
1084 1202 1161 1236 ἐστὶ
1186 1199 1270 1247 παρ’
1298 1198 1433 1245 αὐτῶν,
1458 1197 1586 1247 ὅτιπερ
1611 1197 1780 1235 πολλάκις
1803 1202 1898 1235 τινὲς
1920 1201 2000 1236 τῶν
2027 1198 2252 1236 ὑπευθύνων
2276 1198 2398 1236 αὐτοῖς

163 1244 427 1288 καθεστώτων,
459 1246 536 1280 εἶτα
567 1247 707 1289 ἑτέρους
736 1249 875 1290 ἔχοντες
905 1245 1145 1289 ὑπευθύνους,
1178 1244 1241 1289 οὐχ
1271 1247 1417 1281 ἑαυτοὺς
1444 1246 1587 1280 ἐκεῖθεν
1620 1245 1831 1291 πληροῦσιν,
1861 1244 1952 1280 ἀλλὰ
1978 1259 2031 1281 πα
2058 1247 2295 1290 ασκευάζουσι
2319 1250 2396 1280 ταῖς

164 1286 289 1324 αὐτῶν
314 1294 487 1347 γαμεταῖς
518 1291 699 1347 προφάσει
732 1292 878 1338 προικὸς
909 1289 932 1335 ἢ
963 1295 1210 1339 παραφέρνων
1242 1290 1263 1335 ἢ
1295 1293 1411 1339 χρεῶν
1448 1290 1565 1335 δῆθεν
1590 1289 1713 1325 ἄλλων
1736 1292 1844 1325 τοῦτο
1868 1291 2035 1336 καταβάλ
2058 1306 2113 1327 ειν
2137 1296 2197 1326 καὶ
2221 1291 2396 1326 διαλύσεις

163 1331 247 1377 παρ’
284 1338 406 1370 αυτῶν
438 1336 548 1383 ἤγουν
580 1335 779 1377 αποδείξεις
808 1337 1041 1382 κομίζεσθαι,
1073 1341 1224 1372 ἐκείνων
1258 1335 1296 1371 δὲ
1318 1338 1367 1371 εἰς
1389 1336 1593 1371 ἐλάττωσιν
1618 1334 1813 1370 ἐλθόντων
1835 1334 1856 1379 ἢ
1881 1338 2085 1381 ἐρχομένων
2109 1335 2132 1381 ἢ
2152 1341 2212 1372 καὶ
2235 1336 2395 1380 τελευτη-

164 1378 313 1414 σάντων
336 1378 358 1423 ἢ
382 1384 441 1414 καὶ
464 1381 555 1424 μετὰ
579 1384 697 1416 ταῦτα
720 1381 987 1425 τελευτώντων,
1011 1382 1088 1417 εἶτα
1114 1381 1237 1417 αὐτῶν
1260 1381 1492 1426 βουλομένων
1516 1381 1558 1416 τὸ
1584 1385 1682 1427 χρέος
1698 1379 1840 1426 ἀπολαμ
1870 1379 1973 1417 άνειν
1990 1384 2109 1426 τοῦτο,
2130 1384 2208 1418 τῶν
2223 1383 2396 1429 γαμετῶν

165 1426 282 1458 ἐκεῖνα
313 1428 379 1470 μὲν
406 1424 613 1468 λεληθότως
644 1430 898 1472 κομισαμένων
926 1424 947 1470 ἢ
973 1430 1031 1461 καὶ
1062 1426 1153 1472 μετὰ
1188 1429 1304 1462 ταῦτα
1335 1429 1594 1472 κομιζομένων,
1629 1425 1807 1472 ὁλόκληρα
1861 1429 1877 1460 ὲ
1906 1424 2170 1462 ἄντιτιθεισῶν
2202 1426 2322 1462 αὐτοῖς
2347 1428 2394 1462 τὰ

164 1467 368 1514 ὀφλήματα,
399 1467 488 1506 ὥςτε
520 1472 696 1506 ἐντεῦθεν
728 1470 848 1507 αὐτοῖς
879 1471 1090 1507 διαπίπτειν
1123 1472 1168 1507 τὰ
1201 1473 1263 1516 τῆς
1295 1471 1446 1507 ἐλπίδος.
1495 1475 1555 1506 καὶ
1586 1470 1736 1519 ᾔτησαν,
1769 1472 1805 1505 εἴ
1832 1486 1868 1506 τι
1900 1474 2067 1508 τοιοῦτον
2092 1476 2240 1520 γέγονεν
2260 1471 2283 1516 ἢ
2305 1472 2397 1517 μετὰ

163 1516 281 1549 ταῦτα
306 1514 353 1549 ὠς
384 1515 478 1551 εἰκὸς
509 1516 711 1561 γενήσεται,
742 1515 905 1564 ἀνάγκην
937 1520 1032 1560 ἔχειν
1055 1518 1137 1552 τοὺς
1155 1516 1220 1552 τὰς
1245 1517 1422 1553 διαλύσεις
1445 1518 1543 1563 παρὰ
1566 1518 1644 1552 τῶν
1667 1518 1850 1565 γυναικῶν
1873 1519 2125 1563 κομιζομένους
2147 1517 2169 1561 ἢ
2192 1518 2257 1553 τὰς
2281 1516 2395 1553 ἀπαλ-

164 1558 272 1605 λαγὰς
295 1557 316 1603 ἢ
336 1561 372 1594 εἴ
389 1574 426 1595 τι
450 1561 673 1606 συμβόλαιον
695 1565 841 1609 γέγονεν
865 1561 888 1606 ἢ
906 1560 1097 1609 γενήσεται
1121 1559 1222 1605 ὅλως,
1245 1565 1353 1597 τοῦτο
1377 1565 1610 1608 προκομίζειν
1628 1577 1644 1594 α
1663 1577 1679 1594 ι
1698 1577 1713 1595 ιι
1733 1566 1793 1596 καὶ
1817 1561 2054 1609 κληρονόμων
2079 1561 2203 1598 αὐτῶν
2227 1564 2275 1598 εἰς
2299 1562 2396 1610 ἔλεγ-

163 1617 228 1646 χον
257 1606 335 1640 τῶν
366 1609 581 1650 γενομένων,
614 1603 702 1642 ὦςτε
727 1607 776 1652 μὴ
801 1608 864 1642 τὰς
886 1610 953 1653 μὲν
975 1608 1132 1654 γαμετὰς
1151 1611 1210 1642 καὶ
1232 1609 1282 1653 μὴ
1308 1605 1541 1655 ὀφειλομένας
1564 1606 1701 1652 λαβεῖν,
1737 1611 1819 1650 [καὶ]
1846 1607 1975 1643 αὐτοὺς
1999 1607 2039 1643 δὲ
2061 1612 2122 1643 καὶ
2145 1607 2397 1655 ὀφειλομένους

164 1647 474 1696 ἀποστερηθῆναι.
523 1653 760 1696 θεσπίζομεν,
792 1654 828 1687 εἴ
853 1667 890 1688 τι
921 1655 1065 1687 τοιοῦτο
1096 1656 1243 1699 γέγονεν
1276 1652 1299 1697 ἢ
1321 1654 1520 1699 γενήσεται,
1546 1652 1707 1699 ἀνάγκην
1729 1655 1797 1697 μὲν
1821 1654 1916 1695 ἔχειν
1940 1651 2070 1688 αὐτοὺς
2093 1656 2326 1700 προκομίζειν
2350 1653 2396 1688 τὰ

164 1695 387 1739 συμβόλαια,
418 1696 555 1741 βλάβης
585 1701 711 1741 μέντοι
743 1698 861 1741 πάσης
891 1702 1007 1744 χωρίς,
1039 1701 1099 1732 καὶ
1130 1697 1171 1732 οὐ
1205 1696 1418 1742 δυναμένων
1449 1696 1575 1732 αὐτῶν
1604 1700 1642 1732 ἐκ
1674 1699 1738 1741 τῆς
1760 1697 1980 1743 προκομιδῆς
2003 1697 2176 1744 οὐδεμίαν
2200 1700 2396 1744 ὑπομένειν

164 1742 294 1783 ζημίαν
318 1742 549 1786 (μεμνήμεθα
592 1743 638 1788 ἀρ
662 1744 724 1786 τῆς
748 1740 917 1788 ἡμετέρας
935 1742 1141 1784 διατάξεως,
1167 1741 1258 1789 ἤπερ
1279 1743 1344 1779 τοὶς
1367 1741 1640 1790 ἠναγκασμένας
1663 1745 1741 1777 τῶν
1765 1742 2024 1787 δικαιωμάτων
2048 1743 2269 1789 προκομιδὰς
2285 1743 2394 1789 ἀβλα-

162 1789 236 1828 βεῖς
258 1785 427 1830 βούλεται
449 1756 620 1833 ssve-egat
643 1790 717 1822 τοῖς
741 1790 1047 1835 προκομίζουσιν),
1072 1785 1147 1822 ἀλλ’
1170 1790 1322 1823 ἐκείνους
1344 1790 1412 1833 μὲν
1441 1788 1488 1822 τὰ
1511 1787 1717 1832 συμβόλαια
1736 1790 1966 1834 προκομίζειν
1982 1792 2042 1822 καὶ
2059 1786 2167 1823 αὖθις
2183 1788 2394 1833 ἀναλαμβά-

162 1842 250 1874 νειν,
284 1832 314 1865 εἰ
348 1830 390 1866 δέ
421 1845 506 1866 τινα
543 1832 719 1867 ἐντεῦθεν
755 1832 884 1876 ὄνησιν
916 1835 1011 1876 ἔχειν
1045 1830 1237 1877 δυνηθεῖεν
1272 1833 1309 1867 οἷ
1346 1833 1415 1877 τὴν
1447 1831 1672 1879 προκομιδὴν
1704 1830 1975 1880 ἀναγκάσαντες
2003 1835 2181 1881 γενέσθαι
2211 1834 2301 1880 πρὸς
2331 1832 2396 1869 τὰς

163 1999 341 2043 nolumus,
373 1998 472 2044 quod
501 2009 584 2034 vero
613 2000 823 2045 praecessit,
854 2000 942 2045 quia
965 2010 1040 2035 non
1063 1999 1135 2035 iam
1159 2000 1272 2035 ullam
1297 2000 1442 2036 omnino
1462 2000 1593 2046 recipit
1615 1999 1830 2043 machinam,
1855 2000 1923 2035 hoc
1946 2000 2038 2047 ipsis
2061 2000 2290 2036 emendantes
2312 2011 2396 2036 san-

165 2044 288 2085 cimus,
319 2048 360 2078 ut
389 2044 427 2077 in
460 2044 553 2079 veris
577 2043 820 2079 contractibus
843 2044 1139 2089 arqentariorum
1163 2045 1213 2079 ad
1236 2044 1331 2079 hunc
1354 2045 1447 2079 diem
1469 2045 1584 2090 factis
1605 2045 1770 2089 facultas
1794 2045 1839 2079 iis
1862 2045 1921 2086 sit,
1957 2046 2099 2080 etiamsi
2122 2056 2256 2081 usurae
2279 2056 2395 2092 supra

164 2088 312 2134 duplum
343 2098 413 2133 pro
446 2087 502 2122 his
533 2087 659 2123 debitis
690 2087 798 2123 datae
821 2088 904 2130 sint,
933 2088 1109 2134 exiqendi
1130 2088 1249 2124 debita
1274 2099 1352 2123 cum
1378 2089 1583 2124 constitutis
1606 2089 1738 2130 usuris,
1760 2100 1834 2124 non
1858 2091 1995 2124 coactis
2017 2090 2198 2135 imputare
2221 2101 2336 2135 neque
2359 2091 2396 2125 in

164 2144 296 2168 usuras
320 2143 434 2178 neque
457 2132 495 2166 in
519 2133 706 2178 antiquum
725 2132 892 2174 debitum,
917 2143 1011 2178 quae
1029 2143 1143 2179 supra
1166 2136 1301 2168 sortem
1325 2134 1395 2168 iam
1419 2133 1540 2168 soluta
1559 2136 1655 2176 sunt,
1680 2137 1715 2168 et
1739 2133 1776 2167 in
1800 2133 1868 2169 hoc
1890 2134 1970 2168 solo
1995 2134 2047 2169 eis
2071 2139 2200 2170 nostra
2223 2134 2267 2170 de
2283 2134 2395 2181 duplo

165 2178 377 2213 constitutio
402 2188 475 2212 non
498 2176 621 2219 obstet,
645 2176 710 2212 sed
728 2177 923 2212 secundum
947 2181 1197 2212 contractuum
1221 2181 1388 2213 naturam
1412 2189 1455 2214 ea
1478 2178 1655 2223 exiqant;
1678 2177 1741 2212 sed
1764 2178 1816 2212 ita
1838 2183 1877 2213 ut
1901 2189 1946 2214 ne
1969 2179 2043 2224 ipsi
2061 2179 2203 2224 quidem
2221 2179 2396 2215 adversus

165 2234 238 2264 eos,
269 2222 332 2268 qui
364 2233 442 2257 cum
475 2221 489 2256 i
515 2222 566 2256 sis
589 2223 659 2257 iam
684 2225 959 2263 contraxerunt,
988 2225 1114 2257 nostra
1139 2223 1396 2258 constitutione
1419 2222 1626 2265 abutantur,
1651 2233 1767 2268 neque
1789 2223 1970 2269 imputare
1987 2224 2136 2270 possint
2158 2224 2299 2260 solutas
2322 2225 2394 2259 iam

165 2278 297 2303 usuras
321 2273 384 2303 aut
408 2268 446 2302 in
496 2266 619 2319 uplum
642 2277 836 2302 usurarum
860 2271 925 2302 aut
947 2267 985 2301 in
1009 2267 1197 2313 antiquum
1221 2267 1387 2303 debitum.

298 2312 360 2348 VI.
407 2311 587 2355 Quoniam
617 2322 702 2347 vero
729 2312 961 2357 permisimus
990 2312 1223 2358 arqentariae
1250 2323 1393 2348 mensae
1422 2311 1644 2358 praepositis
1675 2311 1712 2346 in
1735 2310 1804 2347 hac
1825 2311 1936 2358 felice
1959 2311 2047 2348 urbe
2071 2316 2227 2360 excepta
2251 2317 2395 2349 armata

165 2357 293 2393 militia
327 2368 449 2392 omnes
480 2357 575 2392 alias
605 2357 753 2391 militias
783 2367 926 2402 qerere,
959 2356 1087 2392 deinde
1118 2356 1189 2401 illi,
1225 2367 1304 2393 cum
1335 2361 1496 2393 mutuum
1526 2356 1704 2392 dederunt
1731 2360 1796 2392 aut
1826 2357 1934 2392 etiam
1966 2356 2071 2400 dant,
2101 2357 2219 2393 besses
2250 2368 2393 2399 usuras,

166 2406 324 2448 quantas
355 2402 577 2448 arqentariis
607 2401 863 2444 concessimus,
893 2401 1062 2447 stipulati
1090 2406 1192 2444 sunt,
1223 2402 1382 2448 improbi
1411 2406 1530 2437 autem
1562 2405 1751 2447 opponunt
1774 2402 1864 2447 ipsis
1885 2401 2046 2446 militias,
2063 2403 2222 2440 dicentes
2233 2414 2388 2450 aequum

165 2458 241 2483 esse
269 2458 331 2483 eos
361 2458 436 2482 non
467 2447 706 2492 arqentariis,
737 2446 802 2480 sed
832 2446 1069 2482 militantibus
1101 2447 1351 2482 convenientes
1382 2456 1514 2482 usuras
1545 2457 1688 2492 capere,
1716 2445 1811 2481 hanc
1830 2457 1956 2483 eorum
1980 2447 2174 2483 absurdam
2197 2451 2233 2484 et
2255 2449 2390 2494 impro-

166 2492 346 2528 bissimam
373 2491 604 2527 abiectionem
637 2491 783 2526 omnino
814 2491 996 2536 quiescere
1020 2491 1180 2527 iubemus
1202 2495 1237 2526 et
1261 2502 1354 2537 quae
1376 2495 1484 2538 pacto
1506 2492 1738 2526 convenerint
1762 2494 1825 2527 aut
1848 2491 1955 2527 etiam
1980 2493 2195 2527 conveniant
2218 2493 2388 2528 obtinere.

166 2540 187 2573 1
236 2536 309 2572 Sed
340 2548 384 2572 ne
414 2536 504 2572 illud
536 2536 677 2582 quidem
707 2536 808 2571 nobis
830 2535 961 2581 placet,
994 2536 1094 2582 quod
1116 2536 1160 2571 de
1184 2537 1475 2582 arqentariorum
1499 2536 1744 2571 contractibus
1767 2537 1934 2571 nonnulli
1954 2537 2156 2581 postulant,
2181 2541 2222 2572 ut
2246 2538 2391 2574 omnino

165 2593 239 2617 non
269 2581 355 2617 dent
385 2585 450 2616 aut
479 2586 596 2616 sortes
627 2583 690 2615 aut
721 2591 864 2622 usuras,
896 2580 961 2622 vel,
994 2580 1092 2626 quod
1121 2580 1189 2616 hoc
1218 2582 1324 2616 etiam
1351 2582 1460 2627 peius
1491 2585 1561 2623 est,
1593 2585 1634 2615 ut
1665 2591 1758 2626 quae
1782 2581 1962 2626 leqitimae
1985 2592 2118 2616 usurae
2142 2581 2277 2618 dantur
2299 2583 2392 2618 sorti

166 2628 395 2674 imputentur.
428 2626 522 2660 Nam
547 2625 614 2660 hoc
638 2635 782 2671 quoque
807 2626 841 2659 in
861 2625 1117 2667 contractibuS,
1143 2625 1206 2670 qui
1221 2637 1299 2661 cum
1318 2626 1540 2671 arqentariis
1556 2625 1638 2660 initi
1652 2631 1737 2660 sunt
1754 2631 1818 2661 aut
1833 2626 2014 2668 ineuntur,
2041 2625 2200 2662 obtinere
2215 2626 2388 2662 volumus.

300 2671 380 2707 VII.
433 2669 545 2706 Unum
578 2681 661 2706 vero
693 2671 799 2705 etiam
831 2668 900 2704 hoc
930 2680 980 2705 ex
1003 2680 1125 2706 eorum
1143 2671 1271 2716 petitis
1293 2675 1358 2712 est,
1382 2670 1482 2716 quod
1501 2680 1612 2716 saepe
1636 2670 1751 2715 aliqui
1775 2681 1909 2713 eorum,
1934 2671 1997 2716 qui
2022 2671 2110 2717 ipsis
2137 2671 2290 2707 obnoxii
2307 2676 2392 2708 sunt

166 2717 330 2762 aliosque
374 2725 502 2750 rursus
536 2715 715 2750 obnoxios
751 2714 900 2755 habent,
935 2724 1010 2749 non
1044 2715 1115 2750 sibi
1147 2715 1229 2750 inde
1268 2715 1520 2761 satisfaciunt,
1563 2714 1628 2750 sed
1660 2715 1845 2795 esgiciunn
1885 2720 1926 2750 ut
1960 2716 2036 2751 suis
2073 2716 2253 2752 uxoribus
2279 2728 2390 2763 prae-

167 2766 270 2797 textu
302 2760 399 2796 dotis
431 2760 486 2796 vel
514 2759 832 2806 paraphernorum
863 2759 918 2795 vel
949 2759 1104 2794 aliorum
1131 2758 1330 2795 debitorum
1358 2761 1425 2795 hoc
1448 2759 1591 2795 solvant
1613 2763 1649 2794 et
1671 2771 1693 2794 a
1740 2760 1784 2795 iis
1808 2759 1970 2805 apochas
1992 2760 2066 2795 sive
2088 2761 2282 2797 solutionis
2300 2773 2391 2808 pro-

166 2807 326 2842 bationes
357 2806 562 2851 accipiant,·
592 2814 672 2839 cum
705 2809 823 2840 autem
854 2804 911 2839 illi
932 2804 982 2839 ad
1004 2803 1165 2850 inopiam
1189 2803 1396 2840 devenerint
1419 2808 1483 2839 aut
1506 2804 1696 2840 deveniant
1719 2805 1774 2839 vel
1796 2806 1904 2840 etiam
1924 2806 2060 2840 mortui
2079 2807 2153 2842 sint
2176 2810 2239 2842 aut
2259 2812 2391 2853 postea

166 2851 380 2893 moriantur,
406 2850 546 2896 ipsique
570 2849 725 2885 debitum
750 2849 818 2884 hoc
842 2859 1059 2894 recuperare
1082 2848 1202 2891 velint,
1226 2850 1416 2891 uxoribus,
1441 2849 1523 2884 licet
1546 2849 1611 2884 illa
1627 2850 1716 2884 clam
1733 2851 1938 2895 acceperint
1954 2854 2019 2885 aut
2032 2855 2158 2894 postea
2175 2857 2392 2898 accepturae

165 2898 247 2937 sint,
278 2897 421 2940 inteqra
454 2900 571 2930 tamen
602 2894 691 2941 ipsis
721 2894 839 2928 debita
872 2893 1144 2939 opponentibus,
1175 2899 1214 2928 ut
1244 2894 1327 2929 inde
1353 2894 1366 2928 i
1392 2905 1514 2928 sorum
1546 2905 1630 2945 spes
1662 2894 1838 2930 concidat.
1886 2894 1936 2930 Et
1952 2896 2147 2940 petierunt,
2172 2900 2223 2938 ut,
2247 2897 2282 2932 si
2304 2896 2392 2943 quid

165 2939 339 2976 eiusmodi
368 2940 509 2984 factum
541 2939 589 2974 sit
620 2942 684 2973 aut
712 2938 866 2984 posthac
894 2940 997 2983 forte
1024 2938 1102 2982 fiat,
1135 2949 1276 2973 necesse
1307 2938 1353 2973 ha
1378 2942 1471 2980 eant,
1504 2949 1564 2985 quz
1598 2938 1758 2985 apochas
1791 2951 1813 2974 α
1845 2940 2054 2975 mulieribus
2085 2942 2291 2986 acceperint
2324 2946 2390 2976 aut

166 2985 408 3025 liberationes,
440 2987 502 3017 aut
531 2983 563 3016 si
592 2982 689 3027 quod
721 2983 866 3017 omnino
899 2983 1148 3017 documentum
1178 2983 1320 3028 sactum
1352 2982 1398 3017 sit
1429 2987 1493 3018 aut
1519 2984 1600 3027 fiat,
1631 2983 1670 3018 id
1687 2985 1859 3030 proferre
1882 2985 1950 3019 sibi
1974 2989 2008 3020 et
2032 2985 2222 3020 heredibus
2244 2988 2319 3021 suis
2343 2986 2392 3021 ad

166 3027 354 3074 arguenda
378 3038 432 3069 ea,
454 3037 547 3072 quae
570 3031 673 3072 qesta
696 3031 791 3069 sunt,
815 3038 860 3062 ne
884 3037 1032 3068 uxores,
1059 3027 1188 3072 quibus
1210 3028 1302 3063 nihil
1324 3027 1482 3069 debetur,
1514 3029 1707 3074 accipiant,
1732 3029 1803 3074 ipsi
1827 3039 1923 3070 vero,
1948 3029 2078 3074 quibus
2101 3030 2259 3073 debetur,
2283 3031 2390 3075 frau-

166 3073 306 3109 dentur.
354 3071 544 3107 Sancimus
569 3075 624 3113 ut,
656 3071 687 3106 si
712 3071 783 3106 tale
805 3071 895 3151 quid
923 3072 1066 3116 sactum
1097 3073 1144 3107 sit
1175 3076 1238 3107 aut
1267 3072 1352 3117 fiat,
1385 3077 1564 3117 coqantur
1595 3073 1737 3118 quidem
1767 3073 1821 3108 illi
1844 3073 2083 3109 instrumenta
2105 3075 2290 3120 proferre,
2312 3076 2391 3110 sine

165 3119 261 3154 omni
293 3122 411 3153 tamen
443 3118 586 3158 damno,
619 3119 654 3151 et
685 3121 725 3151 ut
755 3117 891 3151 nulum
923 3116 1148 3161 dispendium
1179 3127 1228 3152 eoe
1255 3117 1464 3163 prolatione
1495 3118 1672 3152 sustinere
1693 3119 1840 3164 possint
1872 3119 2104 3158 (meminimus
2127 3120 2218 3154 enim
2243 3124 2390 3155 nostrae

166 3162 447 3202 constitutionis,
484 3172 577 3206 quae
607 3166 752 3195 coactas
783 3161 1075 3196 documentorum
1108 3161 1282 3196 editiones
1312 3162 1487 3196 innoxias
1514 3162 1790 3208 proferentibus
1820 3173 1896 3198 esse
1927 3163 2032 3207 vult),
2064 3163 2129 3199 sed
2159 3164 2214 3199 illi
2248 3164 2390 3210 quidem

166 3208 405 3243 instrumenta
431 3206 635 3253 proferant
663 3211 699 3241 et
730 3216 857 3241 rursus
881 3206 1060 3252 recipiant
1068 3218 1083 3247 ,·
1114 3206 1145 3241 si
1169 3217 1273 3252 quem
1297 3212 1414 3241 autem
1439 3206 1522 3242 inde
1544 3207 1707 3252 fructum
1728 3207 1917 3254 percipere
1934 3208 2091 3254 possint,
2116 3209 2180 3254 qui
2200 3209 2390 3245 editionem

213 3377 232 3409 3
265 3371 570 3418 ἀναγκαζομένων
603 3374 652 3414 M,
678 3386 759 3408 corr.
786 3373 887 3406 Kroll
918 3372 930 3414 ΙΙ
963 3374 981 3407 8
1011 3375 1071 3405 καὶ
1101 3374 1243 3418 μερικαὶ
1314 3369 1439 3406 αὐτῶν
1474 3368 1519 3416 ἢ)
1553 3375 1613 3406 καὶ
1646 3375 1702 3416 (cf.
1735 3375 1781 3407 ad
1811 3375 1888 3415 32),·
1921 3370 2038 3408 αὐτοῖς
2068 3377 2127 3407 καὶ
2159 3374 2391 3420 κληοονόμοις

167 3422 244 3455 τῶν
268 3418 389 3453 τόκων
413 3415 611 3461 καταβολαὶ
635 3417 830 3463 φθάσασαι
851 3417 892 3450 τὸ
919 3415 1070 3452 διπλοῖν
1085 3418 1149 3451 τοῦ
1168 3419 1242 3461 χρέ-
1311 3416 1434 3451 αὐτῶν
1460 3419 1646 3451 Zachariae
1665 3418 1676 3461 ΙΙ
1694 3420 1733 3452 27
1763 3421 1822 3451 καὶ
1847 3420 1908 3452 del.
1934 3421 2033 3452 Kroll
2050 3419 2061 3463 ΙΙ
2079 3422 2120 3454 28
2146 3413 2210 3454 οὖν
2226 3409 2390 3456 *excidisse

170 3477 228 3499 ους
252 3462 488 3508 σβεννύουσιν
512 3459 599 3495 aive
616 3465 693 3496 add.
713 3476 807 3495 anon.
828 3463 927 3496 Bodl.
947 3468 999 3502 (ex
1016 3476 1085 3496 nov.
1109 3464 1243 3503 CXXI)
1310 3464 1482 3496 verisimile
1504 3464 1516 3506 ΙΙ
1543 3464 1584 3497 29
1610 3459 1733 3496 αὐτῶν
1758 3462 1834 3504 Mb]
1861 3460 1967 3507 αὖτῆς
1992 3465 2057 3498 Ala
2073 3468 2084 3508 ΙΙ
2111 3467 2152 3500 30
2179 3463 2388 3509 διατάξεως]

168 3512 179 3553 Η
199 3512 236 3544 11
263 3512 304 3553 ‘'2ss
329 3510 404 3543 Coe.
420 3510 509 3548 4‚3·2‚
525 3515 560 3541 26
588 3513 603 3547 ᾗ
620 3515 635 3540 2
654 3508 665 3551 ΙΙ
684 3507 714 3540 εἰ
738 3505 776 3540 δὲ
793 3508 848 3546 M;
869 3510 974 3542 malim
999 3506 1035 3540 οἱ
1058 3505 1097 3540 δὲ
1122 3505 1239 3553 άγνω-
1317 3509 1391 3541 Coe.
1410 3510 1441 3548 4,
1460 3510 1513 3546 21,
1528 3515 1563 3541 ²2
1581 3508 1593 3550 ΙΙ
1612 3510 1652 3542 31
1681 3505 1954 3551 ἀναλαμβάνειν
1983 3522 2021 3543 ετ
2048 3523 2142 3543 αηοη.
2158 3512 2260 3544 Bodl.
2277 3513 2388 3554 Kroll]

166 3557 370 3597 μονέστατα
395 3550 516 3598 πάντῃ
531 3553 584 3586 vel
600 3553 727 3596 aliquid
742 3554 865 3592 simile,·
889 3551 982 3586 κατὰ
1000 3549 1124 3586 πάντα
1145 3555 1242 3586 Οεενι-
1311 3548 1593 3596 ἀντιλαμβάνειν
1618 3554 1664 3585 M
1678 3552 1690 3592 ΙΙ
1718 3555 1760 3586 32
1782 3553 1852 3587 εἴτε
1876 3554 2052 3587 ἐντεῦθεν
2076 3551 2095 3587 ὁ
2120 3553 2389 3602 άργυροπράτης

169 3602 310 3642 brilqyen
329 3599 340 3642 ΙΙ
362 3601 401 3632 14
421 3598 533 3630 έκεῖνο
556 3598 632 3631 add.
652 3598 750 3630 Kroll
767 3598 778 3638 ΙΙ
800 3599 836 3630 15
862 3594 1005 3642 ἀρέσκοι
1023 3599 1064 3630 M
1077 3599 1089 3641 ss
1109 3599 1151 3631 22
1170 3606 1244 3641 post
1311 3595 1497 3640 ὀφείληται
1521 3598 1596 3640 (scr.
1611 3595 1816 3643 ὠφελεῖται)
1840 3594 1863 3641 ἢ
1879 3597 1915 3632 οἱ
1930 3597 2143 3644 κληρονόμοι
2162 3598 2274 3634 αὐτοῦ
2292 3615 2388 3636 αηοη.

166 3646 263 3688 χρέος
287 3645 442 3677 excidisse
465 3644 556 3675 verbi
576 3643 687 3684 qratia
711 3638 880 3675 ἀπαιτεῖν
907 3640 972 3675 οὐκ
993 3650 1089 3685 putat
1113 3643 1242 3675 ΖαεΙια-
1316 3644 1411 3676 Bodl.

167 3691 254 3729 riae;
271 3691 418 3733 sortasse
436 3688 601 3722 tolerabile
622 3695 668 3722 est
688 3689 901 3721 anacoluthon
918 3688 931 3733 ss
951 3689 992 3722 26
1008 3689 1116 3732 possis
1134 3683 1241 3733 <ῧπὲρ

2422 733 2461 766 10

2424 958 2462 992 15

2421 1299 2463 1331 20

2420 1526 2462 1558 25

2419 1749 2462 1783 30
