2618 4010
251 134 291 177 N
293 147 358 178 ov.
386 132 530 177 XLIII
561 135 580 174 1

252 241 400 286 αιτήσει.
448 239 531 276 οἶδὲ
562 241 629 289 γὰρ
652 238 876 297 ὑπομένομεν
905 241 948 277 τὸ
972 242 1106 287 ἑτέρων
1136 238 1250 283 ἄχθος
1281 241 1328 275 εἰς

252 290 389 333 ἑτέρους
422 287 619 332 φέρεσθαι,
653 284 739 321 οὐδὲ
771 298 885 322 ουτως
919 284 1040 329 ἀπηνῆ
1070 286 1218 320 κεῖσθαι
1249 283 1326 320 δια-

251 332 435 373 τύπωσιν,
472 329 561 366 ᾰίετε
584 328 676 366 καθ’
703 329 857 375 ἑκάστην
887 331 1065 372 αὔξεσθαι
1094 330 1141 365 τὰ
1161 329 1246 374 τέλη
1269 333 1329 364 καὶ

251 375 421 422 καθάπερ
458 375 704 421 ἐδιδάχθημεν
739 375 784 412 τὰ
816 375 1063 423 τετραπλάσια
1103 378 1163 409 καὶ
1198 388 1328 411 πεντα-

253 420 388 457 πλάσια
422 424 481 455 καὶ
512 419 627 465 δήπου
660 425 719 456 καὶ
750 419 973 457 δεκαπλάσια
1006 418 1199 462 δίδοσθαι,
1235 418 1330 454 διότι

252 469 312 501 καὶ
335 464 651 514 περισπούδαστόν
679 469 756 501 ἐστι
786 467 841 510 τῷ
864 464 1022 510 ἡμετέρῳ
1052 462 1173 509 κράτει
1202 463 1329 510 μηδενὶ

253 512 369 565 καινᾷ
400 511 493 546 τέλει
522 509 660 556 μηδένα
688 509 936 557 βαρύνεσθαι·
971 509 1097 544 καινὸν
1129 507 1169 544 δὲ
1199 507 1246 544 ἂν
1277 509 1312 544 εἴ

253 554 295 591 οὐ
318 569 361 591 το
384 557 453 591 νῦν
472 558 623 604 πρῶτον
647 556 922 610 ἐπιτεθειμένον
944 554 1069 599 μόνον,
1093 552 1182 588 ἀλλὰ
1206 557 1266 588 καὶ
1288 567 1331 588 το

1316 125 1401 175 272

1365 423 1383 454 5
1399 419 1503 464 cupla

1623 142 1685 174 DE
1712 140 2002 175 messmms
2029 135 2466 175 couswan'rmorolam

1395 241 1503 293 tione.
1557 238 1640 276 Non
1674 241 1767 277 enim
1826 241 1954 278 atimur
1991 242 2140 279 aliorum
2175 250 2266 277 onus
2303 240 2341 276 in
2377 239 2469 277 alios

1395 285 1491 329 ferri,
1525 294 1641 338 neque
1664 285 1717 320 sic
1739 295 1804 322 cru
1829 287 1918 322 elem
1940 287 2057 323 iacere
2077 286 2355 332 dispositionem,
2380 295 2466 331 qua-

1397 331 1492 365 tinus
1523 329 1654 365 cotldle
1685 333 1883 374 augeantur
1911 332 2046 368 tributa
2069 335 2120 374 et,
2153 332 2247 367 sicut
2269 329 2386 366 edocti
2408 341 2468 366 au·

1398 386 1493 418 mus,
1549 374 1726 420 uadrupla
1756 379 1792 410 et
1842 376 1950 412 uincu
1975 378 2012 413 la
2042 382 2079 412 et
2107 376 2240 412 alicubi
2270 376 2377 411 etiam
2409 374 2469 419 de-

1550 423 1666 461 entur,
1690 429 1733 455 eo
1757 429 1805 464 qu
1874 426 1933 456 stu
1970 433 2029 457 um
2052 422 2098 458 sit
2122 427 2264 458 nostrae
2281 419 2470 466 potestatis

1397 464 1497 499 nullo
1521 474 1611 500 novo
1635 464 1771 499 tributo
1800 464 1936 500 nullum
1958 468 2112 511 gravari:
2145 477 2273 503 novum
2295 475 2378 501 vero
2403 465 2472 500 erit

1398 519 1470 544 non
1494 508 1589 554 quod
1613 519 1708 544 nunc
1733 508 1885 554 primum
1909 511 2063 555 positum
2083 514 2150 552 est,
2174 511 2237 547 sed
2253 512 2359 546 etiam
2377 508 2472 555 quod

1398 553 1552 599 priorem
1576 564 1775 589 mensuram
1804 555 2035 591 transcendit.
2086 556 2155 593 Sed
2179 556 2299 591 omnia
2321 555 2388 591 sub
2411 564 2471 590 eo-

254 601 322 656 τὴν
355 601 517 656 πραήἠνἱ
543 606 768 654 συμμετρίαν
801 603 1031 646 υπερβαῖνον.
1086 596 1176 633 ἀλλὰ
1210 599 1332 651 πάντα
1401 598 1480 634 dem
1504 599 1577 634 Sint
1599 600 1698 634 Statu
1726 601 1835 643 atque
1865 599 2020 642 fortuna,
2053 602 2316 646 communisque
2339 600 2387 636 sit
2409 609 2474 645 per

253 659 325 681 υπο
339 659 412 699 ἱτην
431 660 545 690 αυτην
567 649 664 700 ἔστω
680 649 902 680 καταστασίν
921 658 962 679 τε
986 646 1045 677 καὶ
1064 643 1185 687 τύχην,
1211 643 1270 678 διὰ
1289 656 1332 678 το
1350 645 1388 677 10
1402 654 1524 679 omnes
1555 643 1760 679 huiusmodi
1795 653 1898 679 sacra
1929 648 2052 681 nostra
2084 646 2304 691 pragmatica
2335 644 2473 681 sanctio

254 704 377 726 κοινον
399 691 492 726 εἶναι
524 705 616 726 κατα
640 691 791 726 πάντων
818 690 883 724 τὸν
914 691 1080 724 τοιοῦτον
1103 690 1208 723 θεῖον
1228 688 1332 734 ἡμῶν

255 736 507 791 πραγματικὸν
526 735 643 771 τύπον
666 733 723 779 (ὃν
744 734 787 778 δὴ
810 738 868 768 καὶ
892 734 1005 779 νόμον
1029 733 1150 768 καλεῖν
1167 734 1333 775 ἔξεστιν),

256 793 344 817 aisn
375 794 464 817 πασι
499 780 542 816 τὸ
571 780 711 815 ἄλυπον
743 778 1063 826 πεφιλοτιμῆσθαι.
1118 778 1159 814 οὐ
1214 779 1258 826 ἀρ
1289 777 1334 832 ὄιν

255 838 310 862 τις
332 830 414 874 περὶ
438 828 546 862 τοῦτο
567 824 795 872 δυςχεραίνοι,
819 822 958 868 μηδένα
978 824 1070 859 εἶναι
1093 824 1160 859 τὸν
1196 837 1334 869 ἱοιιρου·

1401 693 1523 734 (quam
1545 688 1710 724 videlicet
1732 689 1839 724 etiam
1871 689 1982 733 legem
2011 700 2136 726 vocare
2159 691 2266 735 licet),
2297 693 2339 725 ut
2362 691 2473 726 omni·

1402 735 1470 769 bus
1500 734 1730 770 securitatem
1762 733 1944 779 largiatur.
1999 734 2082 770 Non
2114 736 2208 772 enim
2239 735 2370 780 aliquis
2405 733 2476 770 hoc

1402 779 1491 814 dure
1513 779 1671 820 habebit,
1701 778 1836 814 nullum
1860 789 1938 814 esse
1962 788 2006 814 ex
2076 784 2150 816 tum
2171 780 2294 817 videns
2317 780 2386 816 nisi
2410 789 2475 824 pro

1401 823 1537 860 funeris
1558 824 1808 860 defunctorum
1829 824 1968 859 ratione
2027 824 2036 833 '
2066 834 2087 860 e
2104 829 2244 860 centum
2263 825 2475 870 ergasteria:

254 885 367 918 μενον
384 870 534 917 βλέπων
560 870 654 914 πλὴν
684 869 727 913 δὴ
746 871 810 904 τοῦ
833 871 894 912 τῆς
917 867 1016 904 ὁσίας
1038 870 1116 904 τῶν
1138 868 1333 904 τελευτών-
1348 871 1388 904 15
1402 879 1494 915 quae
1517 869 1575 904 lex
1599 871 1636 904 et
1660 869 1947 904 communissima
1977 872 2033 904 est
2062 871 2099 904 et
2128 870 2290 906 omnibus
2313 870 2477 907 similiter

257 930 336 952 των
360 915 465 964 λόγου
489 918 552 951 τοῦ
576 919 658 960 περὶ
681 917 760 950 τῶν
777 913 904 957 χιλίων
926 914 1058 950 ἑκατὸν
1077 916 1332 962 ἐργαστηρίων,

255 960 294 997 ὃς
317 960 361 1005 δὴ
383 960 590 996 κοινότατός
614 963 657 994 τέ
671 962 748 994 ἐστι
773 963 833 994 καὶ
856 957 994 994 ἅπασιν
1018 957 1148 1003 ὁμοίως
1166 958 1331 1006 έφηπλω·

256 1008 280 1043 2
325 1009 429 1051 μένος
451 1004 676 1050 ἀνθρώποις.
736 1006 782 1038 Εἰ
806 1003 848 1039 δέ
867 1016 921 1039 τις
943 1002 1175 1051 ἐπιχειρήσειε
1205 1018 1333 1050 παραι-

256 1050 356 1094 τήσει
378 1054 451 1086 τινὶ
473 1050 682 1105 χρήσασθαι
707 1053 766 1084 καὶ
787 1049 918 1084 ἑαυτὸν
935 1049 1151 1097 ἐλαφρύνειν
1174 1051 1235 1094 τῆς
1255 1061 1336 1084 συν-

1402 914 1580 959 explicata
1604 914 1817 950 hominibus.

1402 1005 1426 1040 2
1474 1005 1513 1039 Si
1544 1004 1623 1049 quis
1658 1008 1776 1039 autem
1813 1004 2038 1049 temptaverit
2072 1003 2288 1039 refutatione
2321 986 2479 1049 qualibet

1404 1050 1456 1084 uti
1481 1054 1516 1085 et
1540 1049 1765 1094 semetipsum
1798 1049 1948 1102 leyigare
1971 1049 2124 1093 tributo,
2156 1053 2191 1084 et
2213 1050 2278 1083 aut
2303 1058 2376 1084 non
2399 1058 2477 1094 per·

258 1095 404 1138 τελείας,
423 1099 487 1149 καί
504 1095 534 1152 ᾗ
542 1109 591 1139 μη
608 1098 804 1143 συγχωρεῖν
822 1094 904 1130 τοὺς
922 1096 1077 1130 ἐνοίκους
1095 1094 1336 1130 ἀπαιτεῖσθαι
1349 1097 1391 1129 20
1404 1095 1546 1130 mittere
1569 1095 1760 1139 inquilinos
1791 1104 1884 1139 elugi
1914 1104 1999 1130 suos
2028 1099 2093 1129 aut
2123 1093 2362 1139 patrocinium
2391 1092 2480 1129 velle

256 1142 338 1176 τοῦς
362 1141 488 1175 ἑαυτου
513 1155 535 1183 η
559 1145 786 1186 προστασίαν
801 1139 1011 1219 λθούλεσθαι
1039 1143 1161 1185 νέμειν
1183 1139 1205 1183 ἢ
1228 1152 1334 1186 στρα·

256 1185 429 1229 τιαντικὴν
451 1185 474 1229 ἢ
490 1184 677 1229 πολιτικὴν
697 1183 719 1228 ἢ
740 1188 800 1220 έκκ
822 1184 1034 1229 ησιαστικὴν
1054 1183 1076 1229 ἢ
1099 1187 1166 1228 τὴν
1189 1186 1335 1219 οἱανοῦν

257 1233 395 1277 ἑτέραν,
418 1233 626 1267 ἐκπιπτέτω
649 1228 826 1272 καθάπαξ
851 1232 911 1273 τῆς
934 1232 998 1264 τοῦ
1022 1232 1255 1278 ἐργαστηρίου
1281 1229 1334 1263 δε-

257 1280 440 1318 σποτείας,
472 1279 532 1311 καὶ
555 1278 651 1311 ἔστω
674 1277 782 1310 τοῦτο
807 1274 979 1319 δημόσιον
1004 1273 1103 1319 αὐτῷ
1131 1278 1184 1319 τῷ
1209 1274 1335 1318 συστὴ·

1404 1140 1561 1176 tribuere
1596 1143 1659 1175 aut
1689 1139 1843 1175 militare
1878 1144 1941 1174 aut
1971 1139 2072 1175 civile
2107 1144 2171 1174 aut
2200 1137 2481 1174 ecclesiasticum

1407 1189 1471 1219 aut
1494 1185 1677 1230 quodlibet
1700 1184 1807 1226 aliud,
1841 1185 1947 1220 cadat
1970 1184 2084 1220 modis
2111 1183 2276 1220 omnibus
2300 1181 2482 1227 ergasterii

1404 1230 1571 1271 dominio,
1603 1233 1640 1265 et
1670 1231 1717 1264 sit
1741 1231 1807 1265 hoc
1831 1230 2012 1275 publicum
2042 1229 2094 1264 illi
2125 1229 2272 1273 collegio
2298 1228 2482 1272 assignan-

1404 1275 1499 1310 dum.
1533 1275 1591 1310 Sic
1609 1275 1703 1310 enim
1714 1275 1819 1320 <uu
1835 1275 1897 1310 sed
1916 1285 1958 1310 eo
1979 1274 2092 1320 quod>
2111 1274 2285 1319 paulatim
2303 1273 2340 1308 in
2360 1282 2482 1308 omnes

257 1336 346 1367 ματι
369 1320 687 1369 προεκυρούμενον.
723 1317 820 1355 οὕτω
844 1320 912 1368 γὰρ
935 1318 1253 1365 εὐλαβηθήσονται
1276 1322 1336 1353 καὶ
1349 1322 1391 1354 25
1404 1320 1649 1355 extenduntur
1667 1321 1812 1361 tributa,
1838 1321 1943 1355 breve
1961 1320 2099 1364 quidem
2123 1319 2191 1354 erit
2210 1318 2305 1364 quod
2324 1318 2371 1353 ab
2391 1328 2480 1353 uno-

258 1369 336 1403 τῶν
364 1366 623 1408 κεκωλυμένων
657 1367 698 1400 οὔ
732 1365 998 1411 προςάψονται·
1041 1363 1131 1399 ἀλλὰ
1159 1366 1213 1409 τῷ
1246 1365 1337 1398 κατὰ
1429 1375 1546 1409 noque
1570 1365 1687 1406 datur,
1718 1365 1895 1400 mediocre
1917 1375 2000 1400 vero
2025 1367 2062 1400 et
2083 1362 2159 1400 leve
2183 1369 2218 1398 et
2241 1362 2416 1408 portabile
2439 1371 2483 1397 ac

257 1410 386 1458 μικρὸν
403 1415 463 1446 καὶ
484 1409 544 1458 ἐφ’
565 1408 728 1446 ἅπαντας
745 1409 945 1455 ἡπλῶσθαι
969 1410 1015 1444 τὰ
1035 1409 1118 1454 τέλη
1138 1409 1252 1455 βραχὺ
1270 1411 1336 1454 μὲν
1416 1410 1511 1445 'acile
1542 1410 1637 1454 quod
1666 1410 1830 1451 infertur,
1867 1412 1999 1454 quanto
2032 1419 2054 1444 a
2084 1409 2246 1455 pluribus
2279 1408 2481 1444 collectum.

258 1461 362 1492 ἔσται
396 1456 438 1492 τὸ
473 1454 563 1501 παρ’
602 1456 751 1491 ἑκάστου
787 1454 987 1500 διδόμενον,
1024 1459 1171 1502 μέτριον
1204 1453 1244 1489 δὲ
1277 1457 1338 1488 καὶ
1405 1454 1499 1499 Quid
1522 1454 1616 1490 enim
1639 1454 1794 1499 ineptius
1818 1455 1897 1497 erit,
1929 1455 2023 1490 viros
2048 1464 2092 1489 ex
2139 1454 2269 1499 ropriis
2293 1456 2484 1498 operantes

259 1503 395 1548 κοῦφον
426 1505 485 1536 καὶ
509 1500 668 1548 φορητὸν
697 1504 757 1535 καὶ
782 1502 872 1547 ῥᾷον
894 1499 1219 1547 συνειςφερῦμενον,
1260 1496 1336 1542 ὅσῳ
1405 1499 1571 1535 manibus
1595 1504 1630 1535 et
1654 1503 1844 1544 pascentes
1868 1509 1998 1534 uxores
2022 1509 2066 1534 ac
2131 1499 2183 1534 'os
2207 1501 2243 1534 et
2260 1498 2367 1534 aliam
2389 1497 2484 1533 vitae

259 1561 312 1584 πα
336 1548 359 1582 ὰ
382 1547 563 1582 πλειόνων
587 1545 765 1593 συλλεγέν.
811 1550 850 1580 τί
869 1545 939 1591 γὰρ
959 1543 1192 1591 ἀτοπώτερον
1208 1543 1253 1578 ἄν
1273 1545 1337 1587 εἴη,
1351 1546 1392 1579 30
1407 1545 1707 1597 dispensationem
1738 1545 1822 1580 hinc
1852 1545 1984 1580 habere
2013 1544 2214 1589 compulsos
2237 1553 2386 1579 onerare
2408 1551 2483 1578 ma-

259 1592 306 1627 ἅν
329 1603 393 1639 ρας
415 1594 455 1626 ἐκ
474 1594 553 1627 τῶν
570 1593 716 1626 οἰκείων
736 1593 990 1638 ἐργαζομένους
1012 1591 1144 1636 χειρῶν
1166 1593 1226 1624 καὶ
1250 1586 1338 1625 ἀπο·
1405 1590 1541 1626 iorlbus
1565 1590 1718 1633 tributis,
1752 1594 1788 1625 et
1811 1594 1945 1634 quanto
1969 1599 2026 1625 am
2053 1589 2121 1624 lius
2147 1599 2211 1633 per
2235 1598 2296 1624 eos
2327 1587 2389 1633 qui
2410 1587 2484 1622 lae·

260 1641 458 1683 τρέφοντας
478 1635 634 1684 γαμετάς
660 1650 702 1672 τε
730 1640 790 1670 και·
813 1634 947 1670 παῖδας
973 1639 1034 1670 καὶ
1057 1634 1124 1679 τὴν
1143 1633 1253 1677 ἄλλην
1273 1635 1336 1668 τοῦ
1406 1635 1572 1679 vigantur
1594 1635 1645 1678 fit,
1676 1639 1778 1670 tanto
1802 1636 1956 1670 maiores
1980 1635 2016 1669 in
2042 1644 2063 1669 e
2085 1633 2182 1670 effici
2205 1633 2414 1679 passiones?
2449 1634 2486 1667 et

260 1687 342 1727 βίον
366 1680 544 1724 διοίκησιν
567 1682 742 1717 ἐντεῦθεν
772 1684 867 1724 ἔχειν
890 1683 1136 1727 ἐπειγομένους
1164 1678 1339 1727 βαρύνειν
1407 1686 1463 1716 est
1486 1681 1630 1725 aliquod
1654 1690 1744 1716 onus
1768 1680 1953 1723 infinitum,
1982 1679 2172 1715 terminum
2195 1678 2329 1714 nullum
2354 1677 2486 1713 habere
2507 1698 2514 1705 -

261 1730 400 1772 μείζοσι
419 1727 546 1770 τέλεσι,
567 1731 627 1761 καὶ
647 1722 723 1770 ὅσῳ
743 1725 856 1762 πλείω
877 1725 922 1761 τὰ
942 1727 1020 1760 τῶν
1041 1724 1339 1772 ἐλαφρυνομένων
1406 1726 1539 1761 valens.

261 1773 442 1820 γίνεσθαι,
477 1769 641 1816 τοσούτῳ
676 1774 788 1816 μείζω
824 1771 870 1806 τὰ
905 1771 1049 1806 ἐκεῖθεν
1079 1769 1340 1806 ἀποτελεῖσθαι
1353 1772 1393 1805 35

262 1817 380 1862 πάθη,
401 1821 464 1852 καὶ
479 1817 574 1852 εἶναι
592 1831 629 1852 τι
648 1815 756 1866 βάρος
777 1815 958 1864 ἀόριστον,
982 1820 1092 1863 πέρας
1113 1812 1193 1850 οὐδ’
1217 1812 1339 1850 ὁτιοῦν

261 1863 287 1900 3
331 1865 425 1906 ἔχειν
448 1860 649 1905 δυνάμενον
656 1876 670 1905 ‚·
722 1863 841 1896 Ταῦτα
864 1859 987 1897 πάντα
1013 1859 1210 1896 κωλύοντες
1231 1858 1339 1895 τόνδε
1408 1861 1433 1897 3
1480 1860 1580 1895 Haec
1611 1860 1730 1895 omnia.
1761 1859 1993 1903 prohibentes
2025 1859 2120 1894 hanc
2152 1868 2292 1894 sacram
2322 1856 2487 1903 ponimus

262 1908 329 1942 τὸν
359 1908 464 1942 θεῖον
493 1908 646 1952 τίθεμεν
675 1906 929 1954 πραγματικὸν
957 1903 1084 1948 τύπον,
1115 1904 1183 1949 τήν
1211 1917 1253 1940 τε
1279 1905 1341 1948 τῆς
1407 1906 1663 1950 pragmaticam
1682 1905 1843 1947 formam,
1869 1908 1904 1939 et
1925 1914 2030 1939 casus
2046 1904 2314 1939 interminantes
2333 1911 2484 1948 poenam

263 1950 478 1988 ἐκπτώσεως
507 1950 737 1987 ἀπειλοῦντες
774 1950 908 1994 ποινὴν
943 1947 1097 2005 ἅπασινΙ
1118 1948 1248 1995 ὁμοίως
1277 1951 1339 1993 ἐφ·
1407 1951 1571 1986 omnibus
1604 1950 1765 1986 similiter
1799 1949 1986 1991 subiectis,
2022 1949 2054 1984 si
2083 1948 2332 1993 prohibuerint
2363 1946 2486 1982 unius-

263 1998 340 2042 εξῆς
362 2001 436 2033 τοῖς
458 1994 635 2052 ὑπηκόοις,
658 1998 690 2032 εἰ
711 1996 912 2031 κωλύσαιεν
934 1996 1015 2031 τοὺς
1038 1997 1187 2030 ἑκαστον
1211 1993 1338 2038 συστὴ-
1353 1998 1394 2029 40
1409 1995 1581 2040 cuiusque
1611 1995 1749 2039 collegii
1779 1995 2005 2039 praepositos
2037 1994 2192 2038 legitima
2223 1998 2259 2030 et
2289 1992 2487 2037 antiquitus

265 2054 377 2089 ματος
400 2054 630 2091 προσταντας
652 2041 699 2077 τὰ
719 2045 960 2087 νενομισμένα
977 2044 1038 2076 καὶ
1053 2040 1204 2075 ἄνωθέν
1221 2054 1344 2087 τεταγ-

265 2155 438 2192 eiusmodi
460 2155 698 2191 eaecusatione
721 2154 775 2189 uti
792 2154 921 2200 possit.
981 2152 1107 2198 Neque
1130 2153 1223 2188 enim
1239 2153 1407 2198 patimur
1430 2151 1586 2187 aliorum
1612 2162 1704 2187 onus
1727 2150 1777 2186 ad
1799 2150 1892 2186 alios
1916 2149 2123 2196 transferri,
2154 2159 2268 2195 neque
2291 2147 2383 2184 adeo
2407 2157 2487 2182 cru-

265 2201 379 2237 delem
403 2200 522 2236 valere
545 2199 846 2241 constitutionem,
873 2203 915 2234 ut
937 2198 1100 2244 quotidie
1123 2202 1328 2244 auqeantur
1354 2196 1487 2232 tributa
1518 2201 1563 2238 et,
1595 2196 1894 2242 quemadmodum
1917 2195 2036 2231 edocti
2058 2204 2192 2235 sumus,
2223 2193 2431 2239 quadrupla
2453 2197 2488 2228 et

266 2245 460 2292 quintupla
483 2251 593 2291 atque
615 2244 707 2279 adeo
731 2243 885 2290 decupla
908 2242 1050 2286 dentur,
1075 2243 1248 2288 quoniam
1269 2241 1428 2277 studium
1451 2241 1598 2277 adhibet
1620 2246 1748 2276 nostra
1765 2240 1948 2287 potentia,
1971 2250 2016 2275 ne
2038 2239 2122 2285 quis
2143 2238 2218 2273 ullo
2243 2248 2334 2274 novo
2353 2236 2487 2273 tributo

266 2296 458 2338 qravetur:
491 2300 622 2326 novum
646 2292 764 2325 autem
787 2289 857 2323 erit
877 2299 953 2324 non
975 2288 1092 2323 solum
1113 2287 1153 2322 id
1175 2287 1276 2333 quod
1297 2297 1394 2322 nunc
1415 2286 1573 2333 primum
1595 2286 1802 2333 impositum
1826 2290 1896 2327 est,
1926 2294 2047 2321 verum
2073 2284 2179 2319 etiam
2211 2282 2311 2329 quod
2358 2283 2490 2318 riorem

260 2335 542 2383 proportionem
565 2334 717 2371 excedit.
765 2333 840 2370 Sed
861 2333 982 2369 omnia
1004 2334 1043 2368 in
1063 2332 1188 2369 eodem
1211 2333 1285 2367 sint
1306 2335 1405 2367 statu
1428 2335 1465 2367 et
1486 2331 1707 2373 condicione,
1732 2336 1841 2376 atque
1864 2330 2064 2365 communis
2085 2329 2135 2364 sit
2156 2328 2200 2363 de
2219 2327 2318 2363 omni
2340 2339 2384 2362 us
2408 2326 2492 2362 talis

246 2390 251 2394 ·
267 2392 375 2416 sacra
384 2380 621 2427 praqmatica
635 2380 776 2415 sanctio
792 2383 921 2414 nostra
932 2381 1054 2425 (quam
1071 2377 1214 2429 quidem
1231 2377 1340 2412 etiam
1355 2376 1467 2423 leqem
1484 2376 1674 2423 appellare
1691 2376 1797 2418 licet),
1819 2379 1860 2411 ut
1874 2374 2039 2410 omnibus
2052 2373 2282 2409 securitatem
2299 2372 2490 2418 larqiatur.

269 2426 395 2472 Neque
426 2427 519 2461 enim
539 2425 738 2505 ‘quisquam
771 2423 815 2459 de
844 2423 914 2459 hac
942 2435 983 2459 re
1005 2422 1266 2503 ιἠἀιῑιέηαόἱίαν,
1299 2432 1378 2457 cum
1410 2421 1548 2456 nullum
1579 2432 1655 2457 esse
1687 2426 1893 2467 exemptum
1926 2420 2044 2456 videat
2074 2422 2229 2464 excepta
2252 2429 2326 2453 una
2349 2418 2493 2452 ratione

268 2472 507 2518 exequiarum
564 2471 796 2516 efunctorum
820 2480 913 2515 quae
937 2468 986 2504 ad
1007 2468 1071 2503 mil
1127 2471 1268 2503 centum
1291 2467 1376 2502 illas
1395 2467 1567 2512 officinas
1580 2467 1754 2513 pertinet,
1790 2476 1884 2512 quae
1904 2464 2047 2511 quidem
2067 2468 2103 2499 et
2118 2463 2277 2498 maxime
2295 2461 2493 2497 communis

269 2517 294 2552 2
346 2521 400 2552 est
423 2520 459 2551 et
483 2526 604 2551 omnes
620 2514 767 2562 pariter
789 2513 951 2549 homines
974 2513 1234 2560 complectitur.
1325 2510 1463 2555 Quodsi
1486 2522 1559 2557 qua
1582 2512 1665 2557 quis
1688 2512 1924 2546 excusatione
1953 2509 2008 2545 uti
2029 2520 2068 2545 se
2093 2520 2138 2544 ue
2168 2508 2288 2544 levare
2310 2506 2491 2542 contribu-

271 2563 375 2598 tione.
391 2565 543 2596 conetur
565 2564 675 2606 atque
698 2564 764 2596 aut
786 2559 831 2594 ab
854 2559 1043 2605 inquilinis
1064 2558 1168 2603 exiqi
1189 2557 1265 2592 suis
1287 2568 1363 2592 non
1377 2557 1547 2604 patiatur
1570 2561 1635 2591 aut
1650 2556 1899 2602 patrocinium
1921 2555 1995 2590 sive
2017 2555 2068 2589 mi
2080 2554 2174 2588 itare
2197 2553 2271 2588 sive
2293 2551 2397 2588 civile
2418 2552 2493 2587 sive

271 2606 549 2642 ecclesiasticum
571 2606 645 2640 sive
668 2604 770 2640 aliud
817 2603 1052 2650 ualecumque
1076 2604 1232 2638 tribuere
1254 2602 1350 2643 velit,
1382 2602 1444 2637 ille
1467 2601 1612 2637 omnino
1644 2600 1818 2646 officinae
1840 2599 1999 2635 dominio
2017 2599 2186 2644 privetur
2208 2608 2323 2643 eaque
2339 2596 2492 2644 publica

270 2652 319 2687 sit
339 2651 412 2698 ipsi
435 2651 589 2697 colleqio
613 2649 780 2685 vindican
807 2660 840 2684 a.
896 2647 959 2684 Sic
988 2649 1082 2684 enim
1113 2647 1289 2683 cavebunt
1317 2658 1433 2693 neque
1455 2657 1550 2693 quae
1566 2645 1756 2692 prohibita
1778 2649 1864 2680 sunt
1886 2644 2081 2689 affirment,
2111 2642 2177 2677 sed
2197 2653 2240 2677 eo
2265 2643 2357 2688 ipso,
2392 2641 2494 2688 quod

269 2696 518 2744 particulatim
541 2701 577 2732 et
600 2694 649 2730 ad
672 2705 794 2730 omnes
818 2693 951 2730 tributa
974 2693 1252 2739 diffunduntur,
1281 2703 1362 2728 cum
1385 2691 1562 2738 exiquum
1590 2691 1660 2726 erit
1689 2690 1790 2735 quod
1820 2689 1864 2725 ab
1888 2698 2104 2734 unoquoque
2127 2687 2247 2729 datur,
2283 2692 2356 2722 tum
2379 2685 2492 2722 modi-

272 2753 352 2778 cum
375 2745 411 2777 et
434 2741 508 2776 leve
531 2745 566 2776 et
587 2740 772 2776 tolerabile
792 2743 829 2775 et
849 2739 1001 2784 facilius
1031 2738 1130 2790 quod
1152 2738 1353 2783 confertur,
1409 2741 1521 2772 uanto
1549 2735 1674 2782 plures
1703 2740 1790 2770 sunt
1819 2746 1842 2769 a
1871 2733 2000 2780 quibus
2028 2732 2223 2778 colliqitur.
2282 2730 2378 2774 Quid
2399 2732 2493 2766 enim

273 2786 466 2823 absurdius
488 2786 538 2821 sit
559 2796 668 2832 quam
692 2785 791 2821 viros
813 2784 877 2830 qui
893 2784 1063 2830 propriis
1086 2783 1257 2818 laborant
1278 2782 1377 2817 mani
1400 2792 1443 2817 us
1473 2786 1509 2817 et
1530 2791 1670 2816 uxores
1693 2784 1803 2826 atque
1825 2778 1958 2814 liberos
1981 2777 2085 2813 alunt
2113 2787 2157 2812 ac
2179 2776 2356 2823 reliquam
2379 2776 2494 2812 victus

272 2832 452 2867 radonem
474 2830 559 2866 inde
579 2835 702 2877 petere
721 2829 877 2872 student,
900 2839 1058 2875 qravare
1081 2827 1279 2863 maioribus
1300 2827 1454 2869 tributis,
1477 2830 1514 2861 et
1531 2830 1669 2871 quanto
1689 2824 1817 2871 plures
1838 2825 1912 2859 sint
1934 2823 1998 2869 qui
2018 2823 2194 2864 levantur,
2215 2826 2316 2857 tanto
2337 2821 2494 2857 maiores

272 2877 358 2912 inde
378 2876 481 2922 effici
502 2876 669 2917 iniurias,
699 2879 740 2909 ut
763 2885 855 2910 onus
903 2873 1061 2909 uoddam
1091 2873 1270 2918 infinitum
1302 2871 1433 2908 evadat
1461 2875 1496 2906 et
1527 2870 1626 2916 quod
1648 2869 1785 2905 nullum
1813 2879 1964 2915 usquam
1990 2868 2178 2903 terminum
2201 2865 2332 2902 habere
2352 2866 2494 2912 possit?

273 2922 300 2959 8
355 2921 458 2957 Haec
482 2921 602 2956 omnia
620 2918 856 2966 prohibentes
877 2885 972 2954 hanc
993 2929 1136 2954 sacram
1153 2918 1423 2964 praqmaticam
1446 2916 1668 2951 sanctionem
1689 2914 1947 2961 proponimus,
1972 2923 2133 2959 poenam
2156 2911 2358 2962 amissionis
2381 2911 2493 2962 omni-

275 2969 341 3004 bus
362 2966 532 3012 deinceps
553 2965 706 3001 subditis
729 2965 877 3011 pariter
899 2964 1115 3006 minitantes,
1146 2963 1179 2998 si
1200 2961 1422 3009 prohibeant
1448 2971 1512 2997 eos
1535 2960 1597 3007 qui
1621 2960 1751 3006 cuique
1781 2959 1933 3005 colleqio
1954 2961 2142 3004 praesunt,
2173 2966 2364 3003 quominus
2385 2955 2495 2991 solita

325 3128 339 3160 1
366 3122 519 3166 013δέ111]
542 3120 582 3157 οὗ
599 3125 631 3158 L
653 3123 667 3167 11
694 3125 714 3158 8
737 3122 851 3167 μόνον
874 3134 967 3159 orme
995 3121 1008 3164 11
1037 3124 1077 3156 10
1102 3118 1190 3154 *διὰ
1211 3117 1267 3160 τὸ]
1292 3120 1351 3152 καῖ

276 3170 320 3205 τὸ
337 3172 378 3204 Μ
397 3173 457 3203 καὶ
470 3171 568 3211 Ε(ς),
591 3169 645 3212 τῷ
659 3169 846 3202 Zachariae
864 3167 876 3211 11
897 3170 934 3201 14
947 3164 1189 3211 *δυςχεραίνοι
1201 3166 1266 3206 (vel
1277 3161 1351 3197 δυε-

276 3213 460 3262 χερᾶνειεη
490 3211 699 3268 δυσχεράνας
731 3213 825 3291 4151
835 3213 848 3302 1¹
878 3215 923 3291 21:1¹·
950 3208 1066 3264 iic-37⁴1]
1097 3221 1186 3279 quave‘
1201 3210 1258 3296 (lex
1282 3210 1353 3295 :Lagi

277 3274 318 3340 ῗ
327 3263 360 3350 ιι
369 3263 412 3340 {³9
425 3260 573 3339 ⁰52}sz
589 3261 611 3348 ιῗ
616 3257 934 3338 133υέἷέπώτ1ηοι
940 3259 1354 3341 τῗῖἶὲκτέἶοπὲῗὰωι

280 3352 488 3393 Hatoander)
506 3350 519 3394 11
542 3351 586 3384 34
607 3347 654 3383 τὰ
676 3348 753 3382 τῶν
777 3345 1053 3393 ἐλαφρουμόνων
1065 3347 1108 3387 L,
1134 3356 1194 3389 per
1217 3355 1272 3378 eos
1294 3345 1353 3386 qui

279 3396 468 3438 levigantur
491 3407 511 3432 ς·
537 3394 550 3439 11
578 3396 620 3429 35
643 3396 783 3439 γίνεται
798 3394 992 3426 Haloander
1004 3404 1071 3425 cum
1085 3391 1132 3435 cu
1159 3392 1201 3426 36
1221 3388 1352 3430 *atvaal

280 3440 332 3482 εἴη
348 3444 410 3482 (est
422 3444 454 3482 ς)
469 3442 546 3474 libri
558 3440 572 3483 Ι
598 3441 640 3474 39
658 3435 790 3482 ὁμοίως
805 3436 928 3483 ἐφεξῆς
943 3438 1026 3478 ML]
1047 3436 1202 3469 similiter
1213 3447 1243 3472 ς.
1275 3434 1353 3468 Μα-

283 3486 335 3517 lim
359 3481 490 3528 ὁμοίως
509 3493 543 3519 ut
560 3486 719 3530 qlossema
740 3483 842 3516 deteri
855 3482 868 3527 11
887 3484 923 3516 41
950 3479 1154 3526 προστάτας
1170 3479 1354 3522 Hcmberyk

328 3574 349 3606 2
363 3573 599 3615 depositionem
618 3573 674 3618 V!
692 3575 712 3607 3
726 3571 873 3606 oothidie
888 3579 899 3604 t
916 3570 930 3615 11
944 3571 1034 3604 dooti
1047 3581 1160 3603 sumus
1176 3567 1354 3604 Vodootin-

283 3618 385 3650 timus
408 3618 532 3652 tNeob.
553 3618 566 3663 11
598 3621 620 3653 4
641 3616 870 3661 quincupletia
883 3616 985 3650 Neob.
1010 3616 1159 3658 quinque
1181 3614 1267 3648 lecta
1286 3613 1321 3648 V
1351 3613 1355 3655 Ι

284 3661 424 3703 deculpa
444 3662 507 3705 V!
532 3666 551 3696 5
574 3664 629 3703 sit]
656 3665 683 3698 le
708 3660 831 3706 ,981311
860 3660 1069 3704 *potestatisl
1092 3659 1226 3703 pietatis
1246 3659 1324 3693 libri
1352 3658 1357 3700 1

286 3709 307 3741 6
331 3705 473 3745 nullum]
509 3706 602 3739 nullo
627 3707 653 3740 t*
731 3708 750 3739 Ἰ
776 3705 876 3748 quod]
907 3715 966 3748 per
996 3705 1031 3739 V
1055 3704 1068 3749 11
1096 3706 1115 3738 7
1139 3716 1188 3748 ιο.
1211 3700 1354 3747 priorem

1419 3119 1509 3161 quod
1533 3127 1545 3153 t
1569 3118 1583 3163 11
1613 3120 1633 3153 8
1657 3118 1779 3158 omnia]
1805 3116 1951 3150 dominia
1971 3116 2006 3150 V
2028 3116 2040 3158 11
2068 3114 2129 3148 sub
2153 3127 2210 3148 om.
2234 3113 2299 3158 V!
2326 3114 2347 3148 9
2369 3113 2494 3146 statum

1419 3166 1530 3205 (antea
1542 3171 1627 3207 spat.
1639 3165 1742 3198 vae-4
1755 3164 1826 3204 litt.)
1846 3161 1903 3205 711
1927 3161 2110 3194 communis
2127 3169 2212 3201 quae
2233 3159 2282 3192 Vt
2302 3155 2321 3203 fl
2416 3195 2420 3202 k

1429 3209 1488 3253 711
1518 3211 1555 3243 11
1580 3209 1679 3241 etiam
1693 3207 1825 3240 ——licet
1848 3220 1906 3240 om.
1929 3206 1984 3251 711
2005 3208 2046 3240 14
2061 3204 2239 3247 ergasteria
2258 3202 2341 3247 Va.
2368 3202 2410 3252 ¹⁶,
2454 3209 2490 3232 ο-

1419 3254 1566 3287 minibus
1584 3254 1605 3296 t]
1636 3253 1788 3287 omnibus
1814 3252 1956 3286 VNeob.
1972 3254 1984 3294 ΙΙ
2005 3252 2047 3285 19
2067 3250 2212 3292 levigare
2233 3249 2278 3290 V]
2302 3250 2335 3282 et
2347 3245 2490 3286 langare

1421 3299 1525 3332 Neob.
1549 3299 1697 3341 obligare
1717 3306 1730 3332 t
1758 3297 1867 3331 levare
1882 3298 1968 3340 vulq.
1988 3295 2002 3341 11
2029 3298 2062 3328 et
2085 3308 2144 3329 om.
2157 3295 2259 3328 Neob.
2279 3292 2294 3336 Ι
2322 3291 2365 3342 20
2386 3286 2490 3320 uellet

1422 3344 1448 3377 ι’
1466 3344 1479 3386 11
1504 3346 1542 3379 21
1568 3346 1628 3376 aut
1650 3342 1919 3383 ecclesiasticum]
1944 3343 2003 3374 aut
2026 3354 2084 3374 om.
2105 3339 2170 3383 711
2192 3339 2235 3373 22
2251 3332 2403 3387 01¹¹!le
2421 3343 2489 3386 1¹3⁰-

1422 3389 1473 3421 dis
1498 3397 1510 3422 t
1538 3388 1551 3433 11
1578 3390 1620 3423 23
1645 3392 1678 3422 et
1700 3388 1756 3429 sit]
1788 3389 1870 3421 esset
1901 3386 1968 3429 711
1996 3385 2163 3428 Qu
2191 3382 2269 3416 dnn
2297 3387 2346 3412 Ιιο
2369 3378 2448 3431 labra·

1422 3435 1464 3466 24
1490 3435 1612 3467 hiatum
1644 3434 1766 3467 notavit
1798 3432 1992 3471 Heimbach3
2035 3429 2092 3464 sed
2121 3438 2160 3462 οο
2189 3423 2278 3476 1111Ρᾶ
2298 3423 2446 3474 Cup-plevi

1423 3480 1463 3511 27
1489 3478 1641 3511 inferunt
1664 3485 1677 3512 t
1710 3476 1724 3523 11
1758 3479 1800 3512 28
1825 3477 1928 3518 Quid]
1963 3474 2053 3519 quod
2076 3473 2154 3508 libri
2229 3469 2410 3510 memptmfl
2435 3475 2446 3500 t

1422 3524 1464 3557 30
1490 3524 1650 3557 honerare
1672 3531 1684 3557 t
1706 3523 1880 3556 honestare
1902 3522 1936 3555 V
1957 3520 1971 3564 Ι
2055 3525 2168 3552 tnnc
2199 3511 2260 3546 bus
2282 3520 2368 3565 tspat.
2385 3525 2454 3545 vac.
2470 3513 2489 3545 2

1423 3568 1482 3601 ιῑιι.
1504 3570 1605 3602 estin
1627 3568 1660 3603 V
1678 3566 1693 3612 1
1714 3569 1753 3602 31
1776 3567 1932 3600 levantur
2025 3587 2033 3596 .
2084 3560 2127 3595 3²
2142 3557 2180 3592 nt
2199 3557 2246 3598 V]
2268 3561 2311 3589 m
2336 3556 2492 3691 moab-L

1422 3612 1510 3654 inde]
1534 3615 1644 3646 tamen
1669 3620 1681 3646 t
1708 3611 1722 3657 Ι
1745 3614 1787 3647 33
1810 3612 1919 3644 honus
1939 3609 1976 3642 in
2083 3604 2165 3636 ‘tum
2186 3602 2247 3645 71
2274 3601 2399 3654 nullam
2422 3602 2453 3635 V

1423 3660 1465 3692 38
1489 3657 1725 3700 pragmaticam
1745 3665 1878 3690 mutan
1901 3654 2037 3687 surm
2061 3648 2088 3687 ε*
2119 3648 2133 3691 Ι
2162 3648 2205 3681 39
2228 3647 2391 3680 subiectos
2423 3647 2456 3681 V

1422 3702 1760 3743 unia-cuiuscumque
1778 3699 1815 3734 V
1831 3699 1846 3743 Ι
1871 3698 1916 3732 40
1931 3692 2140 3740 ‚nepo-itm
2163 3691 2241 3727 libri
