2618 4010
297 149 402 194 Nov.
433 150 569 195 XLVI
598 164 661 207 pr.
1361 152 1442 201 28⁰
1978 174 2038 206 m:
2066 173 2505 213 nccmsusncmuu

803 333 874 387 M—s*
1907 349 2033 387 xmu.
2271 350 2358 386 0011.
2368 350 2402 387 v
2418 351 2500 387 tim

405 405 583 460 ΠΕΡΙ
611 407 758 461 ΤΗΣ
788 408 935 463 ΤΩΝ
967 409 1256 462 ΕΚΚΛΗ-
1430 414 1484 463 R
1504 414 1598 463 DE
1619 412 2291 470 EOCLESIASTIOARUM
2313 419 2503 470 ΙΜΜΟ-

295 471 696 528 ΣΙΑΣἹῚΚΩΝ
717 475 1119 530 ΑΚΙΝΗΤῼΝ
1148 478 1367 531 ΠΡΑΓ-
1436 481 1687 532 BILIUM
1742 483 1978 534 RERUM
2021 486 2504 538 ALIENATIONE

295 539 570 599 MATRN
633 542 1172 597 ΕΚΠΟΙΗΣΕῼΣ
1230 545 1367 598 ΚΑΙ
1670 550 1762 599 ΕΤ
1799 548 2182 604 SOLUTIONE
2219 555 2273 605 R

295 607 780 672 ΚΑΤΑΒΟΛΗΣ,
833 610 1011 664 ΔΙΧΑ
1066 610 1215 663 ΤΩΝ
1266 612 1368 665 ΕΝ
1403 628 1423 660 5

415 675 1251 732 ΚΩΝΣΤΑΝΤΙΝΟῩΠΟΛΕΙ.

293 751 330 789 Ὁ
348 752 455 791 αὐτὸς
477 755 644 801 βασιλεὺς
662 754 812 804 Ἰωάννῃ
835 753 980 802 ἐπάρχῳ
1005 760 1241 803 πραιτωρίων
1260 756 1303 792 τὸ
1317 755 1366 803 β’,
1523 759 1612 805 Imp.
1633 760 1851 797 lastinianus
1875 762 1967 807 Aug.
1989 763 2139 799 Iohanni
2160 775 2220 811 pp.
2244 766 2411 802 secundo.

556 799 630 837 ἀπὸ
652 800 805 837 ὑπάτων
828 804 888 836 καὶ
911 805 1102 848 πατρικίῳ.

342 869 642 915 (Προοίμιον.)
688 873 761 904 Καὶ
792 869 834 904 τὸ
865 871 947 915 περὶ
982 867 1064 903 τοὺς
1094 867 1222 913 νόμους
1257 869 1364 906 σποὺ-
1488 872 1775 918 <Praefatio.>
1831 872 1881 908 Et
1916 873 2011 909 circa
2044 874 2138 918 leges
2172 876 2326 913 studium
2365 882 2401 914 et
2435 879 2505 914 alia

294 911 415 958 δασμα
437 918 497 948 καί
511 907 623 949 τᾶλλα
647 914 769 951 πάντα
791 912 876 959 ἡμῖν
897 912 956 949 διὰ
973 915 1078 967 τοῦτο
1099 911 1193 949 καθ’
1212 912 1365 958 ἑκάστην
1380 917 1420 950 10
1433 917 1550 952 omnia
1580 918 1682 952 nobis
1715 917 1796 953 ideo
1828 917 1957 954 cotidie
1992 929 2074 954 cum
2107 918 2230 956 labore
2263 926 2428 967 aguntur,
2465 927 2505 959 ut

293 961 514 1001 ἐκπονεῖται,
546 961 606 994 ἵνα
629 959 672 995 τὸ
696 963 878 1007 συμφέρον
902 962 975 994 τοῖς
998 962 1178 1004 ημετέροις
1199 959 1365 1004 ὑπηκόοις
1433 962 1621 997 utilitatem
1645 962 1777 998 nostris
1801 962 1967 999 subiectis
1990 963 2218 1008 inveniamus,
2239 967 2333 1011 quod
2352 968 2504 1004 effusum

293 1003 551 1050 ἐξευρίσκοιμεν
574 1003 616 1039 τὸ
638 1007 705 1050 μὲν
721 1007 950 1050 ἐκκεχυμένον
974 1008 1034 1038 καὶ
1052 1002 1208 1061 ἄμετρον
1231 1002 1364 1040 παύον-
1433 1007 1574 1052 quidem
1608 1011 1644 1042 et
1677 1007 1875 1043 inmensum
1910 1012 1965 1044 est
1995 1013 2225 1053 removentes,
2260 1012 2354 1056 quod
2386 1017 2505 1048 autem

292 1060 358 1090 τες,
378 1048 421 1083 τὸ
437 1047 478 1083 δὲ
494 1047 640 1094 ὁριστὸν
655 1063 696 1085 τε
715 1052 776 1084 καὶ
790 1052 1056 1097 μεμετρημένον
1070 1052 1363 1098 αντειςφέροντες.
1433 1052 1604 1097 optimum
1628 1055 1665 1088 et
1686 1053 1846 1088 metitum
1871 1054 2116 1107 subrogantes.
2163 1053 2213 1089 Et
2236 1065 2343 1101 saepe
2365 1068 2504 1103 quoque

291 1097 352 1128 καὶ
382 1092 497 1128 πολλὰ
527 1093 729 1138 ἐξεπίτηδες
759 1093 820 1130 διὰ
849 1095 917 1139 τὴν
947 1095 1160 1142 ἔμπροσθεν
1188 1094 1364 1143 ἀμετρίαν
1431 1107 1476 1132 ex
1499 1097 1617 1133 studio
1640 1101 1785 1143 propter
1813 1098 1967 1144 priorem
1990 1098 2251 1135 mmensitatem
2280 1101 2387 1137 etiam
2410 1102 2505 1138 ultra

291 1141 351 1172 καὶ
374 1142 466 1185 πέρα
489 1141 552 1174 τοῦ
576 1144 720 1187 μετρίου
743 1139 810 1175 τὸν
832 1140 945 1185 νόμον
970 1140 1280 1195 περιεσφίγξαμεν,
1304 1141 1363 1175 ἵνα
1379 1143 1419 1175 15
1431 1152 1633 1178 mensuram
1668 1143 1780 1187 legem
1815 1143 2108 1186 constrinximus,
2143 1148 2184 1179 ut
2214 1145 2308 1191 quod
2341 1145 2505 1192 primitus

291 1182 334 1217 τὸ
357 1183 525 1231 πρόσθεν
556 1186 722 1232 ἐπιρρέον
752 1184 955 1220 στείλαντες
977 1182 1072 1220 οὕτω
1109 1198 1177 1229 την
1215 1185 1364 1228 ἰσότητα
1433 1186 1602 1223 effluebat
1624 1188 1817 1224 retinentes
1839 1188 1891 1224 ita
1914 1189 2166 1235 aequalitatem
2188 1189 2232 1226 de
2249 1195 2368 1227 cetero
2392 1191 2503 1227 intro-

290 1228 332 1263 τὸ
357 1227 484 1265 λοιπὸν
507 1228 755 1278 εἰςαγάγωμεν.
805 1230 973 1277 Ἔναγχος
1003 1235 1127 1265 τοίνυν
1157 1228 1364 1278 ἐγράψαμεν
1432 1233 1652 1269 duceremus.
1701 1233 1824 1279 Nuper
1845 1234 1953 1278 igitur
1976 1234 2183 1279 scripsimus
2213 1235 2327 1281 legem
2350 1237 2503 1274 sanctis·

291 1271 404 1319 νόμον
433 1278 511 1310 ταῖς
539 1274 757 1322 ἁγιωτάταις
786 1275 983 1319 ἐκκλησίαις
1011 1272 1164 1311 ἁπάσαις
1185 1287 1362 1320 μοναστη-
1431 1277 1530 1314 simis
1564 1278 1725 1314 ecclesiis
1759 1278 1920 1315 omnibus
1958 1282 1995 1315 et
2024 1281 2249 1318 monasteriis
2289 1284 2326 1317 et
2358 1282 2503 1336 reliquis

291 1323 379 1364 ρίοις
400 1332 441 1354 τε
462 1323 523 1354 καὶ
545 1319 680 1356 λοιποῖς
702 1319 866 1368 εὗαγέσιν
889 1321 1011 1363 οἴκοις,
1043 1319 1221 1365 μηδεμίαν
1246 1319 1363 1356 αὐτοῖς
1431 1322 1691 1359 venerabilibus
1721 1323 1900 1368 domibus,
1932 1324 2065 1360 nullam
2096 1325 2148 1360 eis
2180 1335 2258 1362 esse
2289 1336 2408 1363 rerum
2437 1338 2503 1363 1111-

291 1364 385 1399 εἶναι
408 1364 634 1413 πραγμάτων
663 1364 845 1410 ἀκινήτων
874 1365 1088 1410 ἐκποιήσεως
1115 1365 1252 1400 ἄδειαν.
1299 1367 1362 1400 ἑω-
1377 1368 1419 1401 20
1432 1368 1612 1403 mobilium
1636 1369 1859 1404 alienationis
1880 1369 2057 1405 licentiam
2079 1370 2353 1415 permittentem.
2396 1372 2502 1408 Vide-

291 1411 413 1456 ρῶμεν
431 1409 500 1458 γὰρ
529 1410 572 1446 τὸ
602 1413 675 1457 πρᾶ
697 1425 749 1456 μα
773 1413 1013 1456 ἐκκεχυμένον,
1042 1414 1102 1445 καὶ
1125 1410 1217 1445 κατὰ
1235 1411 1364 1458 μικρὸν
1431 1413 1558 1449 bamus
1586 1413 1679 1448 enim
1710 1423 1854 1449 causam
1885 1413 2042 1457 effusam,
2075 1419 2110 1450 et
2139 1416 2311 1459 paulatim
2344 1417 2390 1452 ad
2413 1417 2503 1453 alios

290 1456 338 1490 εἰς
360 1455 499 1501 ἑτέρους
520 1455 583 1491 τὰς
598 1459 658 1491 έκκ
680 1456 887 1500 ησιαστικάς
908 1454 1193 1501 μεταβαινοὺσας
1214 1454 1363 1500 κτήσεις,
1432 1458 1692 1494 ecclesiasticas
1723 1459 1913 1502 migrantes
1942 1460 2200 1504 possessiones,
2235 1471 2349 1506 neque
2379 1462 2502 1507 pretiis

289 1497 372 1534 οὔτε
393 1499 606 1556 τιμημάτων
633 1499 748 1543 ἀξίων
776 1500 1103 1546 καταβαλλομένων
1137 1499 1219 1536 οὔτε
1245 1506 1363 1548 χρείας
1431 1503 1556 1539 solutis
1580 1503 1693 1548 dignis
1717 1513 1831 1549 neque
1860 1514 1968 1549 opere
1987 1505 2183 1540 inevitabili
2205 1506 2397 1542 inminente
2417 1507 2502 1542 alie-

288 1542 537 1590 ἆπαραιτητου
571 1543 846 1594 κατεπειγούσης
875 1548 1145 1591 ἐκποιουμένας,
1181 1543 1269 1581 ἀλλὰ
1303 1550 1362 1581 καὶ
1431 1548 1543 1591 natis,
1579 1549 1642 1584 sed
1677 1549 1783 1584 etiam
1818 1553 1943 1585 contra
1978 1550 2115 1594 positas
2150 1550 2221 1586 iam
2256 1550 2349 1596 leges
2384 1551 2502 1587 decies

289 1589 383 1625 κατὰ
405 1592 482 1625 τῶν
504 1590 571 1645 ἤδη
595 1593 819 1637 τεθειμένων
848 1590 973 1636 νόμων
995 1595 1119 1639 μυρίας
1143 1591 1362 1639 περιγραφὰς
1376 1595 1417 1628 25
1430 1593 1542 1629 milies
1559 1594 1874 1630 circumventiones
1890 1594 2018 1630 factas.
2063 1594 2238 1638 Quocirca
2253 1597 2401 1643 primam
2424 1607 2502 1641 per-

287 1640 486 1682 γινομένας.
534 1635 622 1672 ὡςτε
644 1637 711 1681 τὴν
742 1634 894 1692 πρώτην
923 1634 1109 1671 ἀνελόντες
1138 1635 1226 1672 ὁδὸν
1250 1639 1362 1672 πᾶσιν
1429 1639 1578 1675 imentes
1602 1639 1694 1675 viam
1715 1640 1877 1675 omnibus
1898 1639 2057 1675 similiter
2078 1640 2360 1676 inaccessibilem
2377 1646 2504 1677 contra

290 1678 421 1725 ὁμοίως
451 1680 591 1726 ἄβατον
623 1681 690 1726 τὴν
719 1680 802 1717 κατ’
829 1683 952 1717 αυτῶν
983 1680 1233 1727 ἐποιησάμεθα
1264 1695 1360 1728 περι·
1431 1694 1492 1720 eas
1521 1684 1672 1720 fecimus
1704 1684 2047 1720 circumventionem.
2096 1685 2166 1721 Sed
2189 1685 2272 1721 hinc
2295 1686 2503 1732 plerumque

287 1725 439 1772 γραφήν.
479 1724 562 1761 ἀλλ’
581 1728 755 1762 ἐντεῦθεν
778 1726 870 1762 κατὰ
888 1726 930 1761 τὸ
951 1727 1120 1762 πλεῖστον
1141 1729 1208 1772 μὲν
1228 1727 1267 1761 αἱ
1285 1729 1362 1762 τῶν
1431 1729 1571 1775 quidem
1603 1730 1907 1765 sanctissimarum
1938 1730 2169 1765 ecclesiarum
2200 1731 2421 1776 aliarumque
2443 1742 2502 1767 ve-

287 1769 502 1811 ἁγιωτάτων
526 1772 722 1816 ἐκκλησιῶν
751 1776 810 1806 καὶ
840 1773 918 1807 τῶν
942 1771 1064 1806 ἄλλων
1087 1769 1228 1820 εὖαγῶν
1252 1773 1362 1806 οἴκων
1431 1775 1642 1810 nerabilium
1666 1775 1833 1810 domuum
1862 1775 2050 1810 utilitatem
2078 1776 2282 1811 habuerunt
2304 1777 2502 1821 possessio-

289 1814 493 1862 ὠφέληνται
508 1817 655 1861 κτήσεις,
673 1815 818 1852 οὐδενὸς
837 1816 970 1852 ταύτας
989 1816 1163 1852 ἐλαττοῦν
1182 1817 1362 1864 θαρροῦν·
1376 1822 1418 1854 30
1431 1829 1494 1855 nes
1518 1820 1615 1855 nullo
1638 1820 1704 1855 has
1728 1821 1885 1856 minuere
1906 1823 2172 1866 praesumente,
2204 1821 2361 1856 occurrit
2382 1826 2501 1857 tamen

287 1871 367 1896 τος·
400 1860 584 1906 ἀπήντησε
608 1861 648 1897 δὲ
671 1860 766 1908 ὅμως
788 1876 824 1897 τι
847 1865 906 1896 καὶ
930 1861 1106 1904 δύςκολον,
1137 1860 1360 1907 δανείσματα
1428 1865 1561 1908 aliquid
1585 1865 1691 1900 etiam
1715 1865 1878 1901 difficile:
1916 1866 2036 1901 debita
2060 1865 2152 1901 enim
2185 1868 2250 1901 aut
2277 1866 2382 1911 longo
2411 1869 2501 1902 tem-

284 1905 356 1963 γὰρ
387 1904 410 1951 ἢ
439 1906 638 1955 πόρρωθεν
669 1908 851 1942 συστάντα
879 1905 901 1950 ἢ
919 1910 989 1948 ,καὶ
1019 1903 1168 1953 ὕστερον
1197 1910 1237 1941 ἔκ
1265 1919 1362 1942 τινος
1429 1920 1516 1954 pore
1541 1911 1736 1946 constituta
1757 1914 1821 1945 aut
1839 1910 1943 1946 etiam
1963 1913 2088 1955 postea
2111 1921 2155 1946 ex
2172 1911 2326 1956 quadam
2345 1912 2501 1947 necessi-

286 1949 441 1999 άναγκης
463 1956 523 1987 καὶ
538 1952 694 1998 μάλιστα
718 1952 809 1987 κατὰ
834 1951 1005 1997 δημοσίας
1027 1950 1221 1999 προφάσεις
1241 1950 1361 1987 αὐτοῖς
1427 1957 1503 1990 tate
1528 1957 1564 1990 et
1581 1955 1731 1990 maxime
1754 1966 1818 2000 per
1837 1955 1977 1991 fiscales
1998 1955 2206 1992 occasiones
2226 1957 2276 1992 eis
2295 1956 2500 1993 accedentia

332 2044 417 2079 Noa.
430 2045 560 2078 XLVI
575 2045 737 2086 (Authent.
755 2045 885 2077 XLVI
903 2061 947 2073 =
975 2044 1054 2078 Coll.
1076 2044 1111 2077 V
1125 2045 1170 2077 tit.
1187 2046 1222 2078 1:
1246 2045 1357 2088 yloss.)
1385 2045 1511 2079 Graece
1535 2053 1621 2080 extat
1645 2048 1676 2080 in
1699 2047 1749 2089 M,
1779 2048 1935 2090 prooemii
1957 2048 2000 2079 in.
2025 2048 2083 2088 (—
2097 2049 2137 2080 13
2149 2043 2448 2094 ἀντειςφέροντες)
2472 2057 2502 2082 et

287 2102 313 2123 c.
329 2091 414 2124 1—3
429 2091 532 2124 maior
543 2103 627 2133 pars
644 2092 677 2124 in
694 2090 884 2123 collectione
894 2089 1039 2123 LXXX
1046 2089 1117 2122 VII
1133 2090 1266 2132 capitul.
1286 2091 1326 2123 13
1338 2091 1427 2131 (inde
1442 2092 1474 2123 in
1489 2093 1665 2134 appendice
1678 2093 1916 2126 Nomocanonis
1931 2092 1963 2125 L
1981 2092 2140 2125 titulorum
2156 2104 2228 2134 cap.
2243 2094 2316 2125 eccl.
2334 2095 2370 2126 11
2390 2105 2425 2136 p.
2435 2094 2501 2127 664

297 2136 420 2176 Voell.).
445 2154 490 2159 —
513 2135 603 2178 Epit.
619 2136 740 2169 Tkeod.
753 2135 796 2168 46
821 2135 909 2176 (inde
920 2135 1101 2167 Prochiron
1116 2136 1167 2174 15,
1179 2141 1206 2167 2.
1220 2142 1247 2168 3.
1293 2135 1498 2179 Epanayoye
1524 2137 1576 2178 10,
1596 2142 1623 2170 7.
1640 2138 1682 2178 S),
1705 2137 1826 2170 Athan.
1840 2138 1871 2175 2.
1886 2144 1902 2171 8
1927 2138 2015 2177 (inde
2039 2137 2117 2170 Coll.
2132 2145 2230 2169 const.
2245 2138 2318 2170 eccl.
2333 2138 2403 2179 III,
2416 2145 2445 2179 2,
2459 2141 2500 2180 8).

286 2180 408 2214 Iulian.
421 2188 520 2214 const.
533 2179 636 2213 XIV.
673 2180 901 2224 Arqumentum
922 2180 1115 2212 adumbrant
1127 2180 1292 2222 paratitlo
1309 2181 1355 2212 ad
1377 2181 1458 2213 Call.
1473 2188 1569 2214 const.
1585 2182 1658 2215 eccl.
1680 2182 1704 2214 I
1719 2189 1736 2215 2
1749 2195 1784 2225 p.
1801 2182 1886 2215 1252
1907 2182 2006 2215 Voell.
2027 2183 2084 2214 ubi
2101 2178 2211 2227 νεαρὰ
2224 2177 2313 2225 ‘pff'
2329 2184 2455 2216 citatur.

1324 2311 1463 2348 XLVI.

318 2380 422 2432 DE
450 2379 1166 2432 ECCLESIASTICARUM
1192 2379 1444 2432 RERUM
1476 2379 1951 2432 IMMOBILIUM
1983 2379 2474 2433 ALIENATIONE

320 2448 415 2500 ET
440 2448 845 2514 SOLUTIONE',
882 2447 1224 2499 EXCEPTIS
1253 2447 1366 2499 IIS
1399 2448 1584 2509 QUAE
1618 2448 2267 2500 CONSTANTINOPOLI
2283 2449 2466 2501 SUNT.

621 2527 723 2565 Idem
745 2529 932 2575 Auquslus
955 2526 1115 2564 Iohanni
1131 2527 1326 2574 praefecto
1343 2529 1538 2575 praetorio
1562 2528 1703 2570 iterum,
1727 2529 1918 2564 exconsuli
1942 2532 1977 2565 et
1992 2528 2168 2576 patricio.

420 2595 683 2642 Praefatio.
731 2594 781 2632 Et
803 2596 842 2631 in
866 2596 984 2642 lequm
1008 2606 1096 2631 cura
1120 2598 1157 2631 et
1178 2596 1216 2630 in
1241 2595 1368 2632 ceteris
1392 2595 1555 2631 omnibus
1577 2595 1657 2631 ideo
1682 2595 1842 2641 quotidie
1865 2596 2103 2639 elaboramus,
2128 2599 2170 2632 ut
2191 2595 2343 2631 salutem
2366 2598 2502 2632 nostris

286 2641 455 2678 subiectis
476 2642 711 2689 reperiamus,
742 2641 826 2677 dum
849 2640 949 2688 quod
978 2641 1132 2692 effusum
1162 2644 1271 2687 atque
1303 2641 1481 2686 infinitum
1504 2645 1558 2677 est
1581 2651 1794 2691 coercemus,
1825 2640 1926 2687 quod
1947 2641 2131 2692 definitum
2159 2646 2214 2676 est
2236 2645 2273 2676 et
2295 2639 2345 2676 ad
2365 2646 2501 2676 certam

287 2698 451 2724 normam
481 2686 666 2723 redactum
687 2698 763 2734 pro
794 2687 857 2722 illo
889 2686 1145 2721 substituimus.
1199 2686 1253 2721 Ac
1286 2697 1395 2732 saepe
1422 2686 1467 2722 de
1496 2685 1676 2721 industria
1707 2685 1831 2731 leqem,
1866 2686 2035 2731 quoniam
2066 2696 2172 2737 prius
2203 2684 2309 2736 modo
2341 2686 2500 2728 carebat,

287 2733 395 2769 etiam
417 2732 517 2768 ultra
539 2732 682 2768 modum
705 2732 959 2774 coartavimus,
981 2735 1022 2766 ut
1044 2730 1218 2766 adstricto
1243 2742 1284 2767 eo
1303 2731 1402 2777 quod
1419 2734 1527 2767 antea
1554 2729 1780 2766 redundabat
1813 2730 1956 2767 tandem
1978 2731 2242 2781 aequalitatem·
2255 2741 2294 2764 m
2308 2735 2500 2777 posterum

286 2777 604 2814 introduceremus.
659 2776 787 2824 Nuper
816 2777 930 2829 igitur
959 2776 1072 2822 leqem
1101 2776 1312 2823 scripsimus
1331 2777 1565 2812 sanctissimis
1588 2775 1745 2811 ecclesiis
1775 2775 1937 2811 omnibus
1967 2781 2003 2812 et
2031 2775 2262 2811 monasteriis
2291 2779 2328 2810 et
2350 2775 2500 2822 reliquis

287 2824 405 2859 sacris
426 2822 608 2866 domibus,
639 2834 685 2859 ne
707 2822 784 2858 ulla
813 2826 863 2858 stt
891 2822 937 2856 iis
966 2832 1087 2857 rerum
1110 2821 1341 2857 immobilium
1365 2821 1640 2857 alienandarum
1671 2820 1827 2856 licentia.
1883 2820 2097 2857 Videbamus
2121 2820 2214 2856 enim
2235 2830 2310 2855 rem
2334 2819 2499 2866 effusam,

288 2872 398 2915 atque
416 2868 596 2920 paulatim
628 2871 854 2904 transeuntes
877 2866 927 2902 ad
948 2866 1042 2902 alios
1072 2866 1334 2902 ecclesiasticas
1350 2866 1617 2918 possessiones,
1650 2877 1781 2917 easque
1804 2876 1918 2918 neque
1949 2866 2054 2901 iustis
2108 2865 2211 2901 retiis
2233 2865 2363 2900 solutis
2384 2876 2501 2912 neque

287 2917 499 2950 necessitate
528 2913 725 2949 inevitabili
753 2917 904 2959 coqente
934 2912 1122 2953 alienatas,
1153 2911 1218 2947 sed
1248 2912 1356 2947 etiam
1386 2911 1523 2957 leqebus
1551 2922 1623 2946 tam
1656 2910 1740 2946 latis
1762 2916 1952 2947 sescentzes
1976 2911 2068 2957 srau
2095 2921 2149 2946 em
2170 2910 2321 2955 factam.
2368 2907 2501 2957 Itaque

286 2959 414 3006 priore
443 2959 502 2995 via
531 2958 694 3001 sublata,
725 2962 766 2994 ut
792 2957 933 3004 pariter
965 2956 1129 2992 omnibus
1161 2956 1210 2991 ad
1231 2967 1354 2992 earum
1375 2956 1545 3002 fraudem
1571 2956 1692 2991 aditus
1722 2956 2021 2992 intercluderetur
2043 2955 2234 3002 effecimus.
2281 2955 2394 3006 Atqui
2416 2955 2500 2991 inde

288 3014 505 3051 quamquam
521 3003 736 3050 plerumque
755 3002 1002 3054 possessiones
1024 3001 1331 3037 sanctissimarum
1355 3001 1584 3054 ecclesiarum
1615 3006 1651 3037 et
1674 3005 1874 3054 ceterarum
1899 3011 2087 3037 sacrarum
2117 3000 2286 3035 domuum
2309 2999 2498 3036 utilitatem

282 3045 2500 3140 mm?‘2052“;5²r;2f05„”⁰05‚?5ra322”²3232„twauxamam12‘2‘253q25‘3ffi05uss‘3a32‘5wamam

335 3199 355 3231 2
368 3199 457 3230 rubr.
472 3197 561 3240 Περὶ
582 3193 794 3238 ἐκποιήσεως
814 3192 1116 3235 ἐκκλησιαστικῶν
1135 3192 1359 3239 πραγμάτων
1427 3193 1614 3227 Zachariae
1626 3194 1680 3237 (ch
1693 3194 1738 3227 ad
1749 3194 1792 3235 ς)]
1807 3193 2070 3236 ἐκποιουμένων
2082 3192 2152 3228 Mc.
2169 3192 2349 3226 Delendum
2359 3203 2378 3225 ο
2404 3188 2499 3233 inor.

289 3239 471 3286 ἀκινήτων
488 3242 607 3275 ΤΙιεοᾱ.
627 3240 640 3285 ΙΙ
663 3244 683 3275 5
706 3237 789 3282 δίχα
811 3239 889 3273 τῶν
909 3239 948 3271 ἐν
972 3235 1359 3272 Κωνσταντινουπόλει
1428 3239 1469 3271 25
1489 3240 1627 3282 μυρίας]
1654 3238 1759 3272 decies
1776 3237 1881 3271 milies
1900 3249 1920 3274 ς
1940 3238 1953 3281 ΙΙ
1979 3239 2021 3271 27
2047 3234 2182 3279 αὐτῶν]
2208 3231 2342 3270 aerbo?
2410 3237 2430 3256 ⁸

290 3289 337 3322 M
353 3290 444 3333 (app.
469 3287 627 3327 Nomoc.)]
651 3299 708 3320 om.
728 3298 747 3322 ς
774 3286 854 3319 Gon.
870 3285 910 3318 87
927 3296 1011 3325 cap„
1031 3285 1120 3324 Aua„
1140 3283 1290 3327 paralitl.
1315 3283 1361 3315 ad

295 3334 375 3368 coll.
388 3339 486 3367 const.
500 3331 574 3366 eccl.
591 3334 621 3373 1,
634 3338 651 3364 2
677 3330 690 3375 ΙΙ
712 3333 733 3365 9
751 3329 797 3363 τὰ
808 3349 853 3355 -
865 3326 1125 3372 σπουδάσματα
1138 3330 1190 3362 cit.
1205 3328 1324 3362 Theod.
1347 3326 1359 3370 ss
1881 3372 1889 3379 .
1942 3374 1950 3381 ·
1992 3373 2000 3381 ·
2157 3370 2166 3378 ·
2185 3370 2193 3378 ·
2467 3368 2474 3374 —

290 3376 370 3412 τοὺς
393 3391 452 3412 οηι.
473 3378 542 3411 cod.
560 3377 635 3410 Atk.
668 3375 681 3418 ΙΙ
719 3378 759 3409 10
784 3371 866 3418 ἡμῖν
892 3382 966 3408 ante
988 3376 1025 3409 11
1045 3375 1248 3408 ἐκπονεῖται
1266 3380 1360 3416 pontt
1433 3373 1503 3414 leq.
1517 3373 1556 3420 Β]
1574 3373 1686 3406 XLVI
1708 3373 1742 3406 V
1757 3372 1770 3417 ΙΙ
1788 3374 1808 3407 9
1825 3372 1908 3414 legis
1924 3373 1999 3406 lzbn
2020 3371 2033 3414 11
2061 3373 2100 3406 11
2118 3369 2307 3422 unhtqtemj
2331 3377 2406 3400 oum
2426 3370 2493 3400 uti-

296 3425 376 3457 Cau.
398 3425 439 3458 87
465 3435 535 3465 cap.
560 3422 629 3455 cod.
652 3421 828 3454 Vaticanus
852 3421 986 3463 optimu,
1012 3418 1025 3463 ΙΙ
1054 3421 1089 3453 11
1118 3416 1359 3459 ἐκπεπόνηται
1427 3418 1519 3451 litate
1535 3418 1582 3451 Β*
1615 3418 1628 3462 ΙΙ
1655 3420 1694 3452 12
1715 3418 1814 3460 quod]
1836 3417 1968 3459 quidem
1985 3417 2036 3450 12⁰
2053 3416 2065 3460 ΙΙ
2092 3417 2132 3449 13
2151 3413 2313 3466 metitum]
2337 3412 2492 3465 met‘turn

293 3479 368 3509 app.
383 3469 512 3502 Nomoc.
538 3466 550 3510 ΙΙ
574 3466 647 3507 ἵνα]
663 3462 724 3499 διὰ
743 3466 822 3499 Οοίἱ.
837 3466 876 3499 87
895 3477 969 3508 cap.
992 3463 1006 3509 ss
1032 3465 1071 3498 12
1088 3462 1357 3508 ἐξευρίσκοιμεν]
1427 3463 1475 3496 R¹
1498 3464 1652 3496 meritum
1675 3464 1737 3504 (est
1753 3464 1829 3496 add.
1852 3462 1914 3504 17³)
1936 3461 2013 3495 VR²
2035 3461 2047 3505 ΙΙ
2061 3462 2120 3512 ’16
2141 3457 2332 3497 retinentes]
2357 3460 2389 3508 et
2413 3460 2492 3490 reti-

292 3507 808 3591 ‘322005552254022‘12203322223
827 3509 1193 3600 ree-egeam·
1211 3508 1359 3599 Mne
1426 3508 1715 3596 {arza-scis}
1739 3501 2456 3592 marthana-mmmm

293 3580 416 3636 ‘te-Mc
446 3569 697 3647 QuavoffColl.
713 3581 755 3635 ⁰87
774 3612 847 3644 cap.
869 3600 962 3633 codd.
980 3599 1128 3643 plerique
1160 3596 1359 3642 ὡρισμένον
1425 3598 1649 3631 ministrantes
1672 3611 1699 3631 s.
1723 3611 1752 3631 v.
1811 3597 1826 3618 ²
1859 3598 1871 3640 Η
1909 3597 1954 3647 23.
1974 3593 2133 3646 alienates
2154 3602 2235 3643 corf·-
2262 3590 2295 3624 T
2314 3592 2347 3624 in
2370 3605 2430 3643 περ.

300 3645 380 3678 coll.
395 3647 434 3678 8‘1
457 3658 528 3687 cap.
542 3647 611 3679 cod.
633 3646 717 3687 Van,
742 3658 818 3689 app.
833 3644 964 3679 Nomoc.
983 3644 996 3688 ΙΙ
1016 3646 1054 3678 14
1078 3640 1204 3684 πολλὰ]
1227 3652 1321 3685 saepe
1340 3654 1360 3678 ς
1426 3645 1469 3678 24
1494 3644 1604 3684 etiam]
1638 3646 1671 3677 et
1693 3643 1726 3676 R
1753 3642 1766 3687 fl
1798 3643 1840 3676 27
1865 3641 2030 3673 *facimus
2050 3637 2123 3688 lab-n
2149 3634 2163 3679 Ι
2189 3640 2492 3689 circumuentionee

296 3686 475 3730 (πολλάκις
486 3690 683 3731 Zachariae)
705 3691 718 3733 11
746 3692 786 3724 18
810 3685 933 3733 νόμον]
957 3702 1026 3723 που.
1050 3689 1122 3723 VII
1142 3688 1155 3732 ΙΙ
1183 3689 1225 3722 23
1249 3683 1359 3720 *οὐδὲ
1425 3689 1530 3722 RVT
1552 3688 1565 3732 ΙΙ
1594 3690 1636 3723 29
1660 3687 1828 3721 habebunt
1851 3684 1901 3719 V‘
1925 3684 1938 3727 Ι
1965 3690 2173 3726 ponemoms
2193 3680 2241 3732 [⁷¹
2269 3679 2348 3733 flssl
2376 3681 2488 3716 debito

294 3729 433 3766 -οὐδὶ
446 3733 491 3766 Μ
499 3733 513 3777 Ι
536 3735 579 3767 24
595 3734 843 3778 ἐκποιουμένας
862 3736 926 3777 (vel
938 3729 1061 3768 αὐτῶν
1081 3734 1358 3777 ὁκποιουμένων)
1426 3734 1474 3767 R¹
1497 3732 1511 3778 {l
1535 3735 1594 3766 aut
1616 3745 1675 3767 om.
1695 3731 1755 3775 Vn
1780 3731 1823 3764 32
1845 3730 1915 3769 eut]
1938 3730 1977 3760 nt
1996 3726 2058 3771 V.
2082 3726 2125 3759 33
2148 3725 2331 3759 accidentia
2353 3727 2441 3772 vulq.
