2618 4010
122 130 179 161 ET
206 123 481 161 EPISCOPATU
510 126 702 159 LIBERAT

122 232 293 274 μημένων
315 228 520 262 καθεστᾶσι
544 229 709 272 πατέρες·
733 223 774 260 οὐ
798 226 868 273 γὰρ
891 224 951 270 ἄν,
975 226 1070 271 εἰμὴ
1087 226 1195 261 τοῦτο

123 279 183 309 καὶ
208 271 311 309 αὐτοὶ
339 269 591 312 συνέσπευὸον,
623 271 693 315 τὴν
717 270 908 316 βασιλείαν
939 268 1030 318 ὑπὲρ
1061 271 1204 306 τούτων

124 320 243 368 ᾔτουν.
291 315 378 353 dieve
409 317 479 351 εἴτε
511 318 592 351 ἐστί
621 328 676 351 τις
705 318 773 351 νῦν
805 319 845 351 ἐν
869 314 1091 358 ὑπεξουσίοις
1120 316 1202 352 τού-

123 380 201 400 των
233 363 430 400 ἀπολαύων
461 364 538 397 τῶν
561 363 678 406 τιμῶν
708 360 730 405 ἢ
755 359 888 407 ἀρχῶν,
922 360 963 397 (ἲς
991 363 1202 408 ἔμπροσθεν

125 408 391 456 ἠριθμήσαμεν,
420 408 490 442 εἴτε
514 403 665 453 ὕστερον
690 410 809 449 ἔσται,
834 412 894 441 καὶ
917 408 1057 443 τούτοις
1081 404 1203 448 αὐτεξ-

125 455 288 499 ουσιότης
311 451 570 494 ἀκολουθείτω,
601 452 644 487 τό
672 467 711 487 τε
734 453 895 496 peculim)
919 451 1040 488 αὐτοῖς
1060 455 1201 499 χαριζοψ

124 505 212 546 με’νη
237 503 295 534 καὶ
318 500 360 533 τὸ
387 496 627 544 αὐτόγνωμον
651 496 803 533 διδοῦσα
831 502 891 532 καὶ
916 498 1002 540 ἄξια
1026 498 1201 544 πράττειν

125 548 187 589 τῆς
209 546 311 590 τιμῆς
342 547 402 578 καὶ
433 545 504 587 τῆς
520 540 581 578 ἐπ)
609 540 727 578 αὐτοῖς
751 546 789 577 ἐκ
813 545 876 587 τῆς
899 543 1083 588 βασιλείας
1105 558 1201 591 γινο-

124 594 229 635 μένης
259 593 414 636 κρίσεως.
461 588 563 622 οὗτος
587 589 655 644 γὰρ
672 588 795 644 πολλῷ
812 591 948 644 μείζων
971 593 1044 624 τοῖς
1063 589 1202 634 πατρά-

125 648 185 671 σιν
209 638 354 671 ἔπαινος
383 636 486 668 ἔσται
518 638 577 668 καὶ
601 646 822 680 ευφροσυνης
854 635 1022 679 αφορμὴν
1058 635 1203 680 παρέξει
1221 639 1259 670 10

124 680 284 728 μεγάλης.

1200 109 1283 158 399

1899 114 2006 156 Nov.
2039 112 2220 155 LXXXI
2250 114 2287 153 2.
2321 114 2344 153 3

1266 226 1298 262 si
1322 237 1394 262 non
1418 226 1487 262 hoc
1511 229 1650 269 essent,
1684 226 1791 261 etiam
1815 225 1885 271 ipsi
1909 225 2043 270 pariter
2075 224 2259 259 studerent
2282 223 2344 257 im-

1272 273 1407 317 perium
1434 283 1498 317 pro
1523 272 1600 308 istis
1625 275 1797 317 petentes.
1848 271 2074 315 Quapropter
2106 270 2178 305 sive
2202 270 2259 304 est
2281 268 2346 303 ali-

1272 319 1349 363 quis
1381 329 1475 352 nunc
1506 317 1645 363 quidem
1675 318 1742 352 sub
1768 319 1946 362 potestate
1976 317 2030 351 his
2054 316 2177 350 fruens
2200 314 2346 349 honori-

1273 363 1338 398 bus
1364 367 1426 398 aut
1450 363 1611 407 cingulis,
1637 373 1726 407 quos
1750 363 1785 396 in
1812 363 1932 407 primis
1958 361 2249 402 enumeravimus,
2275 360 2347 394 sive

1240 411 1258 442 5
1273 413 1398 453 postea
1422 409 1506 451 erit,
1540 409 1646 443 etiam
1677 408 1742 442 hos
1767 408 1823 443 ius
1854 418 1939 443 suae
1964 406 2151 452 potestatis
2177 407 2348 450 sequatur

1271 457 1306 488 et
1330 455 1507 498 peculium
1540 454 1590 488 eis
1612 454 1749 488 donans
1781 455 1817 487 et
1843 452 1981 488 arbitrii
2009 451 2109 486 liberi
2142 460 2218 485 esse
2243 459 2346 494 prae-

1271 500 1359 535 bens
1393 510 1435 535 ac
1461 500 1563 542 digne
1587 508 1693 543 agere
1716 499 1851 533 honore
1875 502 1910 533 et
1934 496 2064 532 iudicio
2095 506 2202 539 super
2226 496 2275 530 eis
2301 495 2345 529 ab

1272 545 1419 590 imperio
1437 544 1577 588 habit03
1603 544 1692 578 haec
1712 544 1803 578 enim
1821 544 1934 578 multo
1954 542 2065 576 maior
2083 541 2244 586 patribus
2268 541 2346 575 laus

1273 591 1340 625 erit
1364 592 1399 625 et
1422 590 1578 625 laetitiae
1602 590 1825 624 occasionem
1850 587 2034 633 praebebit
2057 596 2214 631 magnae.

1117 747 1273 784 CAPUT
1303 747 1350 782 ΙΙ.

176 805 309 840 Ἐκεῖνο
342 805 381 840 δὲ
410 808 463 849 τῷ
496 805 598 850 νόμῳ
631 804 998 851 προςεπισκήπτομεν,
1033 800 1121 838 ὦςτε
1149 804 1198 847 μὴ

125 852 189 886 τὰς
211 851 380 886 τοιαύτας
405 849 725 894 αὐτεξουσιότητας
753 847 862 891 ὅμοια
883 850 1100 894 χαρίζεσθαι
1123 852 1203 903 ταῖς

127 896 266 939 ἄλλαις,
299 897 337 931 αἲ
367 896 428 931 διὰ
460 899 536 931 τῶν
561 896 878 939 emancipationwv
902 899 1083 942 γίνονται,
1115 891 1182 927 ἄλλ

128 942 315 997 ἐξαίρετόν
336 956 371 977 τι
391 942 459 985 [τὴν
472 941 662 987 βασιλείαν
683 939 802 985 δῶρον
817 943 895 974 ταῖς
911 939 1095 974 τοιαύταις
1118 936 1202 973 αὐτ-
1218 941 1258 975 15

127 989 352 1030 εξουσιοτησι
376 991 553 1033 παρέχειν.
602 983 686 1021 οὐδὲ
707 987 774 1032 γὰρ
802 985 1014 1030 βουλόμεθα
1045 985 1112 1018 τὸν
1143 981 1202 1018 οῧ-

127 1045 198 1068 τως
215 1030 447 1074 αὐτεξούσιον
467 1031 663 1080 γενόμενον
679 1030 701 1074 ἢ
723 1031 918 1078 γινόμενον
942 1027 1143 1066 ἀπολλύναι
1166 1043 1203 1064 τι

127 1081 204 1113 τῶν
228 1079 415 1123 legitimam
440 1077 602 1118 δικαίων,
627 1073 707 1111 ἀλλ’
727 1078 821 1112 ἔστω
846 1080 906 1110 καὶ
925 1077 977 1119 τῷ
994 1079 1090 1123 γένει
1114 1074 1203 1120 πρὸς

129 1121 257 1158 αὐτούς
281 1128 340 1157 καὶ
366 1120 484 1157 αὐτοῖς
508 1123 598 1168 πρὸς
621 1122 663 1156 τὸ
686 1125 786 1169 γένος
810 1120 951 1155 ἄθικτα
976 1122 1022 1155 τοὶ
1047 1122 1203 1165 legitima

1313 803 1406 838 Illud
1431 812 1572 847 quoque
1595 802 1672 846 lege
1696 811 1873 843 cavemus,
1902 803 1943 835 ut
1966 810 2037 835 non
2061 801 2126 836 has
2150 800 2239 835 tales
2264 810 2348 835 suas

1268 851 1464 893 potestates
1497 847 1621 882 similia
1653 848 1826 892 praebere
1863 846 1980 891 qualia
2013 846 2122 888 aliae,
2160 855 2250 890 quae
2285 855 2350 890 per

1270 893 1573 936 emancipationes
1590 892 1690 935 fiunt,
1719 892 1781 927 sed
1799 892 2032 937 praecipuum
2049 891 2227 935 quoddam
2246 901 2348 935 prae-

1271 939 1380 972 mium
1411 938 1598 982 imperium
1631 938 1795 973 conferre
1826 937 1950 972 talium
1985 936 2059 971 suis
2094 937 2347 981 potestatibus.

1271 984 1353 1018 Non
1378 984 1470 1018 enim
1495 984 1655 1018 volumus
1680 994 1777 1026 eum,
1812 983 1872 1026 qui
1895 982 1945 1017 ita
1978 991 2063 1017 suae
2087 982 2273 1027 potestatis
2297 981 2350 1023 fit,

1271 1029 1419 1074 perdere
1444 1029 1588 1072 aliquod
1611 1029 1846 1072 legitimorum
1870 1028 1944 1069 ius,
1977 1028 2037 1062 sed
2059 1028 2130 1062 sint
2165 1031 2200 1061 et
2231 1027 2351 1070 generi

1272 1074 1318 1109 ad
1343 1085 1405 1109 eos
1430 1077 1467 1108 et
1489 1074 1576 1119 ipsis
1608 1075 1653 1110 ad
1673 1084 1784 1117 genus
1808 1074 1945 1108 intacta
1969 1073 2124 1116 legitima
2157 1075 2194 1107 et
2217 1083 2262 1107 ex
2286 1082 2349 1107 na-

1271 1124 1353 1154 tura
1377 1123 1518 1155 servata
1541 1120 1637 1161 iura,
1669 1123 1704 1156 et
1727 1120 1790 1154 filii
1822 1129 1946 1154 eorum
1977 1122 2060 1163 post
2093 1122 2242 1153 mortem
2267 1128 2350 1153 avo-

128 1173 187 1203 καὶ
219 1171 256 1202 ἐκ
287 1169 519 1222 τῆςνφύσεως
551 1167 802 1214 φυλαττόμενα
835 1165 965 1200 δίκαια.
1014 1170 1073 1200 καὶ
1102 1167 1140 1200 οἴ
1164 1178 1203 1213 γε
1217 1168 1258 1201 20
1272 1176 1351 1200 rum
1376 1165 1442 1200 sub
1468 1175 1588 1200 eorum
1613 1165 1774 1200 recidant
1798 1167 2027 1210 potestatem,
2061 1173 2102 1197 ac
2128 1164 2157 1199 Si
2182 1163 2350 1207 contigis-

128 1213 252 1250 παῖδες
269 1211 392 1248 αύτων
412 1215 503 1259 μετὰ
519 1213 687 1256 τελευτὴν
711 1214 787 1247 τῶν
804 1211 971 1247 πάππων
994 1213 1041 1245 εἰς
1056 1211 1125 1255 τὴν
1143 1208 1204 1245 αύ-

127 1261 204 1294 τῶν
219 1263 551 1304 μεταπιπτέτωσαν
566 1256 866 1301 ύπεξουσιότητα,
886 1254 1002 1303 ὥςπερ
1018 1255 1065 1292 ἂν
1081 1258 1111 1291 εἰ
1128 1259 1204 1291 ἔτυ-

127 1319 191 1360 γςον
223 1305 258 1339 οἱ
279 1305 423 1340 τούτων
449 1308 562 1351 γονεῖς
585 1303 729 1350 τελευτῇ
762 1304 839 1338 τῶν
862 1304 1006 1337 οἰκείων
1035 1306 1205 1348 πατέρων

128 1347 210 1384 αλλ)
245 1347 308 1384 οὐκ
341 1352 379 1384 ἐκ
410 1352 474 1384 τοῦ
500 1349 680 1396 παρόντος
702 1348 815 1393 νόμου
848 1345 1072 1402 αύτεξούσιοι
1103 1347 1205 1395 γενό-

1274 1214 1329 1246 set
1352 1211 1476 1246 horum
1498 1214 1665 1255 parentes
1689 1213 1803 1246 morte
1827 1220 1972 1244 suorum
1995 1213 2136 1253 patrum
2160 1212 2196 1244 et
2213 1220 2285 1244 non
2307 1219 2352 1243 ex

1274 1257 1453 1302 praesenti
1484 1256 1559 1300 lege
1592 1266 1678 1291 suae
1710 1255 1897 1300 potestatis
1929 1255 2005 1289 fieri
2037 1260 2072 1288 et
2103 1255 2228 1290 merito
2260 1255 2351 1290 filios

1274 1306 1356 1348 post
1379 1304 1528 1337 mortem
1554 1312 1698 1336 suorum
1732 1307 1873 1346 patrum
1904 1300 1972 1335 sub
1998 1302 2176 1344 potestate
2200 1300 2350 1335 habere:

1275 1352 1315 1383 ut
1339 1347 1427 1382 nihil
1451 1347 1579 1382 horum
1604 1357 1694 1391 quae
1719 1348 1764 1381 ab
1786 1346 1933 1391 imperio
1960 1345 2193 1380 conferuntur
2217 1345 2267 1380 eis
2290 1345 2350 1380 de-

127 1409 230 1441 μενοι
261 1400 320 1429 καὶ
352 1395 499 1430 εἰκότως
528 1395 610 1429 τοὺς
631 1392 761 1430 παῖδας
783 1395 865 1428 τοὺς
890 1396 1013 1429 αυτῶν
1035 1393 1127 1438 μετὰ
1150 1407 1206 1428 τε·
1221 1396 1260 1428 25
1275 1404 1353 1429 esse
1383 1393 1556 1435 videatur,
1590 1393 1755 1437 quoniam
1788 1401 1891 1427 omne
1921 1392 2072 1433 bonum,
2106 1391 2200 1435 quod
2233 1391 2305 1426 sive
2330 1401 2353 1426 a

128 1441 256 1485 λευτὴν
272 1443 349 1475 τῶν
366 1443 509 1475 οἰκείων
532 1444 702 1486 πατέρων
719 1437 946 1480 ύπεξουσίους
967 1442 1119 1482 ἔχοντες·
1146 1441 1207 1474 ἵνα

127 1485 241 1531 μηδὲν
272 1488 349 1521 τῶν
381 1489 419 1520 ἐκ
451 1488 513 1530 τῆς
545 1485 725 1531 βασιλείας
756 1489 1046 1532 προςγινομένων
1077 1498 1207 1530 παραι-

129 1533 279 1578 ρεῖσθαί
307 1547 344 1566 τι
376 1530 513 1572 δόξειεν
546 1528 680 1574 αὐτῶν,
711 1529 806 1565 διότι
831 1532 918 1572 πᾶν,
951 1527 1043 1576 ὅπερ
1074 1531 1144 1564 εἴτε
1168 1532 1207 1564 ἐκ

129 1579 220 1613 θεοῦ
245 1577 427 1623 πρόςεισιν
452 1575 666 1623 ἀνθρώποις
696 1577 767 1611 εἴτε
792 1579 830 1611 ἐκ
853 1575 1035 1621 βασιλείας
1067 1578 1129 1619 τῆς
1153 1576 1205 1619 τῷ

129 1624 208 1666 θεῷ
233 1622 581 1666 κατακολουθούσης,
606 1620 757 1673 ἀγαθον
782 1623 874 1656 εἶναι
899 1621 1062 1677 προςήκει
1086 1621 1208 1666 μόνως
1222 1623 1262 1656 30

129 1668 337 1723 καὶΙπάσης
368 1672 491 1702 κακίας
527 1681 567 1703 τε
603 1672 662 1702 καὶ
693 1667 924 1702 ἐλαττώσεως
958 1669 1080 1714 αμιγὲς
1115 1667 1208 1701 καθ-

129 1727 288 1749 εσταναι.

1276 1439 1341 1474 deo
1366 1438 1566 1484 adquiritur
1590 1438 1791 1473 hominibus
1826 1438 1898 1473 sive
1928 1437 1973 1472 ab
2002 1436 2150 1480 imperio
2185 1438 2353 1480 sequente

1276 1485 1398 1526 deum,
1431 1484 1535 1518 decet
1567 1494 1645 1518 esse
1677 1494 1883 1519 mansurum
1914 1485 1950 1517 et
1980 1482 2095 1517 omnis
2121 1482 2278 1517 malitiae
2308 1491 2353 1518 ac

1276 1529 1520 1565 diminutionis
1545 1534 1762 1565 extraneum.

1114 1802 1271 1839 CAPUT
1298 1801 1363 1837 III.

176 1870 365 1919 Πρόδηλον
381 1870 429 1914 δέ,
454 1869 502 1906 (ἇς
518 1868 581 1905 οὐκ
599 1873 699 1906 ἔστιν
723 1868 762 1905 ὃς
786 1868 909 1918 ἀγνοεῖ
931 1870 1001 1916 πρό
1026 1885 1065 1918 γε
1089 1869 1207 1906 ἁπάν-

131 1932 208 1952 των
236 1921 309 1952 τοῖς
340 1915 555 1951 ὁσιωτάτοις
586 1919 798 1952 ἐπισκόποις
830 1914 906 1961 ἅμα
930 1919 974 1964 τῇ
1007 1922 1210 1963 χειροτονίᾳ

132 1968 190 1998 καὶ
216 1963 282 2006 τὴν
307 1959 610 2005 αύτεξουσιότητα
640 1963 908 2016 προςγίνεσθαιζ
956 1963 1091 2016 914*de
1115 1963 1207 1998 πάν-
1222 1965 1264 1998 35
1278 1971 1380 1996 Suam
1413 1963 1627 2005 potestatem
1660 1960 1809 2004 adquiri.

132 2023 209 2043 των
225 2007 327 2043 ὄντες
350 2011 585 2051 πνευματικοὶ
610 2011 759 2054 πατέρες
782 2019 859 2042 πως
884 2023 929 2041 αν
947 2020 1018 2042 υπο
1043 2009 1111 2051 τὴν
1136 2009 1209 2042 ἑτέ-

133 2069 208 2100 ρων
233 2054 398 2094 ἐξουσίαν
420 2052 575 2095 τελοῖεν,·
608 2051 697 2087 ἀλλὰ
723 2053 886 2099 προςήκει
910 2057 970 2087 καὶ
996 2051 1124 2087 αὐτοὺς
1147 2055 1210 2096 τῆς

133 2099 299 2142 τοιαύτης
322 2096 519 2133 ἀπολαύειν
542 2100 646 2142 τιμῆς
669 2102 729 2131 καὶ
751 2098 890 2141 ταύτην
915 2101 952 2131 ἐκ
976 2097 1079 2142 τῆςδε
1102 2096 1209 2142 ἡμῶν

133 2147 195 2188 τῆς
218 2144 436 2188 νομοθεσίας
460 2144 705 2188 καρποῦσθαι.

1340 1869 1463 1903 Palam
1496 1879 1577 1904 vero
1614 1872 1668 1904 est
1704 1869 1841 1904 nullum
1878 1879 1956 1905 esse
1992 1869 2052 1914 qui
2087 1869 2226 1904 nesciat
2268 1878 2356 1914 prae

1279 1915 1442 1950 omnibus
1460 1914 1692 1949 sanctissimis
1710 1914 1886 1959 episcopis
1908 1915 1987 1960 ipsa
2005 1914 2227 1949 ordinatione
2248 1915 2355 1949 etiam

1859 1961 1926 2005 Qui
1958 1960 2050 1995 enim
2086 1961 2240 1995 omnium
2273 1963 2356 1994 sunt

1279 2006 1483 2050 spirituales
1515 2008 1654 2051 patres,
1686 2005 1862 2050 quomodo
1895 2006 1962 2041 sub
1993 2006 2144 2041 aliorum
2177 2008 2356 2050 potestate

1280 2051 1504 2086 consistant?
1542 2051 1611 2087 Sed
1631 2052 1795 2087 convenit
1817 2051 1922 2086 etiam
1941 2061 2003 2086 eos
2022 2051 2223 2086 huiusmodi
2247 2051 2356 2096 potiri

1279 2097 1415 2132 honore
1438 2099 1475 2131 et
1497 2096 1567 2132 hoc
1591 2107 1633 2131 ex
1658 2097 1726 2132 hac
1751 2099 1875 2132 nostra
1898 2096 2119 2142 legislatione
2142 2096 2222 2131 frui.

181 2249 206 2268 c.
221 2236 283 2268 III
298 2242 517 2278 aryunzentum
542 2236 641 2267 citant
661 2235 824 2276 paratitta
849 2235 894 2267 ad
922 2235 1001 2267 Coll.
1027 2242 1124 2267 const.
1152 2236 1225 2267 eccl.
1240 2235 1263 2267 I
1284 2235 1302 2267 3
1324 2247 1359 2276 p.
1377 2235 1462 2267 1273
1486 2242 1515 2267 et
1532 2234 1662 2267 Nomoc.
1678 2234 1779 2266 XIV
1794 2235 1840 2266 tit.
1857 2236 1886 2274 1,
1902 2240 1956 2272 365
1983 2234 2152 2276 exscripsit
2176 2232 2355 2267 Nomocflm

137 2282 178 2315 ib.
205 2293 243 2314 ex
263 2280 299 2312 B

138 2356 307 2392 honorati
329 2360 432 2390 sunt:
467 2366 583 2401 neque
610 2355 702 2390 enim
733 2354 802 2389 nisi
832 2353 900 2389 Izoc
932 2357 967 2389 et
997 2353 1069 2399 ipsi

1127 2355 1240 2389 ariter
1270 2358 1507 2396 sectarentur,
1543 2354 1590 2388 im
1619 2358 1796 2389 eratorem
1823 2365 1896 2400 pro
1925 2354 1998 2389 illis
2032 2358 2190 2390 orarent.
2236 2354 2357 2397 Quare

137 2404 210 2438 sive
233 2402 313 2448 quis
336 2411 432 2436 nunc
455 2401 492 2435 in
508 2404 692 2446 potestate
713 2400 832 2435 aliena
857 2405 910 2434 est
930 2399 992 2445 qui
1016 2399 1072 2434 liis
1088 2365 1287 2434 li'onorz'bus
1305 2404 1370 2434 aut
1385 2400 1589 2445 maqistrati
1612 2410 1655 2433 us
1676 2400 1820 2444 fruitur
1837 2410 1929 2445 quos
1946 2403 2054 2434 antea
2071 2401 2356 2436 enumeravimus

138 2449 210 2483 sive
228 2451 358 2493 postea
375 2447 452 2488 erit,
474 2446 541 2481 lios
561 2456 704 2491 quoque
723 2446 779 2480 ius
794 2455 882 2479 suae
895 2445 1090 2490 potestatis
1108 2449 1293 2490 sequatur,
1318 2444 1417 2490 quod
1438 2449 1472 2480 et
1488 2445 1674 2490 peculium
1698 2445 1743 2479 iis
1767 2444 1950 2490 lar-qiatui·
1974 2449 2009 2479 et
2032 2449 2072 2480 ut
2092 2445 2205 2480 libera
2229 2445 2354 2481 volun-

140 2499 213 2529 tate
235 2496 387 2527 utantur
408 2496 570 2538 praestet
601 2497 711 2536 utque
742 2494 855 2535 ayant
887 2501 981 2535 quae
1011 2489 1123 2536 diqna
1142 2490 1216 2524 sint
1238 2489 1372 2525 lionore
1396 2493 1431 2525 et
1452 2489 1586 2524 iudicio
1616 2489 1660 2524 ab
1692 2490 1914 2536 imperatore
1937 2489 1982 2525 de
2000 2489 2045 2525 iis
2069 2489 2203 2525 habito,

2253 2490 2356 2526 Haec

138 2539 230 2574 enim
254 2537 366 2572 multo
391 2537 508 2572 maior
525 2536 741 2582 parentibus
765 2536 845 2570 laus
867 2535 937 2570 erit
961 2539 1070 2580 atque
1093 2546 1246 2580 maqnae
1270 2535 1430 2571 laetitiae
1454 2536 1596 2581 copiam
1614 2535 1817 2581 praebebit.

272 2583 317 2617 ΙΙ.
367 2580 467 2617 Illud
480 2592 623 2628 quoque
644 2581 722 2627 leqe
739 2581 887 2626 insuper
907 2590 1082 2622 cavemus,
1107 2591 1152 2615 ne
1168 2580 1343 2615 eiusmodi
1363 2581 1419 2615 ius
1433 2591 1520 2615 suae
1530 2581 1726 2627 potestatis
1748 2580 1880 2616 similia
1903 2581 2088 2627 impertiat
2111 2581 2238 2616 ceteris
2262 2591 2356 2627 quae

136 2640 205 2676 per
224 2628 527 2673 emancipationes
550 2626 775 2706 eontinlqunt,
799 2625 863 2661 sed
884 2630 926 2660 ut
941 2625 1183 2678 praecipuum
1204 2625 1384 2671 quoddam
1405 2625 1538 2661 donum
1557 2626 1756 2672 imperator
1773 2626 1946 2661 eiusmodi
1966 2627 2039 2661 iuri
2054 2637 2141 2661 suae
2159 2627 2357 2672 potestatis

133 2678 306 2721 praestet.
356 2673 480 2718 Neque
503 2673 595 2707 enim
619 2682 663 2707 υο

679 2682 783 2706 umus
806 2681 896 2712 eum,
929 2681 991 2716 qut
1016 2671 1069 2706 ita
1092 2682 1187 2721 suae·
1198 2671 1392 2716 potestatis
1413 2671 1540 2716 faetus
1562 2677 1616 2706 est
1639 2671 1695 2706 vet
1713 2672 1776 2716 fit,
1796 2671 1953 2724 perdere
1976 2672 2089 2706 ullum
2115 2682 2163 2707 ex
2188 2671 2356 2717 leqitimis

138 2719 288 2760 iuribus,
316 2718 379 2753 sed
401 2718 531 2765 sint-et
551 2716 716 2762 familiae
740 2715 912 2752 adversus
935 2717 1035 2761 ipsos
1058 2720 1094 2751 et
1115 2716 1205 2762 ipszs
1229 2716 1399 2751 adversus
1420 2716 1602 2761 familiam
1627 2717 1763 2751 intaeta
1793 2728 1876 2751 iura
1901 2716 2060 2763 leqitima
2091 2721 2126 2752 et
2149 2728 2198 2752 ex
2222 2720 2356 2752 natura

138 2770 292 2801 servata.
336 2767 454 2809 Atque
474 2763 576 2798 tiberi
599 2773 722 2797 eorum
737 2766 827 2808 post
847 2766 995 2796 mortem
1020 2772 1168 2797 avorum
1193 2762 1229 2796 in
1249 2764 1468 2807 potestatem
1491 2761 1637 2796 illorum
1661 2766 1859 2804 transeant,
1886 2767 2069 2808 tamquam
2092 2762 2124 2797 si
2148 2762 2362 2808 contigisset¹

139 2810 267 2845 horum
285 2808 501 2856 parentibus
524 2813 639 2842 morte
661 2818 809 2842 suorum
827 2812 977 2853 patrum
1001 2817 1045 2841 ae
1068 2817 1142 2841 non
1162 2817 1211 2842 ex
1232 2807 1419 2853 praesenti
1440 2807 1517 2852 leqe
1541 2817 1629 2842 suae
1650 2808 1843 2852 potestatis
1863 2808 1948 2852 fieri
1970 2812 2005 2842 et
2027 2808 2106 2843 iure
2124 2806 2256 2842 liberos
2270 2818 2356 2843 suos

137 2861 223 2902 post
245 2859 393 2890 mortem
416 2864 564 2889 suorum
585 2856 778 2899 parentum
802 2853 838 2887 in
861 2855 1042 2898 potestate
1073 2851 1223 2887 habere:
1253 2862 1297 2886 ne
1331 2851 1523 2897 quiequam
1547 2863 1671 2887 eorum
1696 2864 1788 2898 quae
1813 2853 1857 2888 ab
1874 2854 2092 2898 imperatore
2113 2852 2357 2898 conferuntur

139 2901 185 2936 iis
208 2900 257 2935 ali
284 2899 346 2934 uid
368 2899 526 2934 adimere
549 2898 723 2940 videatur,
748 2898 917 2943 quoniam
938 2908 1041 2932 omne
1064 2897 1163 2943 quod
1184 2898 1257 2933 sive
1281 2908 1303 2931 a
1328 2897 1393 2932 deo
1412 2897 1484 2931 sive
1508 2897 1552 2932 ab
1574 2898 1792 2943 imperatore
1816 2898 1878 2943 qui
1901 2900 2004 2933 deum
2020 2899 2183 2944 sequitur
2207 2897 2356 2933 leomini-

140 2946 205 2981 bus
228 2911 397 2988 adfertur
419 2944 550 2979 bonum
574 2954 648 2978 esse
671 2943 865 2978 dumtaxat
888 2953 952 2978 nee
976 2944 1168 2988 quiequam
1192 2942 1351 2978 malitiae
1373 2946 1409 2977 et
1431 2942 1633 2977 detrimenti
1657 2942 1859 2978 admioetum
1879 2942 2009 2978 habere
2032 2943 2140 2979 decet.

275 2989 340 3024 ΙΙΙ.
387 2988 623 3034 Manifestum
648 2993 764 3023 autem
794 2993 848 3023 est
868 2987 1041 3023 neminem
1072 2998 1148 3023 esse
1177 2988 1239 3034 qui
1268 2988 1405 3022 nesciat
1432 2990 1515 3022 ante
1546 2987 1667 3022 omnia
1697 2988 1932 3023 sanctissimis
1962 2988 2141 3035 episcopis
2170 2999 2245 3023 una
2276 2998 2356 3024 cum

141 3036 222 3083 ipw
246 3034 473 3069 ordinatione
485 3035 594 3069 etiam
606 3044 695 3070 suae
709 3033 899 3079 potestatis
922 3033 977 3067 ius
1001 3032 1156 3078 adquiri.
1201 3032 1294 3068 Nam
1319 3033 1382 3079 qui
1406 3033 1563 3067 omnium
1587 3033 1797 3079 spirituales
1818 3037 1943 3080 patres
1971 3037 2075 3076 sunt,
2105 3033 2284 3079 quomodo
2317 3034 2356 3069 in

143 3080 262 3115 aliena
278 3082 462 3125 potestate
485 3078 707 3114 habeantur?
731 3078 793 3114 sed
816 3079 916 3124 ipsos
940 3088 1082 3123 quoque
1107 3078 1171 3112 tali
1195 3078 1332 3113 honore
1354 3077 1435 3123 frui
1455 3077 1553 3112 decet
1575 3089 1724 3123 eumque
1747 3089 1796 3113 ex
1820 3078 1889 3114 liae
1909 3079 1986 3124 leqe
2010 3083 2135 3114 nostra
2160 3079 2308 3114 lucrari.

192 3173 206 3203 1
234 3165 274 3202 οὗ
296 3168 365 3214 γὰρ
390 3165 437 3202 ἄν
458 3169 488 3201 εἰ
511 3168 559 3212 μὴ
582 3169 702 3210 τοῦτο]
728 3169 786 3210 qui
810 3169 839 3201 si
863 3179 929 3201 non
954 3170 1017 3202 hoc
1041 3172 1158 3210 essent-
1164 3182 1183 3205 ς
1207 3172 1216 3212 ῃ

145 3218 165 3250 4
190 3211 391 3259 ἀπολαβων
417 3215 461 3247 M
472 3214 484 3257 11
502 3216 521 3248 6
545 3214 698 3256 peculion
717 3215 760 3247 M
779 3212 970 3247 πεκούλιον
994 3215 1025 3247 L
1045 3215 1092 3256 119
1117 3212 1217 3247 οὗτος

144 3262 208 3301 ἧς]
233 3255 347 3293 οὕτως
371 3260 417 3292 Μ
433 3259 445 3303 ΙΙ
477 3261 517 3292 13
542 3261 613 3291 τοῖς
637 3256 754 3291 ἄλλοις
778 3260 827 3291 La
851 3259 863 3302 ΙΙ
898 3262 938 3293 14
962 3256 1216 3304 ἕμαγκιπατιό-

144 3319 221 3340 νων
236 3307 292 3346 Μ]
319 3301 648 3346 αὖτεξουσιοτήτων
671 3305 702 3337 L
720 3305 731 3348 ΙΙ
765 3307 800 3338 17
827 3302 1023 3349 γενόμενον
1047 3302 1069 3346 ἢ
1094 3318 1150 3338 om.
1165 3318 1183 3341 ς
1207 3305 1217 3348 Η

148 3353 187 3385 18
211 3348 405 3396 λεγιτίμων
418 3351 476 3390 Μ]
502 3351 666 3392 νομίμων
690 3350 721 3382 L
738 3349 749 3393 ΙΙ
772 3352 810 3383 19
836 3349 985 3391 legitima
1000 3350 1030 3382 L
1055 3347 1216 3396 λεγίτιμα

147 3397 187 3430 Μ
201 3396 213 3440 ΙΙ
233 3398 275 3430 22
290 3394 571 3437 *πεξουσιότητα
585 3396 627 3427 L²
645 3395 657 3438 Η
676 3396 717 3428 25
731 3394 812 3428 τους
826 3390 950 3427 αὑτῶν
963 3408 1020 3428 om.
1035 3407 1054 3431 ς
1065 3394 1076 3439 ΙΙ
1090 3397 1132 3429 26
1145 3395 1216 3437 ἵνα]

147 3441 206 3474 ἵνα
230 3439 269 3474 δὲ
292 3443 338 3475 Μ
360 3442 372 3485 ΙΙ
402 3442 443 3475 29
469 3438 636 3483 πρόεισιν
662 3441 691 3472 L
720 3441 732 3483 ss
761 3440 823 3482 τῆς
847 3441 950 3473 orn-L
978 3440 989 3481 ΙΙ
1022 3442 1062 3474 30
1083 3439 1216 3483 μόνως]

147 3484 266 3528 μόνως
289 3483 337 3520 ὡς
362 3487 402 3519 Μ
424 3484 553 3530 νόμους
566 3486 612 3517 L¹
637 3484 794 3531 νόμιμον
818 3493 851 3518 nt
870 3486 934 3518 vid.
950 3485 998 3518 L²
1025 3496 1217 3519 mansurum

149 3532 182 3571 (i.
196 3544 222 3565 e.
234 3530 388 3576 μόνιμον
405 3533 458 3565 vet
475 3534 596 3574 με’νον)
622 3544 639 3567 ς
656 3533 667 3573 ΙΙ
687 3532 728 3564 35
754 3528 888 3565 πάντες
899 3531 957 3571 L1,
982 3528 1135 3564 πάντων
1160 3545 1216 3565 om.

150 3575 298 3654 {gomacfl
313 3580 327 3622 ss
346 3579 387 3611 36
412 3577 668 3622 πνευματικῶν
692 3576 852 3610 ΝοηιοσᾸί
870 3576 882 3619 ΙΙ
908 3578 950 3610 39
975 3575 1219 3621 καρπούμενος

188 3628 308 3657 amotum

1332 3172 1347 3204 1
1373 3172 1455 3202 esset
1468 3170 1554 3213 vuly.
1574 3169 1585 3212 ΙΙ
1604 3170 1713 3210 etiam]
1735 3180 1801 3201 non
1816 3170 1910 3202 Beck
1928 3169 2022 3212 {lipsi
2043 3183 2099 3202 om.
2111 3171 2143 3202 T
2156 3170 2167 3213 ΙΙ
2186 3172 2205 3203 5
2227 3170 2279 3203 ius
2295 3171 2356 3204 hos

1285 3216 1344 3255 13¹,
1369 3215 1422 3247 ius
1436 3216 1497 3247 del.
1513 3215 1562 3246 132
1579 3215 1590 3257 ΙΙ
1608 3214 1781 3257 potestatis
1800 3224 1877 3247 suae
1899 3215 2020 3257 Vvulq.
2040 3214 2051 3257 ΙΙ
2069 3217 2089 3248 6
2112 3214 2142 3247 ei
2158 3216 2226 3248 ΒΤ
2241 3216 2252 3259 ΙΙ
2268 3216 2356 3248 arbi-

1285 3260 1343 3292 trii
1360 3263 1429 3301 cet]
1454 3260 1548 3292 bitrii
1574 3278 1613 3283 ———
1640 3262 1659 3293 9
1675 3259 1846 3302 praebebit
1869 3272 1930 3292 ser.
1946 3259 1994 3292 ΗΞ
2007 3262 2038 3292 z'n
2052 3273 2118 3292 ras.
2135 3261 2153 3292 2
2169 3273 2217 3293 υυ.
2238 3261 2249 3303 ΙΙ
2268 3263 2285 3293 7
2311 3261 2357 3294 eis

1288 3306 1372 3346 RV]
1398 3305 1449 3338 his
1477 3306 1599 3349 Tvulq.
1626 3304 1638 3348 ΙΙ
1663 3306 1682 3338 8
1706 3306 1768 3337 hoo
1797 3305 1950 3347 Tvulq.11
1974 3305 2078 3346 magis
2102 3305 2134 3337 R
2157 3305 2169 3347 ΙΙ
2198 3307 2238 3338 12
2263 3305 2355 3347 tales]

1284 3354 1436 3393 oporteat
1449 3364 1473 3383 s.
1488 3363 1518 3382 υ.
1535 3352 1610 3383 add.
1631 3350 1679 3383 V³
1696 3351 1708 3394 ΙΙ
1729 3353 1767 3384 13
1789 3360 1872 3391 quae
1890 3363 1948 3382 om.
1961 3350 1992 3382 R
2011 3351 2022 3389 ll
2041 3352 2081 3382 14
2098 3350 2193 3391 fiunt]
2211 3350 2314 3383 fuerit
2329 3352 2364 3384 V

1283 3399 1361 3428 sunt
1374 3397 1406 3429 R
1425 3397 1436 3438 ΙΙ
1455 3398 1494 3429 15
1510 3396 1666 3428 comferre
1683 3396 1716 3429 V
1727 3395 1738 3438 ss
1757 3395 1874 3427 talium
1887 3395 1919 3426 R
1930 3395 1991 3428 VT
1998 3394 2020 3435 ¹]
2045 3395 2169 3427 talibus
2185 3394 2235 3428 Τ2
2244 3397 2330 3440 vulq.
2344 3395 2356 3440 ΙΙ

1289 3444 1328 3475 16
1344 3442 1382 3474 fit
1403 3442 1535 3484 Vvuly]
1552 3441 1594 3473 sit
1606 3441 1673 3473 ΕΤ
1689 3442 1700 3483 ΙΙ
1719 3443 1756 3474 17
1772 3440 1900 3481 aliquid
1912 3440 1945 3472 R
1964 3439 1975 3482 ΙΙ
1995 3441 2034 3474 18
2049 3441 2112 3481 ipsi
2127 3440 2159 3472 R
2176 3439 2188 3484 ΙΙ
2207 3442 2248 3475 20
2266 3451 2356 3474 reca—

1285 3487 1365 3519 dant
1381 3487 1427 3519 'l'¹
1447 3487 1459 3529 ll
1476 3488 1516 3520 21
1532 3489 1564 3518 et
1577 3497 1644 3518 non
1659 3505 1700 3510 ——
1714 3488 1755 3520 23
1769 3488 1899 3528 patrum
1915 3487 1962 3518 bis
1975 3498 2037 3518 ser.
2051 3486 2083 3518 R
2102 3486 2113 3526 ΙΙ
2130 3486 2173 3518 22
2191 3485 2271 3518 filiis
2286 3487 2332 3519 R¹
2345 3489 2357 3530 n

1287 3534 1329 3566 24
1354 3543 1447 3564 orum
1472 3533 1500 3563 V
1520 3533 1639 3564 horum
1664 3545 1721 3564 om.
1735 3531 1795 3572 R¹‚
1814 3531 1825 3574 ss
1844 3531 1901 3571 eis]
1927 3530 1965 3562 de
1991 3531 2036 3562 eis
2061 3531 2111 3563 Τι
2129 3530 2142 3573 ΙΙ
2159 3532 2201 3564 25
2219 3531 2356 3564 uidean-

1286 3582 1341 3610 tur
1368 3576 1422 3621 ΤΙΙ
1443 3579 1482 3610 27
1508 3577 1646 3609 militiae
1668 3577 1715 3610 V¹
1736 3577 1805 3618 1128
1832 3576 2069 3608 demunitionis
2096 3576 2128 3609 T
2156 3576 2356 3610 deminutio-

1287 3623 1339 3655 nis
1355 3625 1441 3665 vulq.
1459 3622 1471 3665 11
1489 3623 1532 3656 33
1554 3624 1604 3655 est
1627 3635 1684 3655 om.
1706 3622 1754 3655 V¹
1771 3622 1784 3665 11
1801 3622 1859 3663 qui
1876 3621 2003 3654 neseiat
2027 3634 2084 3654 om.
2099 3620 2149 3654 Β*
2166 3620 2178 3664 ΙΙ
2197 3623 2238 3655 36
2258 3622 2357 3666 spiri-

1287 3669 1369 3701 tales
1382 3668 1414 3700 R
1426 3668 1457 3701 V
1469 3667 1480 3712 ΙΙ
1499 3668 1614 3700 fratres
1635 3667 1684 3701 V¹
1702 3666 1714 3711 ΙΙ
1730 3670 1891 3710 potestate
1915 3666 2058 3699 aliorum
2075 3665 2127 3712 ΤΙΙ
2148 3668 2187 3701 37
2215 3668 2275 3702 hos
2293 3669 2325 3701 R
2345 3668 2356 3714 Η

1289 3715 1330 3748 38
1356 3718 1470 3746 nostra
1494 3715 1554 3746 hac
1575 3714 1629 3759 Vn
1647 3714 1726 3756 frui]
1750 3712 1822 3745 fieri
1845 3712 1893 3746 V¹
