2618 4010
226 123 334 172 Nov.
364 122 489 172 XXII
523 129 585 170 13.
618 126 669 170 14

1301 120 1382 171 154

2192 138 2252 172 ΒΕ
2281 141 2457 174 NUPTIIS

1200 235 1357 272 CAPUT
1381 236 1480 271 XIII.

272 306 517 351 Deportatiam
539 307 681 350 μέντοι,
714 305 761 340 εἰς
791 302 835 361 ἢν
863 304 1088 351 μετεχώρησε
1111 306 1171 337 καὶ
1192 300 1214 346 ἡ
1236 315 1304 338 πα-

228 350 311 385 λαιὰ
336 349 446 395 πυρός
474 363 514 385 τε
545 353 605 384 καὶ
635 347 764 386 ὕδατος
794 349 1031 397 απαγόρευσις
1060 346 1118 391 (ἢν
1149 358 1244 393 aqua
1272 351 1308 383 et

227 396 299 440 igni
316 395 571 431 interdictione
593 394 763 430 καλοῦσιν
782 394 818 429 οἱ
837 393 1001 441 ἡμέτεροι
1022 391 1147 437 νόμοι),
1171 389 1212 427 οὖ
1231 390 1307 448 δια-

228 439 301 475 λύει
329 439 374 474 τὰ
397 443 611 475 συνοικέσια.
660 441 767 476 ‘toi-'to
789 439 857 488 γὰρ
890 438 933 483 δὴ
957 441 1016 473 καὶ
1045 439 1098 482 τῷ
1125 438 1308 481 θειοτατῳ

1418 302 1630 348 Deportatio
1666 305 1803 348 tamen,
1837 305 1875 342 in
1909 316 2015 352 quam
2045 307 2207 352 migravit
2237 311 2273 343 et
2303 307 2453 353 antiqua

1376 347 1386 382 i
1404 348 1466 400 ,εἰς
1483 351 1519 382 et
1533 357 1648 392 aquae
1666 348 1880 394 interdictio,
1905 361 2011 431 tinam
2034 361 2148 397 aquae
2172 357 2208 388 et
2231 353 2322 397 ignis
2341 353 2451 388 inter·

1402 396 1569 427 lotionem
1593 397 1724 429 vocant
1746 397 1890 431 nostrae
1970 406 2026 441 es,
2050 408 2122 432 non
2147 398 2252 433 solvit
2273 397 2454 432 matt-Imo-

1377 437 1448 472 nia.
1495 436 1574 472 Hoc
1599 438 1693 473 enim
1718 442 1754 473 et
1777 439 2018 477 sacratissimo
2044 441 2181 488 pridem
2205 443 2341 488 placuit
2364 441 2455 477 Con-

228 482 356 530 πρώην
378 484 480 539 ἔδοξε
504 489 781 529 Κωνσταντίνῳ
807 482 1074 530 φιλάνθρωπόν
1101 496 1137 517 τι
1151 485 1310 538 ’πρᾶγμα
1344 486 1363 517 5
1377 482 1534 517 stantino
1560 482 1713 518 clemens
1739 483 1913 528 quaedam
1937 495 2048 522 causa
2079 490 2115 522 et
2143 497 2166 522 a
2189 488 2292 523 nobis
2316 486 2456 532 quidem

229 533 287 563 καὶ
311 529 378 576 ὑφ’
411 532 516 576 ημῶν
546 533 615 576 μὲν
645 528 868 573 ἀποδεχθέν,
902 530 964 563 τοῦ
997 527 1037 562 δὲ
1066 538 1246 574 παροντος
1268 540 1309 561 ου

229 573 524 621 προςαπτόμενον
555 573 686 620 νόμου’
726 572 814 610 dicre
845 572 928 608 οὐδὲ
960 573 1006 607 τὰ
1036 570 1309 616 ἀποτελέσματα

228 620 355 666 ῥητέον
377 621 432 665 τῷ
463 634 503 668 γε
535 622 596 656 ἐπὶ
625 622 686 664 τῆς
717 621 847 654 οἰκείας
878 621 1026 663 με’νοντι
1047 617 1182 660 τάξεως
1198 619 1311 668 πράγ-

225 682 326 713 ματι.

1376 526 1532 571 probata
1555 532 1627 570 est,
1658 529 1840 573 praesenti
1863 539 1946 581 yero
1971 541 2042 566 non
2064 532 2234 577 copulata
2256 533 2342 576 legi:
2363 531 2456 567 unde

1377 572 1664 653 gggpeoxegggtus
1687 583 1818 609 causae
1842 572 1981 611 dmendi
2004 579 2098 621 sunt,
2128 587 2207 612 cum
2230 578 2267 612 in
2290 587 2356 613 suo
2382 585 2455 611 ma-

1206 706 1364 743 CAPUT
1394 707 1490 744 XIV.

267 777 385 823 Ἴσμεν
415 777 456 813 δὲ
489 778 533 822 δὴ
564 782 622 812 καὶ
655 778 719 812 τὸν
749 775 850 820 vissae
881 774 984 820 ἡμῶν
1007 777 1068 819 τῆς
1099 772 1306 820 εὐδαίμονος
1323 779 1361 810 10
1420 775 1592 812 Novimus
1616 779 1734 812 autem
1760 780 1795 812 et
1818 777 1922 813 huius
1947 781 2091 814 nostrae
2115 779 2341 815 felicissimae
2372 779 2454 814 civi·

229 820 366 858 πόλεως
390 824 569 867 οἰκιστήν,
602 822 668 858 τὸν
691 824 750 866 τῆς
776 823 879 856 θείας
904 823 1033 874 φαμὲνἱ
1047 819 1177 864 λήξεως
1202 825 1305 855 Κων-

228 871 442 910 σταντῖνον,
476 870 683 916 γεγραφότα
717 865 849 919 νόμον)
886 862 978 901 καθ’
1013 863 1056 900 ὃν
1091 867 1127 900 εἴ
1156 878 1210 901 τις
1246 868 1306 919 ἐπὶ

229 911 481 967 στρατοπέδου
499 918 639 968 γένοιτο
671 915 729 946 καὶ
762 923 916 958 σιγησειε
941 910 1028 958 πρὸς
1057 911 1134 967 τῂν.ι
1147 924 1306 959 γαμετην

1376 820 1461 856 tatis
1488 821 1722 864 conditorem,
1757 822 1858 858 divae
1889 822 2079 858 memoriae
2109 823 2258 860 dicimus
2282 824 2455 860 Constan-

1375 865 1507 908 tinum,
1541 867 1728 912 scripsisse
1751 868 1863 912 legem
1889 867 2085 903 secundum
2110 878 2232 913 quam,
2261 869 2293 906 si
2315 869 2395 914 quis
2420 870 2456 904 in

1377 911 1599 956 expeditione
1634 912 1742 947 fuerit
1772 916 1809 948 et
1837 914 1991 948 tacuerit
2022 913 2069 948 ad
2105 923 2250 949 uxorem
2280 924 2345 959 per
2368 924 2455 959 qua-

228 960 288 993 έπὶ
312 972 484 1002 τετραετη
507 971 654 1004 χρονον,
692 960 751 990 καὶ
782 954 869 1001 μηδ’
897 954 1020 991 ὁτιοῦν
1046 970 1136 1004 αυτῃ
1160 960 1308 1004 γένηται
1376 956 1590 1001 driennium‚
1628 960 1665 992 et
1700 958 1838 993 nullum
1875 959 1906 993 ei
1942 957 2005 993 fiat
2041 959 2087 994 ab
2118 958 2180 993 illo
2211 958 2348 1003 signum
2380 959 2456 994 eius

228 1003 320 1049 παρ’
354 1005 488 1036 ἐκείνου
519 1002 703 1047 σύμβολον
733 1003 795 1045 τῆς
829 1005 911 1049 περὶ
947 999 1067 1055 αὐτὴνἱ
1095 1000 1361 1043 διαθέσεως,ἱὸ
1377 1002 1475 1037 circa
1499 1012 1577 1037 eam
1602 1003 1768 1047 affectus,
1801 1006 1888 1038 tunc
1920 1003 2064 1038 licentia
2096 1003 2142 1038 sit
2171 1004 2309 1039 mulieri
2332 1003 2378 1039 ad
2402 1014 2455 1040 se·

226 1049 424 1090 τηνικαῦτα
456 1046 582 1082 ἄδειαν
616 1048 708 1081 εἶναι
744 1048 789 1094 τῇ
824 1050 967 1093 γυναικὶ
1003 1058 1090 1092 προς
1125 1045 1308 1094 δευτέρους

227 1091 464 1139 ἀφικνεῖσθαι
487 1093 636 1139 γάμους,
669 1090 908 1126 διδασκαλίαν
931 1090 1105 1140 ἐπιδούσῃ
1131 1089 1308 1138 πρότερον

226 1139 281 1181 ’τῷ
304 1137 371 1180 τὴν
396 1141 617 1194 στρατηγίαν
641 1140 761 1180 ἔχοντι
791 1140 852 1171 καὶ
884 1135 972 1172 αὐτὸ
997 1139 1105 1173 τοῦτο
1136 1140 1306 1192 ἐκμαρτυ-

1378 1047 1513 1100 cundas
1540 1048 1698 1101 nuptias.
1720 1048 1897 1101 veniendi,
1935 1048 2128 1101 (libellum)
2159 1048 2321 1101 offerenti
2356 1049 2456 1102 prius

1375 1092 1521 1145 mlhtlae
1544 1093 1699 1146 principi
1725 1097 1762 1128 et
1784 1093 1853 1129 hoc
1878 1105 1994 1139 lpsum
2018 1094 2242 1146 testificantl:
2280 1097 2318 1128 et
2335 1103 2367 1129 sl
2389 1094 2458 1129 hoc

1376 1138 1457 1181 fiat,
1489 1138 1755 1183 inculpabnhter
1778 1139 1906 1174 mulier
1929 1139 1976 1174 ad
1997 1150 2108 1174 virum
2134 1139 2285 1174 alterum
2308 1139 2459 1174 transiet

227 1196 373 1230 ραμενῃ.
421 1186 480 1216 καὶ
505 1197 534 1217 ει
566 1197 602 1217 τι
635 1183 778 1216 τοιοῦτο
808 1185 968 1230 γένοιτο,
999 1180 1200 1217 ἀνεύθυνος
1223 1195 1263 1217 τε
1287 1183 1309 1225 ἡ
1376 1185 1413 1218 et
1435 1193 1507 1218 non
1532 1183 1822 1219 damnificabitur
1846 1184 1988 1230 quidem
2013 1184 2105 1227 dote,
2130 1185 2338 1219 nontamen
2356 1186 2456 1219 ante-

225 1228 314 1275 γυνὴ
338 1227 427 1275 πρὸς
453 1225 584 1274 ἀνδρὸς
608 1228 728 1274 ἑτέρου
760 1225 1004 1283 μεταβήσεται
1027 1231 1087 1262 καὶ
1111 1225 1151 1262 οὗ
1177 1229 1306 1273 ζημιω·
1320 1229 1362 1262 20
1377 1228 1570 1273 nuptialem
1602 1229 1830 1264 donationem
1866 1229 2074 1264 lucrabitur.
2123 1229 2222 1264 Haec
2250 1229 2371 1273 Itaque
2400 1239 2457 1264 88.-

226 1271 381 1316 θήσεται
405 1275 472 1318 μὲν
490 1274 557 1316 τὴν
578 1277 719 1318 προῖκα,
743 1285 807 1307 ουκ
830 1275 885 1307 ἔτι
910 1270 950 1307 δὲ
973 1272 1040 1316 τὴν
1061 1277 1307 1321 προγαμιαίαν

226 1315 391 1365 κερδανεῖ
413 1316 563 1363 δωρεάν.
617 1318 736 1352 Ταῦτα
759 1320 827 1362 μὲν
854 1311 918 1352 οὖν
941 1314 960 1351 ὁ
986 1318 1177 1353 θειότατος
1202 1321 1305 1352 Κων-

226 1366 434 1398 σταντῖνος·
470 1362 611 1410 σφόδρα
646 1362 686 1397 δὲ
714 1360 798 1407 ἡμῖν
830 1361 958 1410 ἀώρως
988 1366 1082 1406 ἔχειν
1113 1360 1135 1405 ἡ
1158 1362 1305 1405 τοιαύτη

226 1406 385 1449 διάταξις
415 1406 526 1463 δοκεῖ,
569 1408 611 1443 τὸ
644 1407 712 1455 γὰρ
745 1408 896 1461 πρᾴξεσι
926 1407 1133 1453 πολεμικαῖς
1163 1410 1305 1451 ἐνησχο-

1377 1273 1596 1309 cratissimus
1631 1274 1907 1310 Constantinus:
1944 1275 2169 1310 vehementer
2206 1278 2324 1309 autem
2354 1274 2458 1310 nobis

1375 1318 1549 1354 inmature
1562 1318 1695 1354 habere
1713 1319 1776 1354 illa
1789 1320 1999 1355 constitutio
2013 1319 2160 1354 videtur.
2196 1319 2347 1355 Actibus
2364 1320 2456 1354 enim

1376 1363 1512 1398 bellicis
1544 1367 1722 1408 occupato
1754 1364 1882 1399 marito
1916 1365 2037 1400 uxoris
2068 1365 2200 1400 inferre
2222 1364 2456 1410 privationem

1375 1419 1447 1443 non
1469 1408 1586 1443 minor
1609 1411 1666 1443 est
1689 1419 1806 1454 poena
1829 1419 1935 1454 quam
1960 1410 2005 1445 ab
2031 1410 2195 1445 hostibus
2217 1410 2308 1454 capi.
2355 1409 2456 1445 Ideo-

226 1452 367 1507 λημένῳ
399 1467 453 1497 τῳ
484 1467 640 1508 γημαντι
653 1465 837 1507 ,γυναικος
869 1452 1016 1500 ἐπάγειν
1051 1456 1219 1500 στέρησιν
1243 1452 1307 1495 οὐχ
1320 1454 1361 1486 25
1376 1463 1445 1498 que
1469 1464 1541 1489 non
1565 1454 1665 1498 prius
1691 1453 1737 1489 ad
1757 1454 1872 1489 virum
1897 1454 2018 1490 veniat
2039 1455 2233 1490 secundum
2254 1454 2457 1490 huiusmodi

225 1511 349 1542 ηττων
372 1500 448 1532 ἐστὶ
473 1512 583 1542 ποινη
604 1512 668 1533 του
694 1497 792 1545 παρὰ
815 1497 997 1544 πολεμίοις
1021 1495 1168 1533 ἁλῶναι.
1203 1495 1307 1532 “sssis

224 1543 275 1588 μὴ
296 1543 474 1590 πρότερον
506 1545 553 1578 εἷς
576 1541 705 1589 ἀνδρὸς
738 1542 901 1589 ‹pondua›
926 1542 1091 1591 δευτέρου
1113 1542 1135 1586 ἡ
1157 1541 1306 1585 τοιαύτη

224 1587 313 1635 γυνὴ
346 1588 477 1624 ὁποίαν
508 1587 527 1623 ὁ
559 1589 760 1632 νομοθέτης
789 1587 892 1623 οὗτος
924 1586 1105 1631 ὑπέθετο,
1142 1592 1230 1635 πρὶν
1260 1585 1306 1623 ἂν

225 1635 285 1667 καὶ
316 1631 482 1677 δεκαετὴς
514 1632 656 1668 διέλθοι
687 1633 826 1687 χρονος,
862 1637 922 1668 καὶ
955 1631 1045 1677 αὐτὴ
1070 1632 1306 1677 διενοχλήσειε

1375 1498 1501 1534 mulier
1525 1499 1664 1543 qualem
1689 1499 1871 1544 legislator
1894 1500 1962 1535 iste
1986 1500 2184 1544 proposuit,
2222 1510 2327 1543 quam
2351 1500 2457 1535 etiam

1376 1544 1537 1579 decennii
1560 1546 1723 1579 transeat
1745 1549 1896 1589 tempus,
1923 1547 1960 1580 et
1982 1546 2071 1580 haec
2095 1545 2301 1589 importuna
2318 1545 2457 1589 quidem

1376 1589 1422 1624 sit
1446 1589 1520 1624 viro
1544 1589 1687 1624 mittens
1714 1590 1851 1625 litteras
1871 1592 1936 1625 aut
1957 1600 2022 1635 per
2048 1591 2188 1635 aliquos
2212 1589 2330 1626 verbis
2352 1593 2457 1625 utens

1376 1634 1422 1669 ad
1446 1644 1538 1677 eum,
1562 1634 1624 1669 ille
1648 1645 1730 1670 vero
1755 1639 1819 1670 aut
1838 1639 1962 1680 aperte
1979 1639 2107 1670 renuat
2128 1634 2273 1680 nuptias
2295 1634 2372 1670 eius
2394 1638 2458 1670 aut

224 1677 291 1713 τὸν
313 1677 429 1726 ἄνδρα
458 1678 652 1733 στέλλουαα
681 1692 876 1735 γραμματα
904 1679 927 1723 ἦ
951 1677 1009 1713 διά
1033 1692 1150 1714 τινων
1174 1677 1306 1732 ῥήμαρι
1319 1680 1361 1712 30
1375 1679 1541 1715 absolute
1565 1680 1763 1723 conticeat,
1789 1683 1878 1716 tunc
1899 1690 2040 1726 quoque
2063 1680 2223 1715 libellum
2246 1679 2374 1715 offerat
2394 1684 2458 1715 aut

224 1727 390 1777 χρωμένη
422 1723 510 1770 πρὸς
540 1721 670 1765 αὐτον,
706 1737 725 1758 ο
758 1722 798 1757 δὲ
827 1721 849 1767 ἢ
879 1725 1005 1770 σαφῶς
1036 1721 1185 1760 ἀπείποι
1216 1735 1306 1769 προς

224 1781 290 1804 τον
312 1767 428 1816 γάμον
451 1769 517 1803 τὸν
540 1767 649 1803 αὖτ”ς
671 1766 694 1813 ἢ
717 1766 895 1810 καθάπαξ
918 1782 953 1803 σι
979 1767 1082 1812 ἡσειε,
1108 1768 1304 1813 τηνικαῦτά

223 1827 264 1848 τε
288 1812 527 1849 διδασκαλίαν
555 1815 615 1849 ἐπι
639 1818 696 1857 οίη
728 1811 750 1868 ᾗ
781 1815 834 1857 τῷ
859 1812 942 1848 ἐνδο
965 1812 1085 1858 οτάτῳ
1111 1816 1304 1861 στρατηγῷ

224 1857 246 1913 ἢ
268 1860 322 1918 τῷ
343 1858 578 1915 ισὶτερῐιβλέπτῳ
603 1857 702 1893 δουκὶ
726 1872 748 1901 η
771 1861 824 1902 τῷ
847 1858 1090 1913 λαμπροτᾴτῳ
1111 1856 1303 1913 τριξούνῳ,

1373 1724 1628 1768 gloriosissimo
1663 1725 1835 1770 magistro
1871 1726 2020 1761 militum
2058 1730 2122 1760 aut
2155 1725 2344 1770 spectabili
2375 1725 2457 1761 duci

1374 1773 1437 1804 aut
1473 1770 1668 1805 clarissimo
1701 1770 1863 1814 tribuno,
1900 1771 1967 1806 sub
1997 1771 2127 1815 quibus
2160 1770 2260 1806 miles
2297 1770 2358 1806 ille
2389 1773 2454 1806 est.

1374 1814 1478 1850 Tunc
1501 1815 1679 1850 licentiam
1710 1815 1803 1850 enim
1834 1817 1866 1851 ei
1897 1816 2022 1851 damus
2053 1820 2089 1851 et
2119 1825 2243 1860 preces
2275 1815 2457 1860 porrigere

1372 1859 1578 1904 imperatori
1602 1864 1639 1895 et
1661 1860 1744 1895 inde
1767 1861 1836 1896 hoc
1860 1861 2069 1906 promereri.
2106 1861 2207 1896 Sciat
2222 1865 2340 1896 autem
2360 1861 2453 1906 quia,

223 1918 274 1960 υς)
317 1916 379 1939 ους
400 1918 419 1938 ο
444 1903 670 1950 στρατιώτης
693 1903 826 1938 ἐκεῖνός
850 1906 937 1938 ἐστι.
984 1917 1069 1938 τοτε
1085 1918 1154 1951 γαρ
1177 1902 1305 1938 αδειαν
1317 1906 1359 1939 35
1373 1905 1405 1939 εἰ
1427 1904 1519 1940 citra
1541 1905 1613 1940 hoc
1635 1905 1769 1950 aliquid
1794 1907 1924 1951 egerit,
1957 1911 2139 1951 tamquam
2171 1906 2360 1941 temerarie
2389 1917 2454 1941 nu-

225 1950 315 1998 αυτῇ
341 1947 489 1994 δίδομεν
511 1951 571 1983 καὶ
595 1949 779 1996 ἱκετηρίαν
800 1945 989 1983 ἀνατεῖναι
1019 1948 1163 1994 βασιλεῖ
1191 1946 1303 1983 κάκεῖ-

224 1994 296 2030 θεν
318 1995 426 2029 τοῦτο
449 1995 702 2040 ἐπιτραπῆναι.
750 1994 841 2028 ἴστω
866 1991 907 2028 δὲ
930 1992 988 2036 οἷς,
1012 1995 1044 2028 εἰ
1067 1992 1167 2040 παρὰ
1190 1992 1306 2029 ταῦτά

222 2053 260 2075 τι
277 2039 457 2086 πράξειεν,
482 2037 530 2074 ὥς
551 2040 743 2086 προπετῶς
765 2041 950 2086 γημαμένη
970 2038 1207 2075 ὑποπεσεῖται
1226 2042 1305 2074 ταῖς

224 2087 263 2119 ἐκ
284 2086 349 2120 τοῦ
372 2083 484 2130 νόμον
508 2088 660 2119 ποιναῖς.

1372 1950 1462 1986 bens
1485 1950 1687 1986 subiacebit
1710 1950 1873 1995 legitimis
1898 1951 2035 1996 poenis.

268 2189 341 2221 cap.
366 2177 429 2210 XI
434 2177 549 2210 V—X
556 2177 607 2210 VI
628 2189 686 2209 cm.
707 2176 751 2218 L,
776 2177 886 2210 eadem
911 2178 1049 2219 exeeptis
1073 2189 1145 2220 cap.
1166 2177 1207 2209 X
1214 2175 1308 2219 V§3
1332 2194 1377 2200 —
1399 2176 1442 2209 X
1449 2175 1558 2219 ler.
1583 2189 1643 2210 om.
1670 2176 1711 2210 Β.

267 2235 339 2267 cap.
362 2222 462 2255 XIV
477 2223 681 2254 summarium
703 2234 742 2254 ex
761 2221 881 2254 Athan.
900 2222 995 2254 habet
1017 2221 1149 2255 Nomoc.
1166 2221 1197 2254 L
1223 2223 1268 2254 tit.
1282 2223 1336 2254 41.

356 2311 456 2347 XIII.
512 2309 730 2356 Deportatio
764 2316 900 2351 tamen,
935 2310 974 2344 in
1007 2321 1117 2356 quam
1146 2310 1253 2345 vertit
1279 2310 1387 2345 etiam
1419 2310 1572 2362 antiqua
1600 2320 1724 2362 aquae
1756 2313 1793 2345 et
1815 2310 1910 2363 iqnis
1930 2310 2130 2357 prohibitio
2154 2314 2277 2358 (quam
2301 2323 2400 2364 aqua
2419 2319 2454 2348 et

221 2358 234 2393 i
262 2357 300 2392 ni
321 2355 612 2392 interdictionem
645 2358 779 2390 vocant
809 2358 960 2390 nostrae
990 2355 1119 2402 leym),
1155 2366 1230 2390 non
1263 2355 1371 2391 solvit
1399 2359 1640 2390 matrimonia.

1707 2353 1809 2390 Haec
1839 2365 1933 2390 enim
1962 2357 2069 2391 etiam
2110 2355 2196 2391 olim
2226 2363 2453 2393 sanctissimo

251 2401 458 2438 onstantino
477 2400 622 2481 {lacuit
644 2399 803 2435 humana
826 2410 886 2435 res
909 2406 945 2435 ct
967 2411 990 2435 a
1014 2399 1119 2436 nobis
1138 2403 1296 2447 recepta,
1329 2411 1423 2446 quae
1448 2404 1566 2435 tamen
1591 2410 1670 2435 cum
1691 2401 1884 2446 praesenti
1905 2400 1983 2447 leffe
2006 2411 2080 2436 non
2103 2412 2247 2437 conexa
2266 2406 2338 2438 est:
2359 2402 2455 2438 unde

222 2459 266 2483 ne
288 2447 332 2483 dc
355 2458 375 2482 e
406 2446 476 2481 ecti

501 2455 542 2480 us
565 2445 710 2491 quidem
733 2443 921 2480 dicendum
945 2446 1001 2481 rei
1021 2446 1060 2480 in
1082 2456 1150 2481 suo
1175 2445 1302 2481 ordine
1325 2456 1529 2480 mansurae.

406 2492 448 2527 V.
489 2489 687 2526 Praeterea
704 2490 869 2526 novimus
885 2491 993 2526 etiam
1013 2490 1120 2526 leuius
1133 2490 1256 2537 felicis
1279 2490 1380 2525 urbis
1392 2495 1540 2525 nostrae
1556 2489 1792 2533 conditorem,
1817 2491 2090 2527 Constantinum
2105 2491 2248 2528 divinae
2262 2493 2454 2529 memoriae

221 2538 390 2580 dicimus,
417 2536 530 2583 leqem
554 2535 826 2582 conscripsisse,
858 2546 908 2571 ex
934 2546 1025 2581 qua,
1057 2536 1090 2571 si
1113 2537 1195 2582 quis
1214 2537 1252 2571 in
1276 2535 1407 2571 castris
1426 2536 1546 2589 suerit
1574 2540 1610 2570 ct
1625 2546 1699 2581 per
1721 2535 1946 2581 quadrienna
1970 2541 2109 2583 tempus
2133 2536 2315 2572 silentium
2338 2538 2453 2584 cqerit

221 2583 394 2620 adversus
428 2591 584 2617 uxorem
619 2591 735 2627 neque
769 2580 884 2615 ullum
917 2582 954 2616 ei
982 2581 1137 2627 affectus
1167 2592 1258 2627 crya
1289 2591 1369 2616 eam
1397 2591 1429 2616 st
1457 2591 1542 2615 num
1576 2579 1622 2615 ab
1654 2579 1719 2615 illo
1751 2580 1908 2623 venerit,
1947 2585 2019 2616 tum
2050 2582 2166 2616 uxori
2194 2581 2246 2616 ad
2273 2581 2453 2617 secundas

220 2629 369 2675 nuptias
393 2627 550 2662 transire
582 2626 707 2667 liceat,
741 2625 803 2661 ubi
845 2626 939 2660 rrius
961 2637 1037 2661 rem
1064 2626 1103 2661 in
1126 2626 1292 2662 notitiam
1310 2629 1422 2672 pertu
1438 2626 1507 2661 erit
1530 2625 1619 2667 eius,
1644 2625 1708 2670 qui
1727 2625 1917 2671 imperium
1945 2625 2101 2661 militare
2124 2625 2250 2668 habet,
2282 2630 2393 2672 atque
2415 2627 2455 2661 id

220 2675 338 2721 ipsum
360 2672 508 2708 testibus
524 2670 749 2718 probaverit.

219 2719 317 2755 dotis
344 2718 524 2753 iacturam
569 2716 680 2758 acict‚
718 2725 784 2751 nec
815 2721 933 2751 tamen
961 2727 1035 2751 iam
1063 2716 1346 2763 antenuptialem
1374 2715 1608 2751 donationem
1635 2714 1846 2750 lucrabitur.
1901 2713 2004 2750 Haec

574 2761 653 2796 obis
673 2765 791 2796 autem
816 2760 1010 2796 admodum
1030 2761 1280 2808 intempestiva
1310 2771 1388 2797 esse
1407 2759 1581 2796 eiusmodi
1604 2759 1815 2795 constitutio
1840 2758 1990 2795 videtur.

222 2763 488 2800 Constantinus.

843 2675 856 2705 t
878 2671 911 2705 si
934 2670 1025 2723 quid
1043 2671 1219 2707 eiusmodi
1238 2671 1320 2716 siat,
1344 2675 1379 2706 et
1397 2671 1544 2717 impune
1567 2669 1735 2704 transibit
1758 2669 1886 2705 mulier
1909 2669 1960 2705 ad
1979 2670 2175 2706 secundum
2200 2670 2314 2706 virum
2337 2682 2453 2717 neque

2059 2715 2177 2750 uidem
2205 2716 2452 2752 sanctissimus

2075 2771 2133 2795 am
2160 2760 2292 2795 marito
2317 2760 2453 2796 bellicis

220 2809 376 2856 neqotiis
402 2811 582 2859 occupato
611 2806 719 2886 chiam
745 2806 878 2885 ιιωένίε
901 2806 1305 2887 μήυαίίοιιεζηίίζιῦεννε
1328 2816 1404 2858 nan
1425 2805 1545 2884 mino}-
1563 2809 1618 2840 est
1661 2814 1894 2885 οἱεςιῖιὲιοᾳνιιιὲίιὲισ
1906 2805 2184 2885 εςιῗὲἔιιιιέιίιηιέξῗεε
2201 2804 2303 2885 ssssssff
2311 2804 2450 2886 223⁸?

219 2853 643 2945 {gauziliaeemmssirssffioegt
677 2852 1617 2943 {eet-3325?zoyli-2325&zamayaiggnseffgaisstaeigss,
1630 2861 1706 2930 egel
1726 2905 1795 2940 per
1818 2893 1913 2929 alios
1930 2877 2061 2930 *verbis
2091 2905 2158 2929 usa
2179 2860 2238 2929 3111
2259 2905 2359 2937 eum,
2388 2862 2451 2931 ilie

220 2955 303 2980 vero
328 2949 392 2979 aut
411 2943 545 2978 diserte
572 2941 835 2977 renuntiaverit
865 2942 1015 2988 nuptias
1043 2942 1121 2977 eius
1151 2946 1215 2977 aut
1246 2941 1392 2977 omnino
1419 2940 1591 2982 tacuerit,
1623 2950 1667 2975 ac
1692 2942 1766 2975 tum
1790 2940 1872 2986 ipsa
1891 2939 2061 2990 *notitiam
2085 2940 2162 2975 eius
2183 2939 2238 2975 rei
2259 2939 2451 2986 pertulerit

219 2989 275 3025 vel
296 2988 346 3025 ad
394 2986 670 3024 loriosissimum
694 2986 907 3032 nzaqistrum
927 2986 1079 3022 militum
1103 2987 1162 3023 vel
1184 2986 1234 3022 ad
1254 2985 1486 3033 spectabilem
1510 2984 1635 3021 ducem
1659 2983 1715 3021 vel
1737 2983 1786 3019 ad
1803 2984 2044 3020 clarissimum
2069 2984 2262 3027 tribunum,
2285 2983 2352 3019 sub
2372 2985 2451 3031 qui-

218 3035 284 3070 bus
306 3034 356 3069 mi
369 3045 408 3069 es
430 3032 492 3068 ille
515 3036 578 3067 est.
637 3030 735 3066 Tunc
758 3031 851 3067 enim
881 3031 1099 3076 facultatem
1129 3032 1185 3067 illi
1215 3031 1378 3078 feminae
1400 3030 1529 3065 damus
1552 3034 1588 3066 et
1615 3029 1758 3065 litteras
1779 3028 1963 3076 supplices
1993 3029 2209 3076 imperatori
2230 3029 2454 3076 porrigendi

218 3084 254 3115 et
275 3078 360 3115 inde
382 3078 453 3114 hoc
474 3075 702 3124 impetrandi.
753 3074 904 3129 Quodsi·
914 3076 1005 3123 quid
1027 3076 1201 3113 adversus
1222 3076 1313 3112 naec
1334 3076 1479 3121 fecerit,
1511 3075 1606 3111 sciat
1628 3085 1667 3110 se
1693 3078 1877 3121 tamquam
1901 3084 1996 3120 quae
2008 3085 2265 3122 praepropere
2286 3075 2452 3121 nupserit

215 3124 345 3171 poenis
367 3123 446 3171 leqe
466 3122 615 3158 statutis
636 3121 832 3157 subiectum
855 3122 913 3157 ira.

267 3216 279 3247 1
307 3216 539 3257 Deportatlam
560 3233 603 3238 —
627 3215 647 3247 2
672 3210 907 3259 ἀπαγόρευσις
931 3210 1078 3255 MLBE]
1109 3215 1295 3258 Περιορισ-

217 3256 279 3300 μὸς
301 3255 323 3301 ἢ
345 3259 466 3304 ἑξορία
490 3259 526 3293 Β
553 3257 566 3302 ΙΙ
596 3259 616 3293 2
642 3271 690 3301 sq.
714 3254 759 3300 ἣν
782 3277 826 3283 -
849 3257 955 3302 νόμοι
986 3271 1045 3292 om.
1071 3259 1107 3292 Β
1137 3257 1151 3323 ῃ
1176 3260 1298 3300 aquaet

218 3305 527 3345 ngmuterdmtmna
545 3304 591 3338 M
606 3300 701 3336 αδάα
716 3304 808 3346 qemi
827 3303 926 3345 (aqua
944 3305 978 3336 et
1000 3303 1090 3346 ignis
1103 3304 1133 3337 L
1152 3306 1164 3345 )
1185 3299 1296 3346 iynter-

218 3348 369 3380 ‹hotlona
391 3350 421 3382 L
436 3349 449 3393 ΙΙ
468 3351 487 3382 3
509 3347 546 3382 οἱ
563 3344 739 3392 ἡμέτεροι]
762 3347 938 3392 οἰμέτεροι
961 3349 1009 3382 L¹
1031 3343 1196 3394 ἡμέτεροι
1215 3347 1264 3381 L²
1285 3345 1298 3392 ΙΙ

218 3394 238 3424 5
263 3389 403 3437 πρώην]
426 3396 514 3439 πρὶν
538 3392 602 3438 Bu
631 3395 920 3435 Κωνσταντίνῳ]
950 3394 1027 3428 cod.
1053 3396 1085 3435 5,
1114 3401 1155 3432 m,
1180 3400 1216 3428 24
1238 3394 1295 3435 (cs.

218 3437 417 3480 5,17,1)116
440 3439 507 3481 μὲν
530 3438 635 3472 ML
653 3438 666 3481 u
683 3440 701 3471 τ
727 3433 822 3478 οὐδὲ]
848 3433 1071 3482 manus
1094 3438 1208 3472 acutae
1230 3438 1262 3471 L
1285 3435 1298 3482 u

222 3481 261 3513 12
284 3476 407 3523 νὸμον]
437 3484 512 3516 Cod.
527 3487 616 3524 5,17‚
630 3490 645 3517 7
665 3483 677 3523 ll
698 3485 735 3517 17
761 3479 989 3527 ἆφικνῦσθαι
1015 3482 1081 3527 Mn
1102 3485 1143 3518 19
1163 3494 1201 3517 τι
1223 3494 1296 3516 τοι·

218 3524 314 3566 view]
339 3526 399 3557 1¹00
420 3538 440 3562 e
468 3526 481 3570 fl
513 3530 552 3561 21
581 3523 645 3560 οὐκ
664 3529 719 3561 ἔτι
743 3523 785 3560 δὲ
808 3528 984 3570 Ser-imqer]
1008 3524 1134 3561 οὖκἸιι
1158 3528 1204 3562 Μ
1228 3537 1297 3560 non

218 3572 327 3601 tamen
340 3581 377 3610 ez
411 3570 470 3613 leq.
494 3568 534 3604 οὗ
552 3571 647 3615 uisu?
675 3572 689 3616 ΙΙ
717 3573 761 3606 28
785 3573 886 3618 πρὶν]
910 3570 1000 3617 πρὸς
1021 3573 1066 3606 Μ
1083 3571 1096 3618 ΙΙ
1126 3574 1170 3608 29
1195 3568 1298 3606 αὐτοὶ

219 3614 285 3691 Ma:
286 3613 308 3700 '1
323 3614 404 3647 haec
422 3615 611 3657 importuna
629 3617 762 3659 quidem
782 3617 827 3650 sit
850 3618 884 3659 (i.
897 3628 925 3650 e.
948 3613 1039 3660 αὕτη
1059 3614 1299 3660 διενοχλήσειε

218 3671 243 3703 μ
322 3670 342 3695 ς

1415 3215 1429 3246 1
1447 3222 1545 3254 quem
1556 3212 1591 3245 R
1602 3216 1614 3255 Ιρ
1627 3214 1647 3245 2
1660 3222 1760 3254 quam
1774 3222 1860 3254 aqua
1873 3214 1906 3244 et
1918 3211 1991 3254 igni
2005 3211 2093 3277 vulf.
2106 3211 2152 3255 114
2168 3211 2258 3244 enim
2269 3212 2303 3244 et
2329 3210 2449 3243 etenim

1368 3259 1400 3290 et
1422 3257 1490 3289 alia
1521 3257 1576 3300 Vl}
1596 3259 1615 3291 5
1640 3257 1759 3290 olemes
1781 3256 1829 3290 R·
1847 3256 1860 3301 fl
1879 3259 1899 3290 6
1924 3255 1998 3299 lege
2025 3256 2055 3289 R
2089 3254 2102 3300 Ι
2122 3258 2160 3290 10
2185 3257 2272 3289 rubr.
2325 3265 2343 3287 e
2366 3263 2447 3286 uxo-

1366 3301 1460 3335 ribus
1483 3300 1629 3334 militum
1654 3302 1689 3335 R
1713 3315 1774 3346 my.
1802 3301 1815 3346 Ι
1848 3303 1994 3342 nostrae]
2019 3303 2130 3334 autem
2161 3300 2222 3340 1⁷¹,
2255 3299 2317 3333 del.
2350 3298 2403 3332 1⁷⁸
2437 3298 2450 3344 ΙΙ

1370 3348 1410 3381 12
1435 3346 1541 3388 legem
1566 3350 1598 3379 et
1620 3347 1802 3379 seeundum
1815 3346 1850 3380 R
1867 3345 1880 3389 ss
1895 3347 1931 3379 in
1957 3346 2170 3390 expeditione
2190 3343 2242 3378 1⁷²
2263 3344 2364 3388 nula]
2384 3343 2446 3376 im-

1365 3391 1498 3434 peditus
1523 3391 1651 3425 RV¹T
1704 3394 1743 3426 15
1769 3391 1903 3424 effeetus
1926 3391 1990 3435 Ru
2018 3391 2058 3424 16
2080 3387 2231 3423 libellum
2255 3389 2333 3421 add.
2357 3389 2446 3432 vuly.

1362 3443 1440 3480 post
1460 3435 1554 3479 prius
1581 3435 1593 3480 ΙΙ
1622 3447 1642 3469 o
1669 3436 1784 3469 erendi
1808 3436 1842 3470 R
1871 3435 1884 3480 ΙΙ
1919 3438 1958 3470 17
1989 3432 2186 3468 testificandi
2207 3432 2255 3466 Β*
2281 3430 2295 3476 ΙΙ
2331 3433 2393 3465 hoc
2419 3434 2446 3465 si

1374 3481 1430 3524 Vn
1455 3482 1498 3515 20
1522 3480 1734 3514 donationem
1759 3494 1818 3515 om.
1843 3480 1877 3514 R
1902 3481 1915 3524 ΙΙ
1943 3480 2049 3521 Haeo]
2068 3479 2131 3511 hoo
2153 3486 2225 3520 oap.
2249 3477 2446 3510 innonatnm

1367 3527 1416 3559 est
1437 3535 1496 3568 per
1525 3526 1657 3559 constit.
1681 3535 1744 3561 1³11!
1768 3526 1824 3568 kp.
1849 3527 1864 3559 1
1891 3526 1999 3559 adser-
2021 3523 2204 3558 rubricator
2225 3521 2259 3555 V
2327 3523 2370 3556 22
2394 3522 2446 3555 ἰιι-

1365 3572 1495 3603 mutare
1519 3570 1568 3603 R¹
1598 3569 1612 3615 ΙΙ
1639 3572 1682 3606 26
1714 3570 1847 3613 qualem
1879 3569 1963 3611 ΒΤ]
1989 3576 2093 3611 ‘quam
2126 3566 2257 3610 Vvulq.
2325 3576 2445 3610 propo-

1365 3615 1471 3648 suerit
1493 3615 1528 3648 R
1545 3615 1558 3659 ΙΙ
1573 3617 1617 3650 29
1641 3617 1712 3657 aut]
1736 3615 1765 3648 si
1789 3616 1849 3648 ant
1872 3613 1990 3657 7130
2012 3610 2163 3646 absolute
2183 3610 2255 3643 eius
2280 3611 2446 3645 conticeat

1374 3659 1423 3694 V¹
1442 3659 1453 3702 ΙΙ
1470 3661 1512 3694 33
1535 3662 1616 3693 tuno
1641 3660 1728 3694 enim
1753 3658 1924 3693 licentiam
1944 3657 2030 3700 cuiq.
2048 3654 2062 3699 fl
2077 3655 2108 3688 ei
2130 3655 2177 3696 V]
2203 3668 2261 3689 om.
2277 3655 2410 3701 Rvulq.
2433 3656 2447 3702 ΙΙ

1367 3705 1411 3739 34
1433 3704 1523 3746 inde]
1545 3715 1614 3739 non
1636 3704 1685 3739 R·
1702 3703 1717 3748 Ι
1734 3706 1776 3739 35
1798 3704 1884 3736 citra
1904 3702 1985 3735 liaeo
2008 3700 2069 3743 ΒΙ
2086 3701 2226 3733 meraris
2248 3701 2295 3733 V*
