2618 4010
286 136 391 179 Nov.
422 135 523 178 VIII
551 150 611 191 pr.
1363 133 1419 182 54
1904 153 1966 186 ur
1994 153 2170 187 mmons
2198 155 2298 187 snm
2326 154 2506 196 Quoquo

281 244 375 291 ἑῴοις
392 250 629 294 πραιτωρίων
640 244 682 280 τὸ
701 243 877 294 δεύτερον,
896 245 969 283 ἀπὸ
989 245 1142 282 ὑπάτων
1159 251 1218 282 καὶ
1237 260 1363 296 πατρι-

281 296 367 335 utiq),
390 295 450 327 καὶ
474 293 642 336 Δομνίκῳ
665 292 719 335 τῷ
745 289 971 337 ἐνδοξοτάτῳ
995 291 1139 340 ἐπάρχῳ
1163 294 1243 328 τῶν
1266 293 1364 341 παρὰ

278 335 456 382 Ἰλλυριοῖς
477 339 725 384 πραιτωρίων.

326 383 408 418 Dat.
431 392 519 417 xvn.
537 382 575 417 k.
589 382 674 418 Mai.
690 382 759 418 GP.
774 382 946 419 Belisario
960 394 991 419 v.
1012 393 1042 418 c.
1064 393 1163 418 cons.
1211 386 1258 426 [a.
1271 387 1361 427 535]

806 577 833 610 H
1922 576 2017 614 VIII.
2176 581 2262 617 Con.
2288 581 2323 616 11
2346 581 2402 617 tit.
2427 583 2459 616 2.
2485 583 2505 616 3

279 642 338 694 Η
378 641 715 696 ΔΙΑΤΑΞΙΣ
760 642 938 695 ΠΕΡΙ
986 641 1130 695 TOY
1173 643 1360 696 ΤΟῩΣ
1397 645 1477 694 ⁵R
1531 644 1625 694 UT
1680 644 1956 695 immons
2016 647 2171 699 slNE
2225 649 2506 710 QUOQUO

278 709 676 764 ΑΡΧΟΝΤΑΣ
719 710 937 763 ΧῼΡΙΣ
975 710 1121 763 ΤΗΣ
1162 711 1358 764 ΟΙΑΣ-
1608 723 1994 774 SUFFRAGIO
2027 726 2235 778 FIANT
2263 729 2328 778 R.

395 778 547 831 OYN
579 777 849 831 ΔΟΣΕῼΣ
879 777 1245 832 ΓΙΝΕΣΘΑΙ.

276 853 312 892 ‘0
342 853 448 891 αὐτὸς
482 855 648 901 βασιλεὺς
676 854 826 904 Ἰωάννῃ
866 854 1011 901 ἐπάρχῳ
1048 861 1287 905 πραιτωρίων
1317 856 1359 893 τὸ
1541 857 1630 903 Imp.
1655 857 1873 893 Iustinianus
1899 859 1940 893 A.
1965 857 2117 894 Iohanni
2139 869 2199 905 pp.
2225 861 2391 898 secundo.

508 900 556 946 β’,
580 900 652 938 ἀπὸ
676 899 827 937 ὑπάτων
847 905 908 936 καὶ
932 907 1126 950 πατρικίῳ.

321 969 623 1017 (Προοίμιον.)
661 966 817 1004 Ἁπάσας
835 966 920 1014 ἡμῖν
939 966 1069 1016 ἡμέρας
1084 983 1125 1005 τε
1148 973 1208 1004 καὶ
1228 968 1360 1006 νύκτας
1376 974 1414 1006 10
1473 969 1755 1016 (Praefatio.)
1801 970 1931 1007 Omnes
1962 971 2067 1008 nobis
2090 971 2166 1008 dies
2189 982 2233 1008 ac
2266 976 2389 1011 noctes
2420 985 2506 1011 con·

277 1019 465 1060 συμβαίνει
499 1014 590 1058 μετὰ
625 1012 742 1057 πάσης
772 1013 970 1062 ἀγρυπνίας
1000 1028 1040 1050 τε
1071 1019 1132 1050 καὶ
1168 1014 1360 1064 φροντίδος
1427 1015 1532 1060 tingit
1561 1026 1642 1051 cum
1666 1016 1762 1051 omni
1791 1016 2040 1052 lucubratione
2070 1020 2107 1053 et
2138 1018 2352 1063 cogitafione
2379 1019 2507 1065 degere

276 1058 413 1108 διάγειν
435 1057 490 1094 ἀεὶ
519 1058 804 1104 βουλευομένοις,
834 1057 934 1096 ὅπως
965 1059 1011 1095 ἂν
1042 1063 1199 1108 χρηστόν
1229 1075 1266 1096 τι
1299 1064 1358 1096 καὶ
1429 1070 1569 1106 semper
1593 1061 1810 1106 volentibus,
1834 1066 1875 1097 ut
1898 1062 2033 1107 aliquid
2055 1063 2143 1098 utile
2166 1066 2203 1099 et
2225 1062 2372 1109 placens
2394 1064 2462 1101 deo
2485 1075 2507 1101 a

273 1102 426 1150 ἀρέσκον
450 1105 530 1148 θεῷ
555 1102 647 1151 παρ’
674 1102 778 1149 ἡμῶν
804 1108 878 1139 τοῖς
899 1102 1069 1160 ὑπηκόοις
1097 1104 1237 1150 δοθείη.
1285 1110 1358 1141 Καὶ
1426 1106 1529 1142 nobis
1548 1106 1778 1142 collatoribus
1802 1107 2034 1152 praebeatur:
2060 1111 2097 1143 et
2116 1108 2242 1144 nonin
2261 1117 2353 1144 vano
2371 1109 2506 1154 vigilias

274 1151 315 1185 οὐ
333 1148 514 1206 πάρεργον
535 1149 604 1194 τὴν
627 1147 830 1198 ἀγρυπνίαν
848 1149 1089 1196 λαμβάνομεν,
1113 1149 1194 1186 ἀλλ’
1216 1152 1264 1186 εἰς
1285 1165 1357 1186 τοι·
1427 1151 1608 1194 ducimus,
1641 1152 1704 1187 sed
1726 1152 1764 1187 in
1787 1152 1989 1189 huiusmodi
2018 1163 2080 1188 eas
2105 1153 2337 1198 expendimus
2360 1155 2508 1190 consilia

275 1193 384 1230 αὐτας
408 1194 523 1239 αυτὴν
546 1194 786 1240 ἀναλίσκομεν
805 1195 934 1240 βουλάς
953 1194 1218 1242 διημερεύοντές
1241 1211 1281 1231 τε
1299 1200 1358 1231 καὶ
1374 1201 1413 1233 15
1426 1199 1680 1242 pernoctantes
1723 1201 1759 1232 et
1800 1197 1967 1234 noctibus
2011 1199 2078 1234 sub
2122 1199 2339 1243 aequalitate
2373 1199 2508 1235 dierum

273 1241 376 1281 νυξὶν
400 1242 440 1275 ἐν
461 1241 530 1284 ἴσῳ
554 1244 632 1275 ταῖς
662 1240 807 1287 ἡμέραις
828 1239 1026 1289 χρώμενοι,
1057 1239 1144 1276 dien
1166 1242 1248 1277 τοὺς
1277 1240 1357 1287 ἡμε-
1427 1244 1585 1284 utentes,
1622 1245 1664 1277 ut
1691 1243 1808 1278 nostri
1841 1243 1993 1279 subiecti
2022 1244 2090 1279 sub
2121 1244 2217 1279 omni
2245 1243 2362 1289 quiete
2391 1244 2508 1281 oonsi-

275 1289 319 1320 τέ
340 1297 397 1320 ους
427 1282 603 1329 ὑπηκόους
625 1287 666 1320 ἐν
689 1283 871 1330 εὐπαθείᾳ
902 1288 1074 1333 γίνεσθαι
1105 1286 1220 1331 πάσης
1251 1301 1358 1335 φρον-
1427 1289 1527 1322 stant
1544 1287 1783 1323 sollicitudine
1801 1288 1952 1330 liberati,
1979 1289 2082 1325 nobis
2097 1289 2137 1324 in
2158 1293 2298 1326 nosmet
2319 1290 2418 1335 ipsos
2442 1300 2508 1335 pro

272 1300 370 1366 τίιξος
405 1328 715 1379 ἀπηλλαγμένους,
755 1328 776 1375 ἡ
805 1333 859 1366 ῶν
898 1332 945 1366 εἰς
986 1331 1132 1367 ἑαυτοὺς
1170 1332 1234 1367 τὰς
1267 1333 1359 1379 ὑπὲρ
1427 1332 1590 1368 omnibus
1629 1332 1882 1376 cogitationem
1916 1334 2204 1380 suscipientibus.
2264 1334 2334 1371 Per
2368 1345 2508 1371 omnem

272 1376 449 1412 ἁπάντων
482 1381 655 1424 μερίμνας
694 1376 762 1410 ἀνα
788 1380 979 1421 εχομένων.
1038 1377 1107 1411 Διά
1143 1377 1257 1421 πάσης
1289 1377 1357 1425 γὰρ
1426 1387 1579 1422 namque
1609 1378 1851 1414 curiositatem
1883 1382 1919 1414 et
1948 1379 2212 1424 inquisitionem
2242 1380 2411 1416 subtilem
2435 1380 2507 1415 dis-

273 1419 415 1469 ἐρεῦνης
446 1425 506 1456 καὶ
538 1419 717 1466 ζητήσεως
744 1420 826 1468 ἆκρι
852 1423 911 1456 οὖς
946 1421 1146 1476 ἐρζόμεθα,
1181 1423 1357 1471 πράττειν
1371 1425 1413 1457 20
1427 1423 1601 1457 currimus
1617 1422 1678 1457 illa
1694 1433 1800 1467 agere
1817 1428 2041 1469 quaerentes,
2065 1435 2158 1470 quae
2173 1424 2362 1461 utilitatem
2375 1426 2507 1461 nostris

273 1469 391 1502 ἐκεῖνα
411 1468 610 1510 ζητοῦντες,
634 1464 728 1514 ἅπερ
747 1466 814 1513 ὅφε
857 1479 873 1501 ς
890 1471 964 1502 τοῖς
987 1471 1168 1515 ημετέροις
1189 1465 1358 1511 ὑπηκόοις
1426 1468 1596 1503 subiectis
1631 1467 1887 1504 introducendo
1918 1470 2015 1505 omni
2048 1479 2110 1506 eos
2146 1480 2255 1506 onere
2287 1470 2442 1507 liberent
2470 1474 2506 1506 et

273 1510 455 1560 εἰςάγοντα
480 1511 617 1548 παντὸς
640 1509 766 1547 αὐτοὺς
786 1510 982 1553 ἀπαλλάξει
1006 1512 1136 1560 βάρους
1157 1516 1218 1546 καὶ
1242 1513 1357 1557 πάσης
1425 1512 1523 1549 omni
1546 1513 1675 1548 damno
1699 1514 1920 1550 extrinsecus
1943 1514 2062 1559 illato,
2094 1515 2187 1551 citra
2216 1515 2399 1561 publicum
2423 1526 2506 1552 cen-

273 1560 399 1603 ζημίας
417 1558 563 1598 ἔξωθεν
582 1559 851 1604 ἐπειςαγομένης
869 1557 967 1605 παρὰ
983 1558 1052 1601 τὴν
1069 1556 1248 1603 δημοσίαν
1263 1556 1355 1594 ἀπο·
1425 1569 1505 1594 sum
1528 1561 1566 1594 et
1587 1558 1718 1593 iustam
1741 1559 2002 1604 legitimamque
2025 1560 2262 1596 collationem.
2306 1561 2507 1596 Invenimus

271 1602 414 1651 γραφὴν
436 1605 495 1637 καὶ
518 1602 586 1646 τὴν
617 1601 763 1637 δικαίαν
785 1616 825 1637 τε
855 1606 915 1636 καὶ
945 1615 1093 1648 νενομισ
1121 1606 1207 1647 ένην
1234 1607 1354 1638 συντέ·
1425 1603 1518 1639 enim
1540 1603 1730 1648 plurimam
1753 1605 1948 1649 ingressam
1966 1605 2083 1641 causis
2106 1606 2328 1650 iniustitiam,
2353 1609 2391 1642 et
2412 1606 2507 1641 hanc

272 1648 383 1683 λειαν.
437 1645 663 1694 Εὖρίσκομεν
693 1647 760 1695 γὰρ
799 1646 935 1691 πολλὴν
967 1650 1080 1683 έπειςε
1104 1649 1248 1684 θοῦσαν
1281 1653 1355 1683 τοῖς
1369 1651 1409 1684 25
1423 1659 1496 1684 non
1531 1649 1633 1693 olim,
1670 1649 1732 1684 sed
1766 1660 1811 1685 ex
1843 1650 2054 1695 quibusdam
2083 1652 2304 1696 temporibus
2335 1650 2507 1687 violenter

272 1692 480 1740 πράγμασιν
499 1691 655 1734 ἀδικίαν,
683 1696 742 1726 καὶ
766 1692 903 1737 ταύτην
923 1692 985 1727 οὐκ
1014 1692 1176 1735 ἄνωθεν,
1207 1692 1288 1728 ἀλλ’
1315 1695 1354 1728 ἔκ
1423 1695 1618 1730 accessisse
1655 1698 1693 1730 et
1726 1698 1870 1731 nostros
1908 1695 2090 1732 subiectos
2125 1697 2171 1731 ad
2210 1696 2369 1742 inopiam
2409 1707 2506 1732 com-

270 1752 386 1773 τινων
416 1737 569 1786 χρόνων,
600 1741 825 1783 βιασαμένην
852 1737 934 1772 τοὺς
964 1736 1152 1785 ἡμετέρους
1180 1736 1355 1783 ὑπηκόους
1422 1739 1574 1819 guflsse,
1610 1742 1651 1774 ut
1685 1739 1731 1775 ad
1765 1740 1992 1776 novissimam
2025 1741 2098 1786 ipsi
2125 1742 2312 1787 penuriam
2343 1742 2507 1778 devenire

270 1787 331 1818 καὶ
353 1784 401 1818 εἷς
424 1787 556 1819 πενίαν
576 1782 808 1825 ἐλαύνουσαν,
833 1781 881 1818 ὠς
903 1784 952 1818 εἰς
974 1782 1204 1828 τελειοτάτην
1229 1783 1355 1819 αὐτοὺς
1450 1788 1685 1821 uctuarentur
1715 1789 1751 1821 et
1780 1795 1896 1831 neque
1925 1791 2099 1822 consueta
2127 1788 2165 1822 et
2195 1787 2352 1832 legitima
2373 1787 2508 1823 tributa

269 1826 427 1875 ἀπορίαν
450 1827 670 1864 κινδυνεύειν
694 1827 818 1863 ἐλθεῖν
839 1832 900 1863 καὶ
922 1827 1013 1874 μηδὲ
1041 1828 1087 1863 τὰ
1119 1829 1262 1873 συνήθη
1294 1833 1355 1864 καὶ
1423 1834 1460 1865 et
1490 1840 1556 1875 pro
1580 1830 1729 1865 veritate
1759 1831 1839 1875 pias
1868 1831 2069 1867 functiones
2099 1833 2295 1869 secundum
2323 1832 2507 1879 publicum

272 1877 510 1920 νενομισμένα
532 1876 610 1909 τῶν
639 1873 824 1919 δημοσίων
847 1877 906 1908 καὶ
929 1877 1007 1909 ταῖς
1038 1872 1227 1917 ἀληθείαις
1260 1872 1353 1909 εὗσε-
1369 1878 1410 1911 30
1424 1885 1572 1911 censum
1602 1875 1743 1920 possint
1767 1876 1844 1912 sine
1866 1876 2022 1912 maxima
2051 1877 2264 1913 necessitate
2293 1877 2506 1923 persolvere.

270 1922 352 1965 βῶν
375 1921 501 1967 φόρων
523 1918 616 1954 κατὰ
638 1918 706 1963 τὴν
730 1917 909 1965 δημοσίαν
926 1918 1143 1967 ἀπογραφὴν
1166 1918 1352 1955 δύνασθαι
1422 1920 1605 1965 Quomodo
1637 1921 1730 1956 enim
1760 1921 1920 1957 valerent
1952 1922 2159 1967 collatores,
2194 1933 2274 1958 cum
2308 1933 2353 1958 ex
2384 1923 2505 1969 aliquo

269 1968 377 2012 χωρὶς
405 1979 450 2011 με
473 1963 558 2009 άλης
580 1962 733 2012 ἀνάγκης
755 1965 913 1999 τιθέναι.
959 1967 1046 1999 Πῶς
1068 1964 1136 2012 γὰρ
1163 1962 1208 2000 ἃν
1230 1966 1354 2020 ἴσχυον
1422 1970 1580 2011 tempore
1610 1965 1844 2011 imperatores
1869 1977 2009 2012 semper
2032 1967 2166 2012 aliquid
2189 1967 2323 2004 lucrari
2346 1978 2391 2004 ex
2421 1978 2506 2014 pro-

269 2011 306 2045 οἱ
327 1978 513 2052 συντελζῒς,
538 2011 617 2045 τῶν
640 2023 680 2044 τε
703 2011 743 2044 ἔκ
766 2021 863 2044 τινος
885 2008 1014 2057 χρόνου
1037 2009 1353 2054 βεβασιλευκοτων
1421 2013 1526 2047 vectu
1548 2010 1706 2046 iudicum
1731 2012 1938 2056 cogitarent,
1970 2015 2006 2048 et
2028 2014 2155 2049 merito
2180 2013 2247 2049 hos
2271 2016 2507 2059 sequerentur

270 2055 327 2090 ἆεί
354 2068 392 2091 τι
422 2053 626 2100 κερδαίνειν
655 2057 693 2089 ἐκ
716 2056 778 2098 τῆς
801 2057 862 2090 ἐπὶ
884 2058 963 2090 ταῖς
985 2053 1107 2102 ἀρχαῖς
1141 2057 1354 2103 προαγωγῆς
1422 2056 1529 2092 etiam
1562 2056 1807 2101 gloriosissimi
1841 2057 2031 2103 praefectI,
2077 2068 2121 2093 ex
2155 2058 2226 2094 hac
2259 2058 2435 2095 iniustitia
2467 2061 2506 2095 et

269 2100 512 2147 βουλομένων,
548 2100 694 2136 εἰκότως
721 2114 761 2135 τε
791 2098 931 2135 τούτοις
962 2097 1269 2136 ἀκολουθούντων
1298 2103 1357 2135 καὶ
1372 2104 1413 2137 35

314 2193 399 2228 Νου.
429 2193 522 2227 VIII
542 2194 601 2233 (ε
628 2193 706 2227 Colt.
732 2192 778 2226 II
796 2194 842 2226 tit.
866 2194 897 2225 2.
919 2194 957 2226 3:
988 2192 1101 2236 yloss.)
1127 2193 1253 2228 Graece
1276 2200 1364 2227 extat
1381 2194 1414 2227 in
1437 2193 1479 2226 M
1501 2201 1531 2227 et
1556 2193 1604 2232 L;
1630 2195 1734 2228 maior
1753 2206 1835 2237 pars
1860 2195 1893 2228 in
1916 2195 1950 2228 Β
1975 2197 2006 2236 6,
2027 2202 2054 2236 3,
2075 2203 2172 2238 tsqq.
2195 2212 2241 2219 —
2263 2195 2354 2239 Epit.
2381 2195 2503 2230 Theod.

269 2252 299 2273 n.
324 2241 356 2278 8,
380 2239 542 2272 Albanas.
566 2241 599 2279 4,
625 2246 649 2271 ¹.
673 2257 717 2262 —
741 2238 864 2272 Iulian.
890 2245 989 2271 const.
1012 2238 1099 2271 XV.

270 2328 429 2364 Iohanni
451 2328 715 2375 qloriosissimo
734 2327 929 2374 praefecto
949 2338 1055 2362 sacro
1073 2327 1267 2373 praetorio
1289 2326 1448 2363 Orientis
1470 2327 1612 2370 iterum,
1637 2328 1829 2363 exconsuli
1849 2333 1884 2364 et
1899 2329 2075 2375 patricio,
2098 2334 2134 2365 et
2152 2329 2344 2366 Dominico
2364 2331 2502 2377 qlorio-

267 2375 408 2411 sissimo
429 2373 621 2421 praefecto
639 2372 834 2420 praetorio
858 2373 960 2420 apud
984 2371 1146 2418 Illyrios.

529 2575 616 2628 UT
644 2575 1134 2627 MAGISTRATUS
1165 2506 1547 2626 SINEVgILA
1584 2575 1999 2627 DONATIONE
2028 2575 2253 2628 FIANT.

603 2666 703 2703 Idem
727 2667 913 2713 Λυρκείας
937 2665 1097 2702 Iohanni
1119 2666 1317 2712 praefecto
1335 2666 1531 2712 praetorio
1554 2666 1704 2708 iterum,
1728 2666 1920 2702 exconsuli
1941 2671 1978 2702 et
1992 2666 2166 2713 patricio.

405 2735 666 2782 Praefatio.
717 2734 846 2771 Omnes
869 2745 937 2769 nos
960 2734 1037 2770 dies
1060 2738 1184 2770 noctes
1210 2746 1253 2770 ue
1277 2745 1357 2769 cum
1380 2733 1502 2769 multis
1524 2733 1559 2769 vi
1585 2732 1659 2768 iliis
1685 2739 1723 2769 et
1753 2734 1853 2769 curis
1881 2734 2037 2769 solemus
2069 2737 2184 2770 transi
2211 2745 2290 2778 ere,
2315 2744 2499 2782 perpetuo

269 2781 523 2833 deliberantes,
555 2780 735 2832 quomodo
759 2780 847 2815 utile
870 2779 959 2832 quid
987 2784 1023 2815 et
1047 2779 1149 2832 quod
1180 2791 1247 2831 ..eto
1274 2779 1423 2831 placeat
1449 2744 1681 2859 indsubditos
1711 2790 1735 2814 a
1766 2779 1871 2859 nobb's
1900 2779 2126 2859 οὲνιίεναίαν.
2173 2745 2499 2860 ᾕεᾳαςϋειιὸεἰοίυα

269 2825 851 2914 astitististgtf‘ttusstbi‘it
873 2824 1344 2906 ‚32²2ffl0tznz‘2'3225255025zz
1365 2834 1625 2920 Jttttfttznzz’
1638 2827 2500 2921 0512‘72500‘3m'iiiergtifnlgiiss‘fssssffssfft{2332

269 2927 377 2953 curas
397 2928 469 2964 pro
495 2916 659 2951 omnibus
681 2916 946 2962 recipientibus.
997 2915 1142 2951 Omnem
1162 2915 1256 2951 enim
1279 2914 1591 2960 investiqatzonem
1606 2918 1643 2950 et
1654 2914 1924 2961 inquisitionem
1944 2914 2150 2960 diligentem
2170 2914 2407 2958 adhibuimus,
2430 2914 2495 2950 illa

268 2975 290 2998 a
317 2973 377 2998 ere
399 2961 594 3003 studentes,
616 2973 710 3008 quae
732 2960 925 2997 utilitatem
948 2960 1101 2995 subditis
1117 2960 1252 2995 nostris
1272 2959 1434 2995 allatura
1457 2959 1555 2994 omni
1577 2970 1640 2995 eos
1664 2970 1773 2996 onere
1797 2959 1965 3006 omnique
1984 2959 2115 2995 damno
2140 2961 2367 2996 extrinsecus
2388 2959 2494 2996 illato

269 3008 292 3043 li
318 3012 419 3043 erent
436 3011 589 3054 praeter
606 3006 792 3053 publicum
817 3017 961 3042 censum
980 3010 1015 3041 et
1030 3006 1163 3041 iustum
1186 3009 1296 3051 atque
1320 3004 1516 3051 leqitimum
1541 3004 1723 3041 tributum.
1759 3002 1965 3041 Invenimus
1980 3004 2073 3041 enim
2085 3016 2145 3041 ma
2171 3016 2255 3041 nam
2278 3005 2317 3040 in
2330 3015 2390 3041 res
2399 3004 2494 3054 pub·

268 3054 358 3088 licas
381 3052 595 3087 iniustitiam
619 3052 827 3098 irrepsisse,
859 3062 1008 3097 eamque
1031 3061 1106 3086 non
1130 3051 1351 3096 antiquitus,
1375 3048 1440 3085 sed
1462 3049 1587 3096 aliquo
1611 3050 1742 3086 abhinc
1766 3054 1943 3097 tempore,
1975 3061 2071 3096 quae
2092 3061 2136 3086 su
2159 3050 2246 3085 ditis
2267 3050 2403 3086 nosm's
2425 3059 2494 3086 vim

266 3098 386 3145 faciat
416 3107 549 3143 eosque
572 3096 621 3132 ad
638 3101 896 3144 paupertatem
920 3096 1081 3142 rediqat,
1112 3100 1154 3131 ut
1170 3095 1376 3141 periculum
1399 3095 1466 3137 sit,
1495 3106 1541 3130 ne
1563 3094 1618 3130 illi
1641 3095 1691 3131 ad
1710 3099 1910 3132 extremam
1928 3107 1948 3131 e
1974 3099 2122 3131 estatem
2145 3094 2371 3131 deducantur
2390 3098 2428 3131 et
2447 3105 2494 3130 ne

268 3146 441 3179 consueta
498 3141 615 3178 uidem
645 3147 755 3188 atque
778 3142 938 3188 leqitima
969 3147 1005 3177 et
1034 3151 1161 3177 revera
1190 3141 1256 3187 pia
1289 3140 1424 3176 tributa
1456 3140 1604 3193 publica
1632 3139 1827 3176 secundum
1853 3139 1932 3188 pub
1948 3151 2043 3175 ecum
2074 3150 2218 3176 censum
2247 3139 2388 3176 solvere
2415 3139 2493 3175 sine

268 3199 326 3224 ma
354 3199 401 3223 na
425 3153 646 3233 dissficultate
663 3187 820 3234 possint.
868 3186 962 3222 Nam
982 3197 1063 3222 cum
1086 3189 1123 3222 et
1149 3186 1213 3232 qui
1232 3185 1357 3231 aliquo
1380 3185 1511 3221 ablunc
1536 3189 1696 3232 tempore
1718 3186 1945 3233 imperarunt
1960 3196 2103 3232 semper
2122 3184 2261 3221 lucrari
2282 3182 2424 3236 aliquia
2443 3194 2493 3233 ex

267 3244 311 3269 co
341 3233 464 3268 atione
482 3232 692 3278 officiorum
707 3231 897 3274 voluerint,
921 3236 967 3274 et,
984 3236 1025 3267 ut
1037 3243 1111 3278 par
1126 3235 1191 3273 est,
1216 3230 1471 3277 qloriosissimi
1486 3231 1675 3277 praejecti
1697 3242 1758 3267 eos
1779 3230 1891 3267 secuti
1905 3230 1990 3274 sint,
2009 3229 2191 3276 quomodo
2209 3240 2261 3266 ex
2273 3229 2344 3266 hac
2357 3229 2489 3264 iniuria

317 3328 329 3358 1
358 3321 565 3369 *δεύτερον1
588 3324 762 3369 τέταρτον
785 3324 816 3356 A
838 3323 850 3367 ΙΙ
874 3325 1078 3369 πατρικίων
1098 3324 1128 3356 Α
1150 3321 1202 3367 114
1224 3324 1346 3357 subscr.
1414 3324 1589 3366 scriptione
1615 3324 1760 3357 novellae
1783 3323 2007 3366 praecedentis
2027 3335 2089 3365 per
2112 3333 2249 3355 errorem
2280 3320 2488 3353 rubricatam.-

271 3383 326 3402 0m.
354 3371 382 3402 Α
403 3371 414 3412 ξ]
430 3381 504 3402 xvxi
528 3370 561 3402 k.
586 3369 666 3402 Mai.
691 3370 738 3402 M
754 3369 869 3409 (Ath.)]
891 3368 958 3403 kal.
980 3369 1058 3401 Mai.
1083 3368 1148 3401 Iul.
1171 3368 1228 3411 (cst
1253 3369 1300 3401 ad
1314 3370 1346 3406 ς)
1415 3380 1484 3401 cum
1507 3368 1716 3411 inscriptione
1733 3369 1827 3402 huius
1841 3367 1984 3401 novellae
2002 3369 2145 3409 conflata
2162 3364 2176 3409 ΙΙ
2197 3367 2233 3398 10
2256 3373 2294 3396 ae
2313 3365 2426 3396 noete·
2441 3363 2474 3397 V
2476 3364 2491 3384 ⁸

269 3416 354 3455 μηνὶ
387 3413 485 3456 μαΐῳ
520 3415 640 3448 Theod.
668 3413 681 3457 ΙΙ
711 3414 867 3446 Bilisario
899 3424 950 3446 uc.
984 3423 1090 3448 conss.
1113 3413 1172 3453 M,
1211 3409 1280 3447 ι’νὸ.
1310 3410 1345 3456 β’
1415 3413 1448 3446 in
1471 3424 1536 3445 ras.
1555 3411 1568 3454 ΙΙ
1586 3414 1626 3445 12
1651 3412 1796 3455 placeres
1817 3411 1896 3455 13¹1}
1915 3413 1954 3445 13
1980 3409 2234 3444 collocatoribus
2256 3409 2290 3442 R
2312 3407 2326 3452 Ι
2351 3417 2419 3459 non
2440 3411 2488 3460 m]

272 3455 423 3500 ὑπατείᾳ
448 3457 657 3503 Βελισαρίου
682 3459 814 3500 Theoti„
844 3456 1018 3492 ὑπατείας
1042 3455 1253 3503 Βελισαρίου
1277 3455 1346 3491 ἰνδ.
1414 3468 1479 3489 n·-
1507 3457 1544 3490 V
1546 3461 1564 3479 ⁶
1593 3457 1606 3501 ΙΙ
1636 3460 1675 3492 14
1710 3458 1851 3491 dicimus
1873 3457 1907 3491 R.
1932 3455 1945 3500 ss
1973 3459 2014 3491 16
2048 3457 2179 3489 utente·
2202 3461 2232 3487 et
2252 3454 2302 3505 ‘17
2333 3452 2429 3485 nobis
2452 3464 2488 3486 m

270 3500 302 3544 β’
319 3504 395 3535 ΔιΙι.
416 3504 462 3546 {19
487 3507 691 3549 πατρικίων
704 3504 751 3537 Μ
762 3503 775 3548 11
795 3505 834 3537 12
854 3502 1082 3547 βουλομένοις
1103 3504 1155 3539 Le
1169 3503 1182 3546 ΙΙ
1203 3505 1244 3537 14
1264 3500 1346 3536 τὸσ·
1411 3502 1519 3545 suppl.
1547 3501 1584 3535 V
1587 3502 1603 3522 ²
1630 3504 1663 3536 in
1686 3510 1770 3546 spat.
1796 3514 1867 3537 vac.
1892 3501 1905 3544 ΙΙ
1928 3502 2074 3543 quietate
2090 3500 2124 3534 R
2141 3497 2155 3543 ΙΙ
2172 3499 2215 3550 17.
2237 3497 2382 3549 hbennt
2405 3498 2453 3531 R¹
2475 3500 2488 3544 fl

271 3544 422 3579 αὐταςΕ
440 3548 452 3590 u
472 3552 506 3581 17
533 3549 633 3591 πάση
653 3551 728 3593 leqit
745 3560 765 3585 ς
780 3548 792 3593 ΙΙ
811 3550 849 3583 27
877 3548 1159 3592 εἰσβιασαμένην
1182 3549 1242 3581 καὶ
1265 3545 1347 3581 τοὺς
1415 3549 1456 3580 18
1479 3548 1682 3588 cogitatione
1711 3548 1748 3582 V
1769 3547 1994 3589 cognitionem
2017 3546 2050 3579 R
2076 3543 2091 3588 Ι
2120 3545 2159 3577 19
2182 3542 2378 3595 discutimus
2400 3542 2438 3576 V
2443 3543 2452 3563 ¹
2474 3546 2488 3630 υ

276 3593 323 3628 Le
351 3592 364 3634 ΙΙ
391 3593 434 3624 28
470 3595 529 3624 καὶ
556 3585 620 3627 om.⁸
646 3595 698 3630 Le
727 3593 740 3638 11
767 3595 809 3628 33
845 3591 1251 3637 καταβεβασιλευκότων
1273 3593 1305 3626 L
1333 3591 1346 3636 ss
1412 3592 1455 3625 22
1479 3592 1570 3624 omni
1594 3594 1628 3627 in
1652 3605 1719 3626 ras.
1746 3591 1783 3625 V
1787 3592 1802 3612 ²
1828 3591 1842 3637 ΙΙ
1869 3601 1999 3624 sensum
2021 3590 2071 3624 Β*
2100 3586 2114 3632 ΙΙ
2140 3589 2183 3622 23
2209 3590 2333 3639 rustum
2355 3586 2457 3639 RVYJ

272 3640 314 3671 34
334 3637 611 3682 προσαγωγῆςῦ
626 3637 639 3682 ΙΙ
658 3642 699 3673 35
718 3636 986 3681 βουλευομένων
1000 3638 1131 3681 leqitc?
1147 3637 1160 3683 ΙΙ
1177 3649 1218 3671 τι
1229 3651 1255 3671 ε.
1269 3637 1344 3671 v.L
1411 3635 1624 3670 coll-tionem
1650 3637 1688 3671 V
1692 3637 1703 3658 ¹
1771 3638 1814 3682 29
1838 3635 2020 3669 functionis
2041 3633 2094 3668 R⁰
2120 3634 2307 3665 :nonanes
2329 3633 2486 3684 (sanctio-

273 3697 1347 3708 --—-—-————————————-—
1411 3681 1507 3721 nesl)
1530 3681 1566 3715 V
1571 3683 1581 3702 ¹
1607 3682 1620 3725 ΙΙ
1643 3684 1686 3716 30
1711 3681 1770 3725 leq.
1797 3680 1955 3723 possent?
1972 3679 2040 3724 1131
2065 3675 2181 3710 ualent
2204 3677 2237 3709 R
2254 3676 2268 3721 ΙΙ
2291 3676 2486 3711 conatione·

318 3730 337 3762 6
365 3728 392 3760 F
398 3727 517 3767 IANT]
543 3727 608 3759 dat.
633 3727 677 3761 kl.
703 3729 789 3761 mod.
814 3730 879 3762 uic.
904 3732 1006 3764 const.
1031 3729 1067 3762 ΙΙ
1093 3731 1170 3764 add.
1196 3728 1239 3770 V,
1269 3729 1342 3762 sub·
1411 3726 1460 3759 R¹
1484 3727 1496 3772 fl
1520 3728 1561 3762 34
1586 3727 1698 3769 etiam]
1721 3725 1759 3759 in
1784 3727 1832 3760 Β*
1855 3726 1869 3767 fl
1894 3727 1945 3767 ex]
1969 3726 2002 3758 et
2024 3732 2064 3757 ex
2087 3721 2125 3757 V
2133 3722 2148 3767 ΙΙ
2165 3726 2197 3755 et
2221 3733 2259 3755 ex
2284 3722 2434 3765 dampnis
2454 3723 2484 3758 V
