2586 3990
235 146 342 190 Nov.
373 141 508 187 CXVI
541 144 557 183 1
592 154 657 196 ep.

228 256 335 290 οἴκοις
354 250 378 297 ἢ
400 249 569 296 κτήσεσιν
598 246 767 284 ὁπωςοῦν
797 244 1098 295 προςεδρεύοντας
1126 251 1190 282 καί
1207 259 1310 283 τινας

230 297 348 334 αὐτοῖς
370 295 554 332 ἰδιωτικὰς
576 293 648 338 πλη
672 295 803 330 οὖντας
824 297 959 350 χρείας,
984 289 1074 328 aisn
1096 292 1192 337 εἰμὴ
1209 292 1311 328 ἐντὸς

228 344 374 386 triginta
404 341 540 376 dierum
570 307 798 384 areogecpu'ac
827 339 1111 386 αριθμουμένων
1143 334 1218 372 ἀπὸ
1248 338 1312 391 τῆς

228 387 321 423 κατὰ
343 385 462 422 τόπον
485 386 681 430 ἐμφανείας
703 385 767 428 τῆς
789 385 971 440 παρούσης
1001 380 1106 427 ἡμῶν
1130 379 1311 418 διατυπω-

228 444 317 467 σεως
339 431 486 466 τούτους
509 427 786 470 ἆποδιιόξουσιν,
811 442 849 463 αι
871 430 939 473 μὲν
963 424 1088 462 αὐτῶν
1110 427 1188 461 τῶν
1213 426 1311 470 ἐχόν-

227 490 305 512 των
337 473 465 511 αὐτοὺς
495 471 517 518 ἢ
549 470 785 519 κρατούντων
815 469 935 507 οὐσίαι
965 470 1133 517 δημεύσει
1156 468 1312 516 ὑποβλη-

228 523 354 557 θεῖσαι
373 522 427 563 τῷ
453 518 614 564 δημοσίῳ
637 517 1028 564 προςκυρωθήσονται,
1063 513 1166 551 αὐτοὶ
1190 515 1231 551 δὲ
1252 519 1312 550 καὶ

227 568 305 601 τῶν
335 563 559 610 ἀξιωμάτων
589 567 650 598 καὶ
678 564 756 598 τῶν
787 564 989 610 στρατειῶν
1020 559 1149 598 ὁποίας
1172 563 1313 605 ἔχουσιν

229 612 502 654 ἐξωθήσονται,
537 608 572 663 οἱ
607 607 647 643 δὲ
680 609 905 651 στρατιῶται
942 611 1003 643 καὶ
1037 605 1246 662 φοιδερᾴτοι
1280 605 1314 640 οἱ

1298 132 1383 181 550

1377 245 1484 282 nibus
1519 246 1583 280 aut
1613 244 1916 290 qualitercumque
1949 244 2178 281 observantes
2213 246 2250 278 et
2285 241 2458 287 quasdam
2516 223 2519 226 ¹

2410 3 2412 8 ,
2429 0 2586 21 „urz-...45

2425 18 2428 21 ·
2437 14 2524 31 ἱσῑ.

2454 32 2489 49 ³⁴,ss

1379 291 1430 326 eis
1452 289 1618 335 proprias
1641 289 1818 333 inplentes
1841 289 2028 334 utilitates,
2059 290 2155 336 quod
2178 288 2247 324 nisi
2276 288 2372 323 intra
2393 286 2456 321 tri-

1379 336 1478 381 ginta
1491 334 1626 369 dierum
1640 333 1848 369 dilationem
1861 337 2145 380 computatorum
2162 335 2207 369 ab
2220 331 2459 369 insinuatione

1406 390 1444 415 er
1472 380 1553 414 loca
1606 377 1779 414 raesentis
1808 381 1954 414 nostrae
1982 379 2223 425 dispositionis
2255 389 2316 414 eos
2347 387 2458 422 expu-

1346 429 1365 460 5
1395 424 1502 467 erint,
1535 390 1759 459 substantiae
1791 422 1931 475 quidem
1959 423 2165 461 habentium
2195 434 2257 460 eos
2289 424 2353 458 aut
2375 421 2458 457 reti-

1380 469 1540 506 nentium
1571 468 1809 514 publicationl
1840 467 2022 504 subiectae
2050 469 2139 505 fisco
2171 469 2458 515 applicabuntur,

1381 515 1450 560 ipsi
1474 524 1557 550 vero
1581 518 1617 550 et
1640 513 1873 556 dignitatibus
1905 515 1941 548 et
1962 513 2096 550 militiis
2128 525 2218 560 quas
2241 515 2375 549 habent
2398 522 2458 547 ex-

1381 560 1569 605 pellentur,
1592 559 1718 594 milites
1744 568 1825 594 vero
1851 561 1887 593 et
1908 557 2084 594 foederati
2107 559 2168 604 qui
2191 559 2240 595 eis
2291 562 2347 595 ost
2371 557 2459 593 dila-

1382 605 1513 640 tionem
1537 604 1801 640 observaverint
1824 613 1897 639 non
1913 603 2027 639 solum
2049 603 2175 639 militia
2197 614 2261 649 spo
2291 604 2458 644 abuntur,

228 656 368 691 τούτοις
390 654 482 701 μετὰ
504 668 575 698 την
591 654 825 699 προθεσμίαν
850 655 1116 699 παραμένοντες
1140 665 1182 686 ov
1197 649 1314 696 μόνον
1330 654 1370 687 10
1383 650 1447 686 sed
1475 649 1582 685 etiam
1613 650 1737 684 ultima
1767 648 1996 684 sustinebunt
2026 648 2212 700 supplicia.
2260 648 2460 684 scientibus

228 703 290 744 τῆς
306 701 421 744 ζώνης
440 697 773 747 ἀφαιρεθήσονται,
806 696 897 733 ἀλλὰ
921 702 981 732 καὶ
1004 697 1069 732 τὰς
1091 698 1139 732 εἰς
1161 700 1315 740 ἔσχατον

229 745 452 792 ὑπομενοῦσι
482 749 673 790 τιμωρίας·
710 742 865 778 εἰδότων
894 747 953 777 καὶ
977 745 1054 778 τῶν
1077 742 1227 784 ἑκάστης
1252 744 1314 777 έπ-

229 796 353 837 αρχίας
376 788 577 836 ἀρχόντων,
602 788 650 824 ὥς
668 789 704 823 εἴ
721 800 815 824 τινες
838 785 1021 834 εὑρεθεῖεν
1040 790 1080 822 ἐν
1096 791 1170 822 τοῖς
1189 785 1315 822 τόποις

228 839 301 871 τοῖς
336 833 428 882 παρ’
451 833 575 870 αὐτῶν
598 835 827 879 ἰθυνομένοις
857 831 1126 888 ἢἏέπιτρόποις
1161 836 1257 867 τισὶν
1291 829 1315 876 ἢ

1384 699 1420 731 et
1441 695 1720 739 uniuscuiusque
1743 693 1948 739 provinciae
1970 693 2162 736 iudicibus,
2192 693 2274 738 quia
2297 694 2329 729 si
2351 692 2461 737 aliqui

1382 740 1608 776 inveniantur
1642 740 1680 775 in
1711 739 1801 775 locis
1838 748 1930 783 quae
1960 738 2005 773 ab
2036 738 2093 773 his
2123 738 2369 774 exactionibus
2399 741 2460 772 aut

1383 785 1645 822 convictoribus
1665 788 1728 820 aut
1748 783 1910 828 personis
1935 782 2112 828 aliquibus
2135 784 2199 818 aut
2218 783 2381 818 dominiis
2399 785 2462 817 aut

1382 830 1668 876 possessionibus
1707 834 1770 865 aut
1805 828 2022 873 quibuslibet
2057 828 2212 873 propriis
2246 827 2461 863 utilitatibus

229 881 432 935 προςώποις
455 878 602 924 ἢοῖκοις
625 876 648 923 ἢ
667 878 862 915 δεσπόταις
885 893 906 922 η
929 878 1098 922 κτήσεσιν
1121 874 1144 921 ἢ
1167 880 1245 931 ταῖς
1264 876 1314 911 οἱ-
1330 879 1370 912 15
1382 878 1641 922 permanentes,
1675 878 1709 910 et
1733 885 1804 909 non
1829 874 1991 909 celeriter
2018 873 2108 908 istos
2132 872 2464 917 comprehenderint

230 938 352 962 αιςουν
371 925 570 961 ἰδιωτικαῖς
585 928 717 970 χρείαις
736 923 1038 970 προςεδρεύοντες,
1062 926 1122 957 καὶ
1137 937 1186 968 μη
1205 933 1314 958 σπου-

230 970 341 1007 δαίως
363 971 511 1006 τούτους
534 971 697 1013 συσχιῦσί
723 982 763 1004 τε
791 973 852 1003 καὶ
875 973 1065 1014 τιμωρίαις
1088 965 1313 1012 ὑποβάλωσι,

229 1020 290 1052 καὶ
304 1017 387 1052 τοὺς
407 1018 477 1061 μὲν
500 1014 725 1061 στρατιώτας
748 1015 796 1049 εἰς
818 1013 901 1049 τοὺς
919 1012 1102 1059 ἀριθμοὺς
1125 1015 1314 1060 ἐκπέμψω-

1382 924 1420 956 et
1450 920 1635 966 suppliciis
1667 919 1905 962 subdiderint,
1939 924 1976 954 et
1999 918 2127 953 milites
2178 917 2296 952 uidem
2327 917 2373 952 ad
2394 927 2462 952 nu-

1382 976 1499 1002 meros
1523 976 1607 1001 suos
1631 965 1875 1000 transmittant
1897 964 1935 999 in
1958 964 2088 1008 quibus
2111 963 2155 997 m'
2173 963 2274 1004 itant,
2301 961 2462 997 foedera-

1382 1014 1439 1047 tos
1463 1021 1546 1046 vero
1579 1010 1625 1045 ad
1657 1010 1822 1055 proprios
1851 1008 2031 1054 optiones,
2064 1011 2099 1043 et
2128 1008 2199 1053 ipsi
2227 1006 2262 1041 X
2292 1007 2463 1043 librarum

229 1074 291 1097 σιν
321 1064 362 1096 έν
394 1061 445 1096 οἷς
477 1058 756 1106 στρατεύονται,
787 1058 869 1094 τοὺς
897 1057 938 1094 δὲ
966 1057 1199 1106 φοιδεράτους
1227 1058 1317 1104 πρὸς
1383 1057 1462 1092 auri
1491 1066 1643 1101 poenam
1674 1056 1869 1099 exigentur,
1903 1056 1940 1089 et
1967 1054 2114 1098 insuper
2145 1052 2248 1088 exilio
2276 1052 2464 1087 tradentur

229 1108 312 1142 τοὺς
335 1105 444 1142 ἰδίους
467 1103 657 1147 emmae,
691 1107 751 1139 καὶ
776 1101 880 1139 αὐτοὶ
903 1102 972 1139 ἀνὰ
1003 1104 1124 1140 decem
1147 1104 1315 1139 librarum
1330 1103 1372 1137 20
1384 1105 1510 1147 utpote
1553 1103 1695 1136 nostras
1740 1100 1916 1135 iussiones
1962 1100 2233 1144 praesumentes
2275 1098 2461 1142 negligere.

229 1152 309 1189 auri
329 1152 463 1195 ποινὴν
479 1149 826 1197 εἰςπραχθήσονται,
851 1153 912 1184 καὶ
932 1150 1022 1195 πρὸς
1037 1146 1179 1184 τούτοις
1195 1148 1317 1195 ἑξορία

231 1195 560 1243 παραδοθήσονται
586 1193 634 1230 ὦς
657 1196 736 1230 τῶν
760 1193 945 1240 ἡμετέρων
968 1193 1165 1229 κελεύσεων
1186 1193 1250 1229 τολ
1279 1191 1316 1237 ἠ-

231 1254 360 1278 σαντες
379 1240 564 1288 ἀμελῆσαι.
611 1239 734 1286 μηδεὶς
751 1244 874 1275 τοίνυν
893 1240 984 1285 μήτε
1001 1241 1095 1284 θείῳ
1117 1242 1191 1274 τινὶ
1209 1252 1315 1284 τυπῳ

231 1292 314 1343 περὶ
336 1286 467 1323 τούτου
491 1285 539 1322 ais
561 1286 655 1321 εἰκὸς
675 1289 859 1340 γενομένω
881 1287 973 1342 μῄτε
996 1284 1232 1332 προςτάξεσιν
1254 1282 1315 1330 ἆρ-

1383 1147 1497 1183 Nemo
1519 1147 1626 1190 igitur
1647 1156 1761 1189 neque
1781 1146 1896 1180 divino
1916 1144 2069 1190 quodam
2090 1149 2174 1189 typo
2191 1144 2234 1179 de
2250 1143 2320 1178 hoc
2339 1143 2464 1178 forsan

1383 1193 1482 1228 facto
1513 1201 1629 1236 neque
1686 1191 1862 1236 raeceptis
1891 1190 2049 1225 iudicum
2079 1191 2212 1231 utatur,
2243 1198 2309 1224 nec
2337 1187 2464 1232 aliquis

1385 1240 1589 1273 nostrorum
1606 1237 1642 1271 iu
1666 1247 1760 1272 icum
1777 1235 1978 1271 huiusmodi
2000 1235 2135 1280 aliquos
2150 1237 2256 1280 typos
2279 1237 2343 1269 aut
2361 1242 2463 1278 prae·

1386 1283 1567 1328 ceptiones
1591 1282 1748 1317 iudicum
1772 1281 1956 1326 suscipiat,
1981 1281 2043 1316 sed
2059 1291 2140 1316 cum
2164 1279 2259 1315 omni
2283 1278 2465 1314 celeritate

230 1346 378 1377 χοντων
399 1330 724 1388 (χρήσηται,,μηδέ
736 1343 789 1385 τις
806 1344 885 1366 των
901 1334 1086 1388 ημετέραζν
1110 1327 1317 1376 ἂρχόντων>
1331 1331 1372 1364 25
1384 1329 1513 1364 milites
1545 1327 1687 1373 quidem
1718 1328 1763 1364 ad
1786 1326 1951 1372 proprios
1976 1336 2153 1369 numeros,
2183 1324 2359 1360 foederati
2381 1333 2464 1358 vero

232 1379 412 1414 τοιούτους
448 1378 547 1412 τινὰς
578 1388 710 1412 τυπους
745 1390 768 1421 η
801 1377 1007 1422 προςταξεις
1041 1375 1185 1422 αρχικὰς
1213 1387 1315 1422 προς-

233 1423 396 1469 δέξηται,
422 1421 512 1458 ἀλλὰ
559 1422 624 1458 ετὰ
640 1422 757 1466 πάσης
778 1423 976 1466 ταχυτῆτος
998 1421 1035 1456 οἱ
1083 1423 1123 1455 ὲν
1138 1422 1316 1467 στρατιῶ-

231 1483 293 1505 ται
322 1470 371 1504 εἰς
400 1469 485 1504 τοὺς
513 1437 622 1503 igione
654 1466 830 1514 ἀριθμοὺς
864 1466 900 1502 οἱ
926 1465 967 1502 δὲ
989 1436 1199 1514 φοιέεράτοι
1227 1466 1317 1512 πρὸς

232 1516 315 1550 τοὺς
329 1515 472 1550 ἑαυτῶν
496 1511 670 1550 ὄπτίονας
693 1512 929 1548 ἐπανέλθωσι
952 1516 1013 1548 καὶ
1029 1510 1120 1558 ὑπὲρ
1144 1512 1222 1546 τῶν
1244 1525 1316 1546 κοι-

1385 1375 1432 1410 ad
1467 1383 1551 1409 suos
1589 1373 1750 1417 optiones
1785 1373 2010 1408 revertantur
2048 1375 2084 1406 et
2118 1381 2184 1416 pro
2220 1368 2465 1406 communibus

1386 1421 1524 1455 certent
1548 1419 1674 1454 rebus:
1711 1418 1809 1454 nullo
1833 1417 1937 1453 modo
1962 1417 2054 1452 enim
2086 1416 2129 1452 de
2153 1418 2271 1452 cetero
2300 1413 2464 1450 concedi-

1385 1474 1463 1501 mus
1498 1468 1639 1500 nostros
1676 1464 1804 1499 milites
1843 1466 1907 1498 aut
1940 1462 2144 1499 foederatos
2181 1461 2220 1497 in
2254 1458 2466 1507 quibusdam

1386 1510 1528 1546 omnino
1553 1508 1701 1555 privatis
1725 1508 1940 1545 utilitatibus
1962 1506 2143 1554 occupari.

232 1562 312 1596 νῶν
333 1557 592 1614 ἀγωνίσωνται
615 1559 854 1606 πραγμάτων.
901 1555 986 1615 κατ’
1005 1555 1136 1592 οὐδένα
1151 1556 1219 1604 γὰρ
1235 1555 1317 1603 τρό-
1331 1558 1373 1592 30

234 1618 307 1641 πον
340 1618 406 1641 του
435 1604 563 1640 λοιποῦ
596 1607 848 1652 συγχωροῦμεν
882 1615 964 1638 τους
994 1601 1183 1649 ἡμετέρους
1212 1614 1317 1648 στρα-

233 1651 367 1686 τιώτας
398 1647 421 1694 ἢ
456 1647 685 1697 φοιδεράτους
718 1649 758 1683 ἕν
791 1659 867 1684 τισι
900 1647 1087 1684 παντελῶς
1121 1646 1320 1683 ἰδιωτικαῖς

235 1694 527 1739 ἀπασχολεῖσθαι
547 1698 690 1741 χρείαις.

302 1740 399 1788 <Ἐπ
407 1745 423 1775 ί
428 1740 477 1776 λο
484 1741 586 1795 γος.)
638 1740 687 1774 Τὰ
718 1742 844 1774 τοίνυν
875 1739 1118 1795 παραστοξντα
1140 1737 1229 1793 ἡμῖν
1259 1741 1319 1772 καὶ

1432 1735 1694 1782 (Epilogus.)
1740 1735 1840 1780 Quae
1859 1735 1967 1780 igitur
1989 1734 2204 1780 placuerunt
2228 1733 2331 1770 nobis
2355 1736 2390 1770 et
2404 1743 2469 1779 per

236 1785 298 1822 διὰ
332 1788 397 1821 τοῦ
433 1797 614 1832 παρόντος
649 1783 851 1840 δηλοόμενα
882 1797 994 1829 νομου
1025 1798 1048 1828 η
1084 1783 1129 1838 σὴ
1161 1782 1318 1829 υπεροχὴ
1331 1784 1374 1819 35
1387 1784 1611 1827 praesentem
1650 1781 1840 1817 manifesta
1880 1784 1964 1816 sunt
2001 1780 2131 1825 legem,
2175 1783 2239 1815 tua
2277 1779 2469 1815 eminentia

234 1831 462 1879 γινώσκουσα
492 1832 585 1865 κατὰ
615 1833 683 1875 μὲν
714 1844 783 1873 την
813 1826 1012 1874 εὐδαίμονα
1041 1841 1180 1871 ταυτην
1209 1827 1319 1864 πόλιν

1389 1837 1607 1872 cognoscens
1631 1827 1668 1862 in
1692 1827 1760 1862 hac
1784 1826 1924 1872 quidem
1948 1825 2155 1861 felicissima
2180 1825 2320 1861 civitate
2343 1825 2468 1860 edictis

237 2011 370 2049 habere
397 2009 616 2047 studuerunt
644 2008 897 2059 qualicumque
929 2006 1037 2043 modo
1069 2006 1232 2043 detentos
1262 2009 1297 2042 et
1325 2006 1491 2053 privatas
1520 2004 1697 2051 quasdam
1729 2014 1862 2051 operas
1889 2004 1979 2051 ipsis
1995 2007 2247 2050 praestantes,
2278 2004 2350 2040 nisi
2371 2004 2470 2041 intra

238 2057 390 2104 triqinta
412 2055 552 2091 dierum
574 2053 734 2101 spatium
756 2053 801 2088 ab
825 2052 1071 2088 insinuatione
1097 2051 1303 2098 praesentis
1326 2050 1593 2086 constitutionis
1616 2052 1765 2085 nostrae
1794 2050 1834 2084 in
1856 2060 1899 2085 eo
1924 2049 2004 2084 loco
2036 2050 2143 2095 facta
2166 2049 2470 2086 numerandorum

238 2113 301 2140 eos
316 2101 539 2149 eoepulerint‚
564 2099 660 2135 bona
677 2109 801 2134 eorum
826 2097 889 2143 qui
905 2108 967 2133 eos
983 2096 1116 2132 babent
1135 2100 1200 2132 aut
1215 2096 1376 2132 detinent
1390 2095 1638 2142 publicationi
1658 2094 1817 2130 subiecta
1837 2094 1928 2140 fisco
1945 2094 2128 2130 addietum
2146 2095 2204 2136 iri,
2229 2095 2330 2141 ipsos
2352 2099 2470 2131 autem

238 2146 478 2194 diqnitatibus
503 2148 540 2181 et
561 2143 698 2179 militiis
729 2153 821 2189 quas
845 2141 976 2178 habent
1004 2146 1154 2178 exutum
1177 2142 1244 2183 iri,
1275 2141 1407 2177 milites
1437 2151 1520 2178 vero
1551 2143 1587 2180 et
1606 2140 1821 2187 foederatos
1852 2139 1915 2185 qui
1930 2144 2023 2186 post
2043 2139 2275 2186 praefinitum
2300 2141 2472 2187 temporis

237 2193 397 2241 spatium
421 2189 523 2238 apud
544 2189 629 2225 illos
646 2192 887 2236 permaneant
918 2198 991 2222 non
1015 2187 1131 2223 solum
1161 2186 1306 2234 cinqulo
1333 2187 1521 2233 privatum
1544 2186 1610 2228 iri,
1642 2185 1707 2221 sed
1737 2185 1845 2220 etiam
1877 2191 2042 2221 extrema
2069 2185 2253 2221 subituros
2281 2196 2358 2222 esse
2384 2197 2471 2238 sup-

233 2238 351 2286 plicia
359 2249 374 2279 ;
407 2246 452 2272 ac
474 2236 594 2271 sciant
617 2235 725 2270 etiam
775 2233 958 2269 rovinciae
982 2234 1154 2279 cuiusque
1171 2230 1374 2279 praesides,
1399 2231 1431 2266 si
1455 2231 1519 2277 qui
1540 2231 1579 2265 in
1603 2230 1693 2266 locis
1715 2231 1778 2276 qui
1797 2230 1842 2265 ab
1862 2231 1952 2276 ipsis
1970 2231 2221 2276 qubernantur
2242 2231 2378 2267 inventi
2399 2235 2473 2267 sint

239 2283 295 2321 vel
310 2281 411 2330 apud
425 2283 693 2328 procuratores
716 2290 738 2314 a
754 2279 861 2325 iquos
883 2278 938 2314 vel
953 2278 1048 2313 alias
1065 2288 1247 2324 personas
1271 2276 1326 2313 vel
1341 2278 1379 2312 in
1402 2276 1565 2312 domibus
1588 2276 1647 2311 vel
1659 2275 1761 2322 apud
1783 2275 1947 2310 dominos
1965 2286 2089 2311 earum
2112 2275 2168 2311 vel
2183 2276 2221 2310 in
2234 2276 2471 2322 possessioni-

240 2329 305 2365 bus
327 2327 383 2363 vel
404 2327 443 2362 in
466 2325 784 2372 qualibuscumque
803 2323 960 2370 privatis
984 2324 1105 2369 operis
1129 2322 1279 2365 detenti,
1311 2321 1382 2357 nisi
1412 2332 1475 2357 eos
1506 2321 1640 2357 acriter
1662 2331 1742 2356 com
1788 2320 2000 2356 ebenderint
2030 2325 2067 2357 et
2095 2321 2288 2367 suppliciis
2317 2321 2470 2358 subiece-

239 2374 325 2416 rint,
356 2375 465 2418 atque
489 2370 619 2407 milites
642 2369 692 2405 ad
713 2379 881 2405 numeros
904 2369 941 2404 in
966 2368 1095 2414 quibus
1117 2368 1285 2409 militant,
1314 2366 1530 2414 foederatos
1554 2370 1673 2402 autem
1697 2377 1720 2401 a
1769 2366 1934 2412 optiones
1956 2376 2042 2401 suos
2067 2367 2340 2409 transmiserint,
2371 2367 2473 2414 ipsos

240 2429 384 2471 quoque
414 2416 591 2452 denarum
623 2414 798 2450 librarum
821 2413 905 2450 auri
933 2424 1089 2461 poenam
1117 2413 1370 2460 persoluturos
1400 2422 1476 2448 esse
1502 2422 1551 2453 ,ac
1575 2415 1772 2458 praeterea
1800 2411 1914 2446 eoeilio
1946 2411 2117 2446 traditum
2146 2411 2214 2454 iri,
2245 2411 2380 2458 quippe
2410 2412 2475 2458 qui

239 2465 417 2499 iussiones
439 2464 588 2497 nostras
619 2460 809 2507 neqleqere
832 2459 913 2495 ausi
935 2459 1017 2494 sint.
1064 2458 1179 2494 Nemo
1203 2458 1318 2503 iqitur
1349 2461 1414 2493 aut
1439 2467 1547 2493 sacra
1577 2456 1654 2491 ulla
1677 2456 1862 2491 sanctione
1893 2455 1938 2492 de
1961 2455 2030 2491 boc
2050 2456 2151 2501 forte
2174 2456 2251 2492 lata
2279 2461 2346 2492 aut
2364 2467 2471 2503 prae-

240 2509 355 2556 ceptis
377 2507 655 2553 magistratuum
679 2506 834 2551 <utatur‚
865 2515 952 2540 neve
975 2503 1071 2539 ullus
1094 2514 1143 2539 ex
1165 2503 1302 2539 nostris
1324 2501 1615 2548 maqistratibus>
1640 2500 1816 2537 eiusmodi
1837 2500 2040 2537 sanctiones
2063 2501 2122 2537 vel
2137 2505 2338 2549 praecepta
2360 2502 2472 2548 maqi·

239 2558 419 2590 stratuum
447 2550 642 2598 suscipiat,
676 2549 742 2586 sed
771 2561 851 2585 eum
883 2549 983 2585 omni
1009 2548 1192 2584 celeritate
1220 2552 1257 2584 et
1287 2548 1418 2583 milites
1448 2547 1499 2583 ad
1526 2557 1614 2583 suos
1644 2556 1813 2582 numeros
1841 2549 1878 2582 et
1905 2545 2093 2592 foederati
2120 2546 2171 2582 ad
2191 2557 2279 2582 suos
2309 2558 2330 2582 o
2360 2547 2474 2583 tiones

240 2601 470 2636 revertantur
492 2600 529 2632 et
547 2607 618 2643 pro
642 2595 750 2631 rebus
766 2594 926 2642 publicis
948 2593 1126 2630 dimicent.
1174 2593 1299 2639 Neque
1322 2593 1416 2629 enim
1439 2592 1514 2627 ullo
1537 2591 1644 2628 modo
1668 2592 1707 2626 in
1723 2594 1912 2638 posterum
1934 2591 2175 2637 permittimus
2204 2595 2245 2627 ut
2267 2592 2316 2627 mi
2330 2596 2397 2628 ntes
2419 2592 2476 2628 vel

239 2643 426 2691 foederati
446 2642 566 2677 nostri
574 2641 626 2680 jn
645 2640 729 2676 ullis
751 2640 897 2676 omnino
914 2639 1075 2686 privatis
1099 2650 1120 2674 ο
1149 2639 1221 2674 eris
1241 2641 1471 2684 occupentur.

378 2686 515 2735 Epilo
523 2697 619 2732 qus.
666 2684 766 2728 Quae
797 2685 911 2731 iqitur
944 2684 1048 2720 nobis
1076 2695 1102 2731 p
1120 2688 1298 2720 acuerunt
1331 2687 1366 2719 et
1396 2693 1468 2730 per
1501 2684 1727 2729 praesentem
1762 2681 1874 2728 leqem
1909 2680 2144 2716 declarantur
2180 2684 2242 2717 tua
2275 2682 2475 2718 sublimitas

291 2861 307 2893 1
325 2855 505 2898 ὁπωςοῦν]
529 2857 589 2889 aut
603 2855 890 2898 qualitercumque
907 2865 927 2890 ς’
952 2853 964 2897 ΙΙ
988 2854 1008 2887 2
1025 2849 1127 2895 aisn]
1152 2854 1212 2896 leq.
1227 2848 1301 2887 aie?
1316 2852 1329 2898 [Ι

244 2906 264 2939 3
289 2904 430 2945 triginta
446 2902 575 2934 dierum
589 2902 648 2943 M]
671 2902 838 2946 τρίγιντα
862 2896 1020 2943 διεροῦμ,
1046 2911 1113 2932 s.v.
1139 2893 1169 2931 λ’
1183 2893 1330 2942 ἡμερῶν

245 2950 277 2984 L
295 2949 308 2993 ss
323 2951 345 2984 4
356 2946 450 2982 κατὰ
462 2944 581 2981 τόπον
593 2947 652 2988 Μ]
676 2943 769 2979 κατὰ
784 2943 851 2978 τὸν
866 2943 985 2978 τόπον
1002 2944 1032 2976 L
1049 2943 1062 2986 ΙΙ
1081 2944 1101 2977 6
1116 2938 1247 2977 οὐσίαν
1263 2943 1295 2976 L
1318 2943 1330 2983 ΙΙ

248 2996 267 3030 8
291 2992 477 3038 στρατιῶν
500 2991 548 3026 Μ
563 2991 576 3035 ΙΙ
603 2993 644 3026 12
669 2987 888 3034 ὑπομένωσι
911 2990 942 3022 L
959 2988 972 3032 ss
999 2990 1041 3022 14
1059 2987 1275 3031 ἰθυνομένης
1299 2988 1329 3020 L

247 3038 474 3073 exactionibus
490 3049 510 3074 ς
520 3035 533 3083 ΙΙ
545 3035 755 3082 ἐπιτρόποις
768 3035 810 3077 L,
823 3036 866 3076 ef.
877 3037 908 3075 ς]
933 3034 993 3068 ἐπὶ
1009 3029 1136 3068 τόποις
1151 3034 1196 3067 Μ
1205 3034 1217 3076 ΙΙ
1233 3034 1331 3067 τισὶν

247 3081 270 3128 ἢ
293 3081 502 3129 προσώποις
525 3082 584 3124 Μ]
608 3082 707 3114 τισὶν
729 3077 752 3123 ἢ
776 3079 908 3125 ἑτέροις
930 3078 1074 3123 (ἑτέροις
1098 3080 1160 3112 del.
1187 3091 1224 3112 m.
1250 3079 1279 3119 1)
1307 3073 1332 3120 ἢ

247 3125 458 3176 προσώποις
475 3128 508 3161 L
531 3129 591 3160 aut
612 3126 764 3170 personis
787 3124 958 3166 aliquibus
982 3134 1011 3160 e.
1050 3124 1093 3157 In
1117 3125 1180 3157 hac
1203 3135 1278 3157 voce
1302 3130 1332 3156 ει

249 3176 399 3218 deinceps
416 3173 606 3207 enumeratis
623 3171 807 3214 corruptela
825 3170 917 3208 latet3
940 3171 1049 3212 utique
1065 3169 1173 3202 malim
1190 3165 1214 3211 ἢ
1229 3177 1331 3213 προς-

249 3217 361 3254 ώποις
388 3214 410 3261 ἢ
434 3214 627 3251 δεσπόταις
658 3216 700 3249 ἐν
723 3214 831 3248 οἴκοις
862 3211 884 3256 ἣ
906 3211 1053 3257 κτήσεσι
1075 3215 1153 3247 ταῖς
1177 3211 1332 3247 οἱαιςοῖιν

250 3264 320 3298 nvi.
336 3264 350 3307 Η
371 3266 411 3297 15
427 3259 450 3305 ἢ
466 3262 574 3296 οἴκοις
590 3274 647 3295 om.
662 3273 682 3298 ς
698 3261 711 3305 ΙΙ
728 3257 934 3300 δεσπόταις]
951 3258 1107 3292 dominiis
1124 3271 1143 3295 ς
1160 3263 1173 3303 ΙΙ
1192 3262 1230 3295 17
1245 3255 1331 3292 ὑπο-

251 3306 420 3353 βάλλουσι
441 3309 472 3341 L
487 3309 500 3350 ΙΙ
522 3308 562 3341 18
583 3305 644 3348 εἰς]
668 3307 728 3339 καὶ
751 3305 799 3338 εἰς
820 3305 851 3338 L
868 3305 880 3348 u
897 3302 980 3337 τοὺς
1002 3300 1194 3350 ἀριθμοὺς]
1218 3313 1333 3337 nume-

253 3366 304 3387 ros
328 3364 404 3387 suos
427 3365 446 3390 ς
470 3354 525 3396 (cf.
553 3353 607 3394 28)
635 3352 648 3395 ΙΙ
678 3351 923 3394 ἐκπέμψουσιν
948 3350 993 3382 M
1015 3348 1028 3393 ΙΙ
1061 3351 1100 3383 19
1125 3345 1334 3394 φοιδερᾶτο-

275 3409 315 3432 ας
333 3399 360 3431 L
378 3398 391 3442 ΙΙ
408 3400 450 3433 20
468 3398 578 3430 decem
593 3396 756 3430 librarum
772 3394 847 3427 auri
861 3394 933 3436 Me]
957 3389 979 3427 ι’
994 3391 1130 3439 λιτρῶν
1146 3395 1176 3427 L
1192 3394 1204 3439 ΙΙ
1229 3395 1272 3429 23
1284 3406 1332 3436 sq.

253 3411 371 3486 εμηδὲ
385 3463 422 3467 —
437 3438 530 3487 μηδὲ
543 3442 614 3476 ML
631 3441 644 3486 ΙΙ
662 3443 704 3475 25
726 3439 920 3518 *χῖήσηται
932 3457 975 3463 -
988 3433 1181 3483 ἀρχόντων
1201 3446 1336 3484 propter

256 3489 519 3521 homoeoteleuton
539 3487 656 3521 omissa
675 3487 708 3521 in
726 3486 771 3519 M
816 3484 965 3528 supplevi
983 3496 1022 3517 οε
1038 3496 1057 3520 e
1083 3484 1223 3529 (χρῆται
1244 3480 1337 3528 μηδὲ

256 3533 362 3574 suppl.
386 3544 455 3565 cum
479 3533 676 3566 Haloandro
699 3530 799 3574 vulq.)
825 3528 839 3574 ΙΙ
864 3530 905 3563 28
931 3525 1181 3575 φοιδεράτοροι
1206 3529 1237 3563 L
1254 3529 1267 3572 ΙΙ
1293 3529 1336 3563 29

258 3571 440 3653 «inriguas
465 3577 495 3609 L
525 3576 538 3620 Ι
564 3578 607 3611 30
631 3574 877 3623 άγωνίσονται
902 3574 947 3607 Μ
950 3574 982 3608 L
1009 3573 1023 3618 Ι
1051 3575 1090 3607 31
1118 3566 1183 3608 τοῧ
1206 3571 1335 3609 λοιποῦ

259 3630 317 3653 om.

1467 2854 1482 2886 1
1510 2853 1570 2885 aut
1593 2850 1891 2894 qualitercumque]
1923 2851 1982 2882 aut
2006 2851 2067 2883 del.
2087 2850 2182 2883 Beck
2211 2849 2224 2895 ΙΙ
2251 2851 2271 2884 2
2295 2849 2366 2883 eins
2390 2850 2423 2884 T
2430 2850 2442 2872 ¹
2463 2850 2477 2896 ss

1397 2896 1487 2939 quod
1511 2896 1589 2938 nisi]
1612 2895 1678 2929 nisi
1702 2895 1760 2938 qui
1786 2896 1836 2928 Τ1
1855 2895 1868 2939 ΙΙ
1893 2894 2021 2927 dierum
2041 2894 2182 2938 triginta
2200 2896 2239 2937 T,
2263 2895 2392 2928 dierum
2416 2909 2474 2930 om.

1398 2942 1447 2975 Β*
1467 2942 1478 2984 ΙΙ
1495 2943 1514 2975 3
1527 2940 1758 2974 dilatationem
1775 2941 1810 2974 V
1823 2939 1999 2973 dilationes
2012 2940 2061 2973 R·
2073 2939 2322 3018 {fcomputatos
2341 2941 2376 2974 V
2389 2951 2476 2974 com-

1398 2989 1536 3029 putatus
1551 2987 1582 3020 R
1606 2987 1828 3029 computatam
1843 2986 1876 3019 Τ
1895 2987 2072 3028 computan
2097 2996 2193 3018 orum
2209 2987 2294 3030 vulq.
2311 2985 2325 3029 ss
2342 2987 2363 3020 4
2381 2996 2475 3029 prae-

1397 3031 1500 3065 sentis
1523 3031 1680 3075 temporis
1703 3033 1836 3064 nostrae
1859 3030 1909 3063 R¹
1923 3030 1939 3082 fl
1963 3030 2128 3073 expulerit
2151 3030 2213 3074 Ru
2238 3032 2259 3066 6
2277 3030 2477 3075 publicatio-

1398 3077 1452 3110 nis
1474 3077 1530 3122 Vss
1547 3079 1566 3111 'l
1590 3076 1658 3121 ipsi
1681 3089 1739 3110 om.
1754 3074 1874 3154 T¹a⁷8
1899 3075 2110 3109 dilectionem
2127 3075 2176 3109 R¹
2186 3075 2238 3110 V¹
2261 3076 2479 3110 deiectionem

1402 3122 1458 3165 ΤΙΙ
1485 3125 1504 3157 9
1529 3121 1792 3156 obser-iuuerunt
1869 3121 1881 3163 11
1907 3122 1947 3155 12
1972 3121 2012 3160 ab
2037 3121 2101 3162 his]
2125 3120 2179 3154 his
2203 3133 2262 3155 om.
2278 3121 2311 3155 T
2329 3121 2402 3163 (sub
2425 3121 2478 3154 his

1398 3170 1478 3200 sunt
1501 3168 1619 3212 vuiy.);
1644 3168 1732 3201 deest
1752 3167 1878 3200 verbum
1907 3166 1919 3208 ΙΙ
1947 3165 2156 3198 exactoribus
2178 3167 2263 3209 vulq.
2293 3165 2305 3210 ΙΙ
2338 3168 2375 3200 13
2400 3176 2477 3200 con-

1398 3211 1584 3246 uictoribus
1618 3211 1670 3246 Τι
1692 3211 1791 3255 vulq.]
1828 3210 2101 3244 coniunctoribus
2124 3212 2157 3244 R
2174 3210 2278 3251 VT²;
2315 3212 2376 3255 leq.
2399 3220 2476 3245 oon-

1401 3257 1595 3290 ductoribus
1610 3257 1666 3300 (cf.
1689 3257 1765 3291 cod.
1780 3257 1812 3298 4,
1830 3263 1877 3297 65,
1895 3263 1935 3290 31.
1954 3255 2030 3297 35)?
2045 3254 2135 3334 {kant
2150 3255 2303 3289 domibus
2323 3263 2398 3290 ante
2418 3256 2478 3288 aut

1400 3302 1557 3336 dominiis
1583 3303 1662 3336 add.
1685 3301 1781 3336 Beck
1803 3300 1816 3344 ΙΙ
1846 3302 1888 3335 14
1909 3300 2052 3334 utilitati
2076 3311 2116 3334 us
2139 3301 2285 3345 Rvulq.]
2309 3299 2475 3334 facultati-

1400 3346 1463 3380 bus
1485 3348 1549 3381 VT
1562 3349 1573 3390 11
1592 3348 1633 3382 16
1658 3348 1691 3380 et
1712 3345 1883 3388 supplitiis
1907 3345 2117 3379 subdiderint
2140 3359 2198 3379 om.
2211 3345 2288 3388 R¹fl
2308 3345 2348 3380 1‘1
2371 3345 2475 3377 trans-

1401 3393 1537 3425 mittant
1561 3393 1660 3435 vulq.]
1690 3390 1922 3424 transmittunt
1945 3391 2057 3424 RVT
2079 3390 2091 3434 ΙΙ
2122 3392 2164 3426 18
2187 3389 2337 3434 proprias
2358 3387 2451 3421 R’T

1401 3437 1575 3479 opiniones
1596 3437 1649 3471 Τι
1666 3436 1706 3489 lli
1749 3436 1777 3470 's
1801 3436 1848 3469 12¹
1866 3435 1880 3480 11
1906 3437 1946 3470 19
1968 3436 2101 3477 exigent
2120 3435 2244 3471 Vcorr.
2258 3435 2272 3478 Ι
2288 3434 2323 3466 et
2344 3445 2403 3466 om.
2417 3433 2450 3466 R

1400 3482 1445 3516 22
1469 3482 1631 3524 iudicum]
1664 3447 1814 3515 mfflum
1837 3481 2022 3524 suscipiant
2049 3478 2140 3558 T0Vfl
2166 3480 2281 3512 utatur
2303 3475 2355 3510 Β*
2376 3478 2475 3521 vulq]

1401 3527 1511 3559 utitur
1543 3527 1591 3560 13¹
1602 3527 1672 3561 VT
1695 3526 1709 3571 ΙΙ
1743 3527 1785 3560 23
1817 3526 2064 3569 ρηεοεαιίοῃοε
2134 3523 2186 3567 ¹·
2222 3522 2266 3557 24
2294 3522 2478 3564 suscipiant

1404 3572 1437 3605 T
1458 3571 1471 3615 ΙΙ
1499 3573 1540 3606 25
1563 3571 1746 3605 militantes
1770 3571 1862 3605 RT¹
1893 3570 1906 3615 Ι
1931 3570 2094 3610 foderato·
2117 3568 2209 3609 libri,
2238 3578 2320 3599 corr.
2345 3569 2429 3611 vulq.
2466 3567 2477 3610 ΙΙ

1403 3617 1445 3650 26
1470 3627 1543 3649 suus
1568 3618 1661 3659 libri,
1685 3629 1768 3651 corr.
1788 3616 1968 3650 Heimbach
1993 3613 2008 3656 Ι
2030 3614 2074 3649 27
2088 3612 2256 3646 uertentur
2272 3610 2375 3644 R¹T¹
2406 3622 2475 3645 cer-

1400 3663 1492 3694 tetur
1513 3662 1560 3695 V*
1579 3662 1592 3706 Ι
1608 3661 1704 3696 nullo
1727 3661 1816 3694 enim
1838 3659 1936 3694 modo
1961 3655 2116 3701 Teuta!
2137 3656 2180 3692 29
2201 3656 2358 3699 occupari
2381 3656 2476 3691 utili-

1400 3706 1526 3740 tatibus
1549 3707 1610 3751 Rfl
1635 3706 1678 3742 35
1702 3705 1913 3740 manifestata
1936 3701 2063 3747 thq.

2056 146 2116 178 ΠΤ
2143 126 2295 183 ’Νερυε
2324 107 2495 177 ω’
