2618 4010
306 131 414 174 Nov.
434 130 526 172 CVI
553 142 614 184 pr.

306 237 415 279 δαξας
435 237 514 283 γάρ,
538 239 677 282 Πέτρον
699 239 760 270 καὶ
780 233 990 283 Εὗλόγητον
1015 237 1192 271 ἱκετεῦσαι
1215 236 1257 272 τὸ
1274 237 1379 272 θεῖον

303 282 410 326 ἡμῶν
440 281 567 326 κράτος
595 284 654 315 καὶ
684 280 731 315 τὰ
760 278 854 315 καθ’
880 281 1025 316 ἑαυτοὺς
1048 279 1310 328 ἀφηγουμένους
1332 283 1377 317 εἰ·

305 330 397 368 πεῖν,
428 325 476 359 ὠς
498 325 655 360 εἰώθασι
678 324 885 371 ναυκλήροις
908 325 987 369 ἢτοι
1012 325 1180 371 ἐμπόροις
1203 324 1381 369 δανείζειν

303 374 458 415 χρυσίον,
479 373 538 404 καὶ
553 369 711 414 μάλιστα
726 374 800 405 τοῖς
816 373 855 405 ἐν
871 370 1041 418 θαλάττῃ
1057 371 1119 405 τὰς
1136 376 1380 418 πραγματείας

303 418 537 459 ποιουμένοις,
561 418 620 449 καὶ
643 412 782 458 ταύτην
805 417 899 458 ἐχειν
921 417 986 449 τοῦ
1009 419 1089 460 βίου
1112 415 1180 459 τὴν
1197 417 1265 461 πρό
1297 429 1380 451 ασιν

303 461 350 494 τὰ
381 463 454 494 τοῖς
483 458 697 495 θαλαττίοις
729 461 846 494 ταῦτα
877 458 1118 503 δανείσματα,
1154 458 1179 494 ἂ
1209 474 1253 494 κα
1292 464 1329 495 ἵν
1358 459 1378 495 ὁ

303 501 397 539 καθ’
417 502 510 559 ῄμᾶς
532 505 644 539 εἴωθε
667 504 776 549 νόμος
799 505 1006 546 traiecticia‚
1038 503 1235 540 δεδοικέναι
1257 503 1296 540 δὲ
1319 503 1380 539 αὗ-

302 550 385 584 τούς
400 561 450 584 ως
464 546 764 596 ἅμφιςβητήσεων
785 550 960 584 ἐντεῦθεν
981 547 1101 584 αὐτοῖς
1115 547 1380 595 ἀνισταμένων,

303 597 362 629 καὶ
387 593 533 629 δεῖσθαι
558 592 618 628 διὰ
642 596 750 629 τοῦτο
772 595 948 648 γενέσθαι
971 594 1132 641 φανερὸν
1155 595 1199 629 τὸ
1224 597 1380 640 κρατοῦν

1366 123 1482 189 503³-

2038 143 2098 173 DE
2127 136 2284 173 USURIS
2312 141 2517 174 NAUTICIS

1447 237 1540 272 enim
1559 237 1700 289 Petrum
1722 241 1758 273 et
1773 237 1962 282 Eulogium
1985 240 2206 286 supplicasse
2229 250 2353 276 sacrae
2376 243 2520 276 nostrae

1447 284 1614 326 potestati
1636 286 1673 317 et
1719 291 1757 317 er
1779 292 1819 318 se
1842 283 2049 329 explanasse
2072 285 2238 327 dicentes,
2263 285 2347 330 quia
2370 295 2518 322 consue-

1447 329 1694 378 veruntmauc
1709 326 1777 362 erls
1809 337 1873 363 seu
1902 329 2178 374 negotiatoribus
2207 335 2371 365 mutuare
2393 339 2520 366 aurum

1448 377 1484 406 et
1498 380 1650 406 maxime
1665 371 1702 406 iu
1718 371 1808 406 mari
1823 372 1966 416 negotia
1982 372 2206 419 facientibus,
2225 380 2262 411 et
2278 375 2371 410 hanc
2389 374 2520 411 habere

1416 419 1436 451 5
1449 416 1541 451 vitae
1575 415 1798 468 occasionem
1830 417 1922 462 (ipsa
1950 428 2032 454 vero
2063 420 2199 456 marina
2229 419 2363 456 credita
2393 430 2520 455 vocare

1448 466 1572 496 nostra
1596 465 1779 496 cousuevit
1801 461 1858 496 lex
1881 462 2108 508 traiecticia)‚
2141 468 2177 500 et
2199 468 2353 500 metuere
2377 474 2438 500 eos
2462 468 2518 500 ut-

1449 508 1532 551 pote
1563 505 1843 558 dubitationibus
1875 506 1959 542 hinc
1989 507 2039 543 eis
2062 511 2210 555 exortis3
2243 514 2408 555 oportere
2437 519 2519 554 pro·

1448 555 1572 595 pterea
1593 550 1668 586 fieri
1690 551 1934 595 manifestum,
1967 562 2057 596 quae
2086 554 2203 590 valeat
2225 564 2332 600 super
2355 554 2409 590 his
2435 565 2519 590 con·

1449 595 1610 639 suetudo,
1637 600 1677 631 ut
1701 599 1736 631 et
1759 605 1863 632 sacra
1886 598 2010 632 nostra
2032 597 2068 632 in
2091 597 2160 634 hoc
2181 599 2389 644 procederet
2411 599 2519 635 iussio

302 642 362 674 καὶ
398 641 458 675 ἐπὶ
492 639 632 674 τούτοις
666 640 768 684 ἔθος,
810 651 896 674 mera
935 643 994 674 καὶ
1031 641 1141 674 θείαν
1178 638 1282 684 ἡμῶν
1321 642 1379 674 ἐπὶ
1396 641 1436 674 10
1450 650 1539 685 quae
1563 640 1851 676 consuetudinem
1875 641 1921 676 ad
1945 642 2175 678 certissimam
2194 644 2339 680 duceret
2355 644 2515 680 formam.

302 683 427 739 ‘tou-tq
447 683 642 739 προελθεῖν
664 683 823 719 κέλευσιν
853 685 919 728 τὴν
949 684 992 719 τὸ
1016 685 1104 719 ἔθος
1132 686 1179 720 εἰς
1202 688 1379 731 σαφέστα-

302 742 368 764 τον
402 741 579 784 αγουσαν,
596 742 720 764 τυπον.
771 730 966 785 τοιγαροῦν
1000 728 1093 775 ἡμᾶς
1128 729 1383 777 ἐγκελεύεσθαί

303 787 360 809 σοι
382 788 450 818 την
472 776 535 818 τῆς
558 772 852 819 αμφιςβητήσεως
876 786 987 820 φυσιν
1009 775 1146 818 μαθεῖν
1169 777 1228 808 καὶ
1243 775 1381 818 ταύτην

303 821 351 854 εἰς
380 817 473 863 ἡμᾶς
500 817 660 874 ιίγαγεῐν,
700 816 788 854 ὥςτε
818 821 974 866 φανερᾶς
1002 818 1088 864 ἡμῖν
1118 823 1307 874 γενομένης
1338 819 1379 854 τὸ

1447 685 1572 731 Itaque
1587 696 1652 721 nos
1671 685 1854 729 delegasse
1873 685 1938 721 tibi
1959 686 2190 723 dubitationis
2210 693 2372 724 naturam
2392 700 2434 725 co
2458 700 2518 724 no-

1448 741 1548 766 scere
1569 736 1606 766 et
1628 731 1721 765 hanc
1744 730 1790 765 ad
1813 741 1878 766 nos
1908 730 2101 775 deducere,
2130 736 2303 777 quatenus
2332 701 2520 770 manitgesta

1449 775 1551 812 nobis
1569 775 1666 811 facta
1682 775 1776 820 quod
1792 775 1969 811 videretur
1983 776 2059 821 lege
2072 777 2428 822 comprehenderetur
2439 789 2518 824 per-

1448 823 1574 866 petua3
1606 825 1773 864 tuamque
1803 821 1950 865 gloriam
1979 821 2068 856 haec
2091 831 2113 856 a
2135 822 2238 857 nobis
2261 832 2364 867 agere
2386 823 2519 859 iussam

303 862 434 899 δοκοῦν
465 877 568 918 vome
599 863 808 918 περιλαβεῖν
840 863 1009 918 διηνεκεῖ·
1045 868 1105 899 καὶ
1135 879 1204 908 την
1233 866 1302 909 σὴν
1325 866 1380 899 ἐν·
1395 866 1434 899 15
1450 875 1664 901 convocasse
1687 865 1873 902 naucleros
1897 866 2025 910 quibus
2049 866 2137 902 haec
2158 869 2282 902 mutua
2297 878 2405 903 curae
2426 874 2519 911 sunt,

303 907 482 953 δοξότητα
501 923 618 944 ταυτα
636 910 772 954 πραξαι
796 907 884 955 παρ’
903 911 1006 954 ημῶν
1025 909 1281 944 κελευσθεῖσαν
1299 922 1379 944 συν-

304 958 450 1001 αγαγεῖν
483 955 566 989 τοὺς
600 954 832 1000 ναυκλήρους,
868 954 919 989 οἷς
955 953 998 998 δὴ
1036 954 1080 989 τὰ
1115 956 1268 989 τοιαῦτα
1303 957 1380 990 τῶν

304 997 560 1043 δανεισμάτων
582 999 688 1044 μέλει,
712 1003 772 1033 καὶ
796 999 989 1034 πυθέσθαι
1012 998 1122 1035 ποῖόν
1145 1012 1234 1034 ποτε
1257 1000 1300 1034 τὸ
1317 997 1380 1045 ἆρ-

302 1047 405 1087 χαῖον
435 1044 522 1079 ἔθος
549 1038 612 1099 ἦν·
649 1045 732 1079 τοὺς
762 1043 802 1078 δὲ
831 1048 891 1078 καὶ
922 1041 1031 1090 ὅρκον
1061 1045 1381 1090 προςεπιτιθέντας

1448 915 1483 945 et
1505 911 1760 954 interrogasse,
1792 921 1883 955 quae
1913 910 2103 956 aliquando
2134 912 2279 957 antiqua
2302 913 2519 948 consuetudo

1448 956 1534 999 fuit3
1551 956 1630 991 illos
1643 961 1761 990 autem
1773 959 1809 991 et
1822 956 2066 991 iusiurandum
2080 956 2272 992 adicientes
2285 957 2520 992 testimonium

1447 1001 1681 1045 perhibuisse,
1703 1001 1825 1036 modos
1843 1010 1920 1036 esse
1934 1002 2050 1037 varios
2066 1001 2188 1037 talium
2205 1005 2417 1044 mutuorum,
2441 1006 2477 1038 et
2490 1002 2521 1037 si

1449 1045 1587 1090 quidem
1611 1046 1786 1091 placuerit
1809 1045 2061 1089 creditoribus,
2086 1047 2122 1082 in
2146 1047 2292 1091 singulis
2316 1046 2437 1082 solidis
2460 1056 2522 1091 pe·

302 1093 496 1134 μαρτυρεῖν
519 1101 674 1135 τροπους
697 1089 789 1124 εἶναι
813 1088 992 1124 ποικίλους
1022 1091 1099 1125 τῶν
1121 1091 1298 1125 τοιούτων
1318 1088 1379 1124 δα·
1394 1091 1436 1124 20
1450 1092 1633 1126 cuniarum
1668 1100 1756 1136 quas
1791 1090 1951 1127 dederint
1986 1102 2094 1126 unum
2129 1091 2236 1127 tritici
2271 1091 2425 1127 modium
2460 1096 2523 1126 aut

302 1134 519 1179 νεισμάτων,
544 1135 650 1168 καὶεί
667 1136 732 1177 μὲν
752 1133 867 1176 δόξειε
890 1138 963 1169 τοῖς
983 1133 1200 1175 δανεισταῖς,
1221 1132 1280 1182 ἐφ’
1299 1133 1378 1169 ἑκά-

303 1191 379 1223 στῳ
411 1184 607 1224 νομίσματι
642 1181 717 1214 τῶν
747 1177 945 1225 χρημάτων
979 1176 1073 1227 ἅπερ
1108 1178 1153 1215 ἂν
1187 1178 1284 1215 δοῖεν
1315 1182 1379 1214 ἕνα

303 1228 404 1258 σίτου
433 1223 564 1268 μόδιον
595 1223 619 1268 ἢ
649 1225 779 1270 κριθῆς
810 1224 979 1270 ἐμβαλεῖν
1009 1227 1055 1272 τῇ
1085 1226 1165 1270 νηΐ,
1200 1229 1260 1259 καὶ
1291 1224 1380 1269 μηδὲ

301 1269 483 1315 μίσθωμα
512 1273 596 1324 τοῖς,
616 1268 796 1314 δημοσίοις
819 1273 987 1325 παρέχειν
1009 1268 1100 1317 ὑπὲρ
1132 1268 1243 1305 αὐτοῦ
1271 1269 1378 1304 τελεό-

1447 1136 1572 1171 hordei
1594 1136 1785 1181 imponere,
1815 1146 1929 1180 neque
1952 1136 2146 1172 mercedem
2171 1136 2324 1190 publicis
2352 1137 2523 1182 praebere

1447 1191 1512 1226 pro
1537 1191 1579 1216 eo
1594 1180 1808 1223 teloneariis,
1832 1181 1894 1216 sed
1915 1186 2085 1225 quantum
2106 1182 2151 1217 ad
2169 1192 2265 1227 ipsos
2283 1182 2360 1217 sine
2382 1182 2522 1217 teloneo

1448 1226 1614 1269 navigare
1637 1235 1762 1269 naves,
1787 1229 1823 1261 et
1844 1226 1939 1261 hunc
1962 1226 2093 1262 habere
2115 1227 2269 1262 fructum
2293 1236 2412 1262 earum
2433 1236 2521 1271 quas

1448 1271 1675 1307 crediderunt
1698 1271 1937 1316 pecuniarum,
1963 1276 2000 1306 et
2020 1272 2166 1317 insuper
2184 1271 2292 1324 etiam
2313 1282 2376 1317 per
2399 1272 2520 1307 decem

302 1325 397 1357 ναις,
433 1312 524 1349 ἀλλὰ
554 1327 615 1368 του
628 1328 668 1362 γε
698 1311 762 1350 ἐπ’
794 1318 914 1350 αυτοῖς
943 1312 1150 1371 ἀτελξόνητα
1180 1315 1302 1350 πλέειν
1332 1314 1377 1349 τὰ
1393 1315 1433 1348 25
1447 1326 1575 1352 aureos
1605 1327 1715 1351 unum
1745 1316 1928 1360 percipere
1958 1316 2071 1352 solum
2101 1327 2167 1362 pro
2194 1327 2331 1359 usuris,
2361 1317 2397 1352 in
2425 1317 2436 1351 i
2463 1326 2522 1351 sos

304 1361 438 1406 σκάφη,
469 1363 529 1394 καὶ
553 1373 685 1395 τουτον
713 1362 806 1403 ἔχειν
835 1360 975 1405 καρπὸν
1006 1374 1060 1395 ων
1084 1359 1275 1395 ἐδάνεισαν
1298 1374 1379 1407 χρη·

302 1404 443 1449 μάτων,
467 1408 527 1439 καὶ
545 1405 639 1458 πρός<
656 1418 696 1452 γε
716 1408 775 1439 καὶ
798 1405 890 1439 κατὰ
915 1403 1001 1439 δέκα
1023 1407 1171 1451 χρυσοῦς
1193 1408 1257 1440 ἕνα
1281 1409 1378 1449 κομί-

1447 1366 1565 1397 autem
1594 1361 1787 1397 creditores
1818 1361 1993 1406 respicere
2022 1372 2067 1397 ex
2097 1362 2279 1398 eventibus
2314 1362 2436 1407 pericu
2451 1371 2521 1396 um.

1447 1407 1485 1442 Si
1513 1417 1596 1442 vero
1626 1416 1696 1442 non
1725 1410 1867 1441 sumant
1889 1407 1982 1442 hanc
2005 1407 2095 1441 viam
2122 1407 2330 1450 creditores,
2362 1410 2522 1441 octavam

304 1450 436 1492 ζεσθαι
472 1451 588 1492 μόνον
621 1452 711 1496 νπὲρ
752 1448 874 1484 τόκων
910 1449 1015 1493 [καθ’
1053 1449 1209 1493 ἑκάστην
1245 1448 1379 1484 δεκάδα
1447 1457 1583 1497 partem
1615 1451 1799 1496 percipere
1829 1461 1895 1496 pro
1920 1451 2066 1495 singulis
2091 1452 2211 1487 solidis
2232 1452 2372 1486 nomine
2395 1461 2522 1487 usura—

303 1498 470 1551 χρυσίου]
502 1493 630 1529 αὐτοὺς
653 1493 694 1529 δὲ
715 1495 797 1529 τοὺς
819 1494 1010 1530 δανειστὰς
1036 1493 1127 1541 ὁρᾶν
1150 1497 1217 1530 τὸν
1241 1498 1279 1530 ἐκ
1302 1497 1379 1530 τῶν
1447 1508 1526 1532 rum
1550 1507 1622 1532 non
1645 1497 1682 1531 in
1700 1501 1839 1541 tempus
1860 1497 2002 1541 aliquod
2023 1500 2156 1532 certum
2172 1496 2436 1538 numerandam,
2460 1497 2522 1532 sed

305 1543 593 1585 αποβησομένων
615 1538 800 1575 κίνδυνον·
831 1541 862 1574 εἰ
879 1539 919 1574 δὲ
941 1539 1006 1583 οὐχ
1028 1540 1167 1575 ἕλοιντο
1199 1541 1266 1584 τὴν
1290 1538 1379 1575 ὁδὸν
1393 1541 1434 1574 30
1449 1543 1561 1578 donec
1580 1552 1686 1577 naves
1702 1544 1923 1576 revertantur
1938 1542 2068 1577 salvae.
2103 1541 2306 1578 Secundum
2322 1542 2392 1577 hoc
2404 1545 2522 1576 autem

303 1582 442 1637 ταύτην
465 1585 502 1619 οἱ
524 1583 764 1628 δανείζοντες,
788 1586 856 1628 τὴν
872 1582 1006 1632 ὀγδόην
1028 1589 1160 1630 μοῖραν
1182 1585 1380 1630 λαμβάνειν
1448 1588 1591 1623 schema
1611 1586 1782 1630 contingit
1797 1587 1919 1621 forsan
1940 1591 1976 1621 et
1994 1586 2031 1621 in
2050 1597 2181 1622 annum
2205 1586 2348 1622 extendi
2371 1591 2521 1631 tempus,

305 1631 395 1676 νπὲρ
410 1629 560 1664 ἑκάστου
579 1635 797 1674 νομίσματος
819 1628 974 1674 ὀνόματι
997 1629 1120 1665 τόκων
1143 1628 1207 1665 οὐκ
1230 1633 1277 1665 εἰς
1300 1631 1380 1676 χρό-
1449 1633 1479 1668 si
1502 1635 1641 1667 tantum
1670 1631 1758 1667 foris
1788 1635 1945 1666 moretur
1967 1632 2066 1667 navis
2092 1637 2131 1667 ut
2153 1637 2189 1667 et
2211 1642 2342 1667 annum
2366 1636 2429 1666 aut
2452 1636 2521 1665 ter-

304 1688 371 1710 νον
392 1675 478 1710 τινὰ
505 1676 618 1722 ῥητὸν
642 1673 934 1721 ἀριθμουμένων,
966 1672 1045 1709 ἀλλ’
1072 1678 1138 1710 ἕως
1169 1674 1217 1710 ἄν
1247 1674 1269 1720 ἡ
1294 1677 1381 1711 ναῦς
1448 1677 1563 1713 minos
1587 1682 1705 1712 sumat
1727 1679 1791 1712 aut
1813 1677 1918 1712 etiam
1941 1677 2182 1720 transcendat,
2210 1677 2315 1712 citius
2337 1680 2455 1712 autem
2479 1685 2522 1711 ea

305 1719 504 1755 ἐπανέλθοι
527 1723 749 1765 σεσωσμένη·
775 1721 867 1755 κατὰ
892 1722 998 1755 τοῦτο
1023 1719 1063 1755 δὲ
1086 1721 1129 1755 τὸ
1154 1722 1272 1766 σχῆμα
1296 1733 1381 1765 συμ-

303 1769 447 1811 βαίνειν
469 1765 556 1800 ἴσως
578 1769 637 1800 καὶ
661 1767 708 1800 εἰς
732 1765 901 1800 ἐνιαυτὸν
922 1766 1126 1809 ἐκταθῆναι
1149 1766 1218 1800 τὸν
1239 1765 1382 1811 χρόνον,
1396 1768 1437 1800 35

304 1811 405 1856 εἴπερ
435 1812 610 1845 τοσοῦτον
641 1811 714 1852 ἔξω
745 1809 966 1857 διατρίψειεν
993 1807 1016 1853 ἡ
1046 1812 1132 1845 ναῦς
1163 1809 1211 1845 ὠς
1234 1814 1292 1845 καὶ
1317 1811 1384 1846 τὸν

305 1855 475 1891 ἐνιαυτὸν
490 1854 514 1899 ἢ
529 1859 639 1901 πέρας
661 1855 785 1900 λαβεῖν
806 1853 829 1899 ἢ
852 1859 912 1890 καὶ
936 1854 1150 1900 ὑπερβῆναι,
1175 1856 1323 1891 θᾶττόν
1346 1869 1386 1902 γε

303 1968 398 2004 enim
416 1967 564 2003 Petrum
580 1971 617 2002 et
636 1965 852 2013 Euloqetum
868 1979 996 2003 sacrae
1007 1968 1187 2014 potestati
1199 1972 1346 2003 nostrae
1361 1967 1586 2013 supplicasse
1605 1967 1781 2012 rebusque
1795 1967 1871 2002 suis
1886 1967 2063 2011 expositis
2081 1967 2218 2003 dixe‘sse
2235 1978 2274 2003 se
2290 1967 2522 2003 nam‘culariis

303 2013 378 2050 sive
397 2012 682 2058 neqotiatoribus
704 2023 832 2047 aurum
856 2012 1000 2048 credere
1022 2012 1156 2054 solere,
1186 2013 1352 2058 inprimis
1374 2013 1420 2047 iis
1449 2012 1512 2057 qui
1540 2011 1741 2046 maritimas
1770 2011 2031 2057 ueqotiationes
2053 2017 2265 2054 exerceant,
2297 2018 2406 2059 atque
2429 2013 2523 2048 hanc

305 2058 436 2094 habere
458 2058 571 2092 vt'ctus
592 2057 806 2103 facultatem
831 2057 912 2104 ipsa
937 2057 1000 2092 illa
1019 2058 1201 2092 maritima
1224 2056 1370 2099 credita,
1396 2067 1489 2102 quae
1506 2061 1632 2091 nostra
1652 2055 1714 2091 lex
1736 2057 1933 2091 traiectict‘a
1955 2067 2084 2093 vocare
2102 2057 2205 2100 solet,
2229 2058 2267 2092 in
2289 2061 2384 2093 metu
2404 2064 2522 2093 autem

305 2103 452 2144 versari,
477 2113 556 2138 cum
580 2102 845 2138 controversiae
867 2103 955 2148 ipsis
978 2101 1062 2138 inde
1082 2108 1236 2138 exortae
1255 2106 1382 2143 essent,
1406 2106 1442 2136 et
1455 2106 1653 2147 propterea
1668 2111 1803 2147 roqare
1826 2106 1866 2136 ut
1887 2101 2106 2138 consuetudo
2153 2113 2221 2138 uae
2236 2103 2273 2138 in
2290 2102 2346 2137 Itis
2366 2102 2522 2138 obtineat

305 2148 500 2193 manifesta
521 2147 609 2192 fiat,
638 2147 690 2182 ita
713 2151 752 2182 ut
776 2146 881 2182 etiam
905 2157 1014 2182 sacra
1037 2152 1164 2182 nostra
1187 2147 1298 2182 iussio
1323 2146 1367 2182 de
1389 2157 1433 2182 ea
1456 2157 1496 2181 re
1519 2145 1657 2188 edatur,
1682 2157 1775 2191 quae
1798 2146 2085 2182 consuetudinem
2109 2147 2207 2182 itam
2228 2147 2266 2182 in
2290 2148 2521 2183 certissimam

303 2193 462 2239 formam
485 2191 648 2238 rediqat;
671 2192 793 2238 itaque
816 2203 884 2227 nos
901 2191 963 2227 tibi
986 2192 1182 2237 imperasse
1205 2196 1245 2227 ut
1263 2191 1530 2227 controversiae
1552 2197 1721 2226 naturam
1745 2201 1981 2236 coqnosceres
1999 2190 2113 2237 deque
2127 2203 2170 2227 ea
2193 2191 2243 2228 ad
2263 2203 2330 2227 nos
2351 2193 2521 2238 referres,

305 2243 347 2273 ut
368 2249 412 2272 ea
436 2237 540 2272 nobis
569 2237 764 2282 manifesta
786 2237 892 2283 facta
923 2236 1022 2283 quod
1045 2237 1224 2272 videretur
1247 2237 1324 2282 leqe
1344 2241 1527 2283 perpetua
1549 2235 1866 2281 complecteremur
1872 2249 1887 2277 ;
1923 2240 2091 2282 tuamque
2119 2237 2274 2283 qloriam
2303 2236 2392 2273 llaec
2414 2249 2523 2283 aqere

305 2294 328 2318 a
357 2282 461 2318 nobis
490 2282 624 2317 iussam
660 2292 902 2328 conqreqasse
937 2281 1201 2324 navicularios,
1230 2282 1368 2361 [quibus
1398 2281 1541 2328 quidem
1574 2280 1750 2316 eiusmodi
1783 2280 1920 2316 credita
1949 2292 2059 2316 curae
2089 2285 2192 2324 sunt,
2227 2286 2263 2317 et
2292 2282 2521 2328 quaesivisse,

305 2327 425 2374 qualis
449 2327 592 2362 tandem
614 2328 764 2372 antiqua
788 2326 1005 2362 consuetudo
1027 2327 1146 2373 fuerit
1151 2339 1166 2368 ;
1202 2326 1230 2362 il
1243 2338 1285 2362 os
1308 2331 1425 2362 autem
1449 2325 1685 2362 iureiurando
1709 2326 1856 2372 insuper
1879 2325 2004 2361 addito
2029 2331 2178 2362 testatos
2199 2337 2274 2362 esse
2304 2327 2424 2363 varios
2446 2338 2523 2363 esse

305 2373 382 2408 eius
403 2373 548 2419 qeneris
570 2371 787 2408 creditorum
810 2372 945 2413 modos,
969 2376 1005 2407 et
1026 2372 1059 2407 si
1082 2371 1224 2418 quidem
1247 2370 1486 2407 creditoribus
1511 2370 1710 2418 placuerit,
1740 2371 1778 2405 in
1807 2371 1973 2419 sinqulos
2002 2370 2141 2406 solidos
2167 2371 2401 2417 pecuniarum
2433 2382 2524 2418 quas

305 2417 467 2454 dederint
488 2416 651 2463 sinqulos
673 2417 810 2452 modios
834 2417 944 2452 tritici
966 2417 1022 2453 vel
1043 2416 1170 2453 hordei
1192 2428 1253 2452 eos
1274 2417 1358 2453 navi
1382 2417 1575 2463 imponere,
1599 2427 1643 2451 ac
1666 2426 1710 2450 ne
1734 2415 1887 2462 vectiqal
1909 2415 2051 2461 quidem
2068 2427 2141 2463 pro
2165 2426 2207 2451 eo
2226 2415 2386 2462 publicis
2401 2417 2523 2463 porti-

307 2463 446 2498 toribus
467 2464 624 2503 sotvere,
655 2461 720 2497 sed
741 2467 913 2508 quantum
939 2461 988 2497 ad
1010 2463 1110 2508 ipsos
1133 2462 1279 2508 naviqia
1309 2462 1386 2497 siue
1414 2461 1581 2508 portorio
1605 2461 1795 2506 naviqare,
1824 2465 1858 2495 et
1881 2459 1976 2495 hunc
1998 2472 2061 2497 eos
2078 2462 2270 2507 percipere
2285 2461 2452 2514 fructum
2476 2472 2525 2497 ex

299 2508 467 2555 pecuniis
490 2518 583 2553 quas
606 2506 834 2549 credIdert'nt,
863 2511 898 2543 et
918 2515 1109 2554 praeterea
1133 2507 1239 2542 etiam
1257 2518 1331 2553 pro
1356 2507 1458 2542 denis
1481 2506 1602 2541 aureis
1623 2506 1790 2552 sinqulos
1813 2510 1949 2540 tantum
1974 2516 2165 2541 usurarum
2192 2516 2336 2540 nomme
2361 2507 2525 2552 accipere

305 2557 388 2601 [pro
411 2563 630 2598 unaquaque
653 2552 735 2587 auri
758 2551 915 2595 decadeJ,
946 2552 996 2587 ad
1018 2554 1118 2598 ipsos
1141 2557 1260 2588 autem
1283 2551 1480 2587 creditores
1502 2555 1667 2598 spectare
1688 2550 1888 2597 periculum
1918 2561 1968 2586 ex
1991 2551 2036 2586 iis
2059 2561 2152 2597 quae
2175 2557 2346 2586 eventura
2367 2551 2462 2592 sint;
2493 2552 2526 2586 si

305 2602 423 2634 autem
454 2597 548 2632 hanc
578 2597 671 2633 viam
701 2597 899 2633 creditores
930 2608 1002 2632 non
1034 2597 1250 2643 ddeqerint,
1293 2600 1454 2633 octavam
1485 2601 1630 2643 partem
1659 2606 1734 2642 pro
1765 2595 1924 2649 singulis
1951 2595 2079 2631 solidis
2107 2596 2298 2642 percipere
2332 2607 2524 2631 usurarum

306 2643 448 2679 nomine
471 2654 544 2677 non
569 2642 618 2677 ad
640 2649 774 2678 certum
797 2642 980 2689 quoddam
1004 2646 1143 2688 tempus
1166 2642 1489 2684 numerandmum,
1520 2641 1584 2677 sed
1605 2640 1719 2676 donec
1741 2651 1844 2677 naves
1873 2640 1974 2676 salva
2005 2641 2155 2676 redierit
2163 2653 2178 2683 ;
2207 2640 2399 2675 secundum
2431 2640 2526 2676 hunc

306 2699 390 2725 vero
414 2688 558 2723 modum
581 2688 790 2733 continqere
810 2687 912 2734 forte
935 2693 976 2722 ut
997 2687 1104 2722 etiam
1127 2688 1165 2723 in
1188 2698 1321 2722 annum
1342 2692 1480 2733 tempus
1499 2685 1728 2728 extendatur,
1758 2684 1933 2732 siquidem
1953 2686 2057 2722 navis
2077 2690 2148 2721 tam
2171 2685 2233 2720 diu
2246 2685 2346 2730 foris
2368 2692 2525 2721 moretur

305 2738 347 2769 ut
368 2733 461 2769 adeo
484 2743 618 2768 atticum
644 2739 709 2768 aut
728 2733 836 2778 finem
860 2732 1058 2778 naviqandi
1081 2731 1211 2768 habeat
1238 2737 1303 2768 aut
1334 2733 1439 2767 etiam
1470 2730 1642 2773 excedat,
1674 2730 1780 2766 citius
1810 2735 1928 2766 autem
1959 2730 2080 2766 eadem
2111 2730 2281 2766 redeunte
2310 2735 2448 2776 tempus
2477 2730 2527 2765 ad

354 2850 371 2883 1
397 2843 591 2892 εὖλογητὸν
613 2847 669 2887 Μ]
693 2845 874 2888 Eulogium
900 2858 919 2882 ς
935 2846 948 2889 ss
965 2847 985 2880 6
1006 2843 1050 2879 τὰ
1072 2847 1146 2879 τοῖς
1170 2843 1384 2879 θαλαττίοις
2378 2844 2399 2876 9
2416 2845 2449 2875 et
2465 2856 2522 2876 om.

1452 2848 1522 2877 tere
1534 2845 1628 2878 Beck
1653 2844 1658 2888 1
1675 2846 1695 2878 8
1715 2843 1799 2885 fieri]
1824 2844 1878 2876 uel
1899 2843 1971 2876 fieri
1992 2844 2047 2887 Vn
2064 2843 2267 2876 manifestari
2284 2842 2332 2876 12¹
2348 2842 2361 2887 ΙΙ

306 2893 424 2928 ταῦτα
447 2889 687 2935 δανείσματα,
711 2887 737 2923 a*
759 2888 891 2932 καλεῖν]
915 2891 986 2933 ipsa
1006 2901 1082 2924 vero
1107 2891 1235 2924 marina
1258 2891 1384 2923 credita

1453 2890 1568 2932 R'Tn
1585 2890 1622 2922 in
1670 2899 1709 2922 oc
1733 2902 1791 2922 om.
1805 2889 1839 2922 R
1853 2890 1866 2932 ΙΙ
1884 2889 2091 2931 praecederet
2114 2888 2170 2932 ΤΙ]
2197 2890 2233 2922 11
2261 2887 2449 2929 delegantes
2474 2888 2525 2921 T²

307 2947 424 2972 vocare
447 2950 483 2976 ςς
508 2938 570 2971 ἐπὶ
595 2945 667 2970 ante
690 2938 763 2970 τοῖς
786 2934 999 2969 θαλαττίοις
1022 2938 1122 2970 inseri
1145 2938 1235 2970 malit
1251 2936 1383 2970 Zacha-

308 2985 379 3017 riae
403 2984 416 3024 ΙΙ
443 2984 462 3017 8
486 2990 557 3026 post
580 2978 830 3024 ἀνισταμένων
853 2984 952 3015 verba
978 2983 1136 3024 quaedam
1161 2983 1269 3014 deesse
1290 2988 1385 3025 putat

310 3028 497 3070 Hombequ
519 3029 589 3061 sine
613 3039 712 3060 causa
736 3026 749 3069 ss
774 3028 794 3059 9
818 3028 878 3059 καὶ
903 3023 1062 3068 δεῖσθαι]
1095 3028 1245 3069 oportere
1268 3025 1315 3064 ςΙΙ
1343 3028 1383 3059 10

308 3075 368 3107 καὶ
392 3073 464 3114 ἐπὶ]
498 3074 558 3105 καὶ
589 3085 646 3105 om.
672 3084 691 3108 ς
720 3072 733 3115 ΙΙ
764 3072 805 3106 23
837 3072 882 3117 τῇ
906 3073 965 3113 νηὶ
998 3085 1055 3106 orn.
1081 3084 1100 3108 ς
1128 3071 1140 3114 ΙΙ
1170 3070 1286 3114 *μήτε
1306 3071 1353 3104 Μ
1372 3072 1384 3113 ΙΙ

310 3120 353 3153 24
377 3130 428 3153 πα
453 3119 556 3159 ἐχειν]
592 3127 676 3159 quae
699 3135 743 3141 —
791 3116 962 3150 racberent
985 3128 1004 3153 ς
1030 3117 1043 3158 ΙΙ
1076 3118 1116 3150 27
1141 3115 1289 3160 χρυσοὺς
1313 3116 1358 3148 Μ
1374 3115 1385 3158 ΙΙ

310 3165 353 3198 28
375 3175 421 3196 κα
460 3159 469 3172 '
495 3160 653 3204 ἑκάστην
676 3158 760 3195 δεκοί
787 3174 809 3194 α
833 3164 976 3206 χρυσίου
1003 3162 1058 3202 Μ,
1083 3174 1174 3198 οηι.ς
1198 3161 1211 3206 fl
1239 3162 1282 3195 29
1305 3158 1384 3202 τὸν]

309 3209 387 3242 τῶν
405 3208 468 3251 Ml]
487 3209 530 3243 33
546 3203 840 3252 ἀριθμουμένων]
866 3207 1101 3239 numerandam
1119 3208 1154 3247 (ι’.
1168 3220 1193 3240 e.
1209 3202 1385 3251 ἀριθμου-

308 3253 458 3297 μένηνΐ)
482 3265 502 3290 ς
519 3254 531 3294 11
551 3250 573 3295 ἡ
594 3252 682 3286 ναῦς
704 3250 902 3286 ἐπανέλθοι
923 3254 1144 3294 σεσωσμένη]
1165 3261 1263 3284 naves
1277 3261 1385 3284 rever-

310 3302 425 3331 tantur
448 3297 558 3331 salvae
581 3310 600 3335 ς
626 3296 639 3342 ΙΙ
669 3299 711 3332 34
735 3299 949 3340 συμβαίνειν
974 3297 1172 3341 Hombequ]
1197 3298 1386 3340 συμβαίνει

310 3344 372 3380 Ms-
395 3343 408 3387 Ι
429 3345 470 3377 37
495 3344 616 3387 πέρας]
641 3342 798 3375 terminos
822 3354 841 3378 ς

382 3480 397 3511 1
423 3481 532 3510 nostre
554 3476 710 3520 potestati
732 3486 822 3509 sacre
847 3476 879 3508 R
901 3475 914 3519 Ι]
943 3477 964 3510 2
988 3478 1032 3517 et]
1058 3477 1156 3509 etiam
1179 3475 1213 3510 R
1237 3476 1250 3518 {l
1276 3475 1384 3518 expla-

313 3524 428 3554 nantes
454 3522 510 3565 ΤΙΙ
535 3523 614 3564 quia
636 3522 680 3562 V]
704 3520 763 3563 qui
779 3521 813 3554 R
837 3521 924 3563 quod
944 3521 976 3554 T
983 3520 1101 3565 vulq.]]
1127 3521 1384 3562 consueuerant]

314 3573 516 3598 consuerunt
542 3567 601 3608 T¹‚
625 3579 682 3599 om.
704 3567 754 3599 V·
779 3567 811 3599 in
837 3573 920 3608 spat.
937 3568 956 3599 3
982 3567 1040 3599 tiu.
1057 3566 1070 3609 ΙΙ
1088 3567 1109 3601 3
1132 3565 1329 3599 nauclericis
1354 3566 1384 3599 R

315 3611 501 3642 nauoheriis
518 3612 548 3644 T
562 3613 575 3653 l]
590 3622 707 3644 aurum
723 3611 784 3652 1³²]
808 3613 867 3643 aut
890 3621 1004 3643 corum
1028 3613 1154 3651 (eorum
1174 3624 1233 3644 om.
1251 3612 1283 3644 in
1299 3617 1384 3655 spat.

314 3665 385 3685 vac.
408 3655 466 3694 l'¹)
492 3655 563 3687 RV
582 3659 640 3688 aut
663 3666 774 3688 earum
801 3656 847 3688 T¹
866 3655 879 3699 ΙΙ
903 3658 923 3689 6
948 3655 1000 3688 lex
1026 3668 1084 3688 om.
1107 3656 1204 3690 1⁷¹5„
1220 3669 1269 3699 sp.
1286 3654 1386 3700 vac..

316 3698 571 3730 trahilnaectutin
597 3700 645 3731 'I'¹
668 3699 681 3742 l]
708 3702 726 3732 7
752 3700 809 3740 cis]
836 3710 873 3731 ex
899 3700 944 3731 eis
968 3701 998 3730 V
1008 3700 1021 3743 l]
1047 3703 1210 3742 oportere]
1235 3703 1267 3733 et
1281 3710 1382 3744 nopor—

1451 2934 1495 2967 al.
1513 2934 1717 2967 declarantes
1741 2934 1790 2967 R²
1807 2936 1837 2967 in
1856 2946 1958 2978 marq.
1984 2934 1997 2977 ΙΙ
2021 2936 2193 2976 cognoscet
2215 2933 2247 2966 V
2263 2932 2275 2976 ΙΙ
2307 2934 2347 2967 13
2371 2943 2436 2975 quo
2462 2933 2494 2966 T
2513 2932 2526 2976 ΙΙ

1454 2982 1496 3013 14
1519 2983 1644 3022 tuaque
1667 2979 1774 3022 gloria
1793 2977 1847 3023 ΤΙΙ
1870 2978 1990 3011 iussam
2009 2981 2107 3022 vulq]
2131 2978 2219 3011 iussa
2246 2978 2323 3011 libri
2339 2980 2350 3018 ΙΙ
2376 2980 2417 3012 15
2443 2989 2524 3010 nau·

1453 3024 1550 3058 cleris
1574 3025 1651 3058 RV
1669 3025 1682 3067 ΙΙ
1704 3027 1819 3057 mutue
1841 3024 1892 3057 V⁰
1914 3024 1926 3067 ΙΙ
1954 3025 1995 3058 16
2019 3024 2254 3065 interrogasses
2279 3023 2328 3056 3¹
2351 3023 2364 3066 ΙΙ
2388 3033 2524 3056 consue-

1452 3070 1534 3103 tudo
1558 3071 1697 3111 antiqua
1723 3070 1755 3103 T
1773 3069 1786 3113 ΙΙ
1812 3071 1850 3104 17
1875 3069 2094 3101 *testimonio
2119 3067 2223 3112 librili
2247 3069 2287 3102 18
2313 3078 2416 3100 uanos
2441 3068 2490 3101 T²
2513 3069 2525 3107 ΙΙ

1453 3118 1643 3148 mutuarum
1670 3115 1717 3148 T¹
1748 3115 1761 3157 ΙΙ
1791 3116 1832 3149 19
1856 3113 2089 3158 peccuniarum
2115 3112 2229 3147 solidis
2254 3113 2286 3146 T
2311 3111 2324 3157 ΙΙ
2352 3114 2391 3147 21
2418 3121 2524 3155 neque

1454 3160 1558 3202 Beck]
1584 3170 1668 3202 quae
1694 3161 1771 3193 libri
1791 3160 1803 3202 ΙΙ
1822 3159 1978 3202 praebere
2002 3159 2106 3200 Beck]
2130 3157 2301 3201 praeberet
2321 3158 2367 3191 Τι
2390 3156 2522 3200 praebe-

1453 3208 1528 3238 rent
1543 3204 1666 3238 RVT²
1680 3203 1693 3249 ΙΙ
1720 3205 1763 3238 22
1786 3215 1824 3237 eo
1848 3217 1905 3238 om.
1922 3205 1954 3237 Τ
1973 3206 1985 3248 ΙΙ
2009 3203 2198 3237 teolenariis
2218 3203 2252 3236 V
2267 3202 2440 3235 telonariis
2459 3201 2527 3234 ΒΤ

1452 3250 1638 3283 teloniariis
1661 3251 1746 3293 vulq.
1766 3250 1778 3291 ΙΙ
1793 3249 1919 3282 telonio
1941 3250 2028 3292 vuty.
2046 3249 2058 3292 ΙΙ
2077 3250 2118 3282 23
2143 3258 2254 3281 earum
2283 3247 2521 3291 Oeenbrlquen]

1453 3297 1486 3327 et
1505 3305 1623 3328 aurum
1642 3295 1746 3328 RVT
1764 3295 1818 3339 (οίῖ
1837 3295 1884 3328 αά
1898 3306 1929 3327 υ.
1943 3295 1976 3335 3)
2001 3296 2034 3326 et
2058 3295 2173 3326 harum
2197 3294 2282 3337 vulg.
2299 3293 2311 3337 ΙΙ
2329 3293 2372 3327 25
2394 3292 2520 3330 aureos]

1452 3340 1557 3373 auiris
1579 3339 1628 3374 1⁷¹
1644 3339 1657 3383 ΙΙ
1680 3339 1859 3383 percipere]
1883 3339 2005 3382 quippe
2034 3340 2086 3380 ΤΙΙ
2113 3338 2256 3379 *solumJ
2280 3335 2422 3371 solidum
2447 3335 2524 3368 libri

1451 3386 1507 3427 (cf.
1534 3387 1580 3418 ad
1603 3387 1716 3427 509,1.
1733 3388 1775 3427 ιι)
1792 3384 1804 3427 ΙΙ
1822 3386 1866 3419 26
1889 3383 2086 3417 exeuntibus
2102 3383 2189 3417 ΒΤι
2213 3393 2252 3416 ει
2267 3379 2419 3415 uentibus
2438 3379 2488 3412 T²
2510 3380 2522 3422 ΙΙ

1453 3431 1494 3463 27
1520 3441 1586 3462 non
1612 3443 1670 3463 om.
1687 3430 1719 3463 T
1738 3428 1751 3474 ΙΙ
1780 3428 1937 3462 ‘sumant
1958 3430 2013 3474 (cf
2037 3430 2168 3471 509,5)]
2200 3427 2353 3468 rumpant
2374 3425 2519 3467 (rumpa—

1428 3477 1508 3506 etur
1522 3475 1584 3514 12¹)
1607 3475 1677 3508 ΕΤ
1701 3477 1876 3518 erumpant
1895 3474 2032 3517 Vvaly„
2065 3476 2168 3506 ratam
2192 3470 2332 3504 habeant
2352 3469 2402 3502 R³
2416 3482 2441 3502 ε.
2456 3482 2485 3502 υ.
2509 3469 2522 3513 ΙΙ

1453 3519 1514 3551 hac
1538 3520 1585 3551 3¹
1610 3521 1622 3562 ΙΙ
1646 3521 1689 3554 28
1713 3529 1771 3562 per
1794 3518 1944 3562 singulos
1967 3518 2090 3552 solidos
2114 3517 2170 3561 ΤΙ
2198 3516 2241 3550 29
2264 3517 2410 3557 tempore
2435 3515 2519 3555 libri,

1453 3576 1534 3596 corr.
1547 3566 1634 3607 vulq.
1653 3564 1666 3607 ΙΙ
1682 3564 1917 3598 numerandam
1932 3563 2028 3605 R'T]
2052 3559 2287 3611 numerandum
2305 3559 2351 3610 β’
2364 3559 2488 3603 Vruly.
2509 3558 2521 3603 ΙΙ

1452 3609 1495 3642 30
1519 3609 1627 3641 saluas
1648 3610 1695 3642 V¹
1723 3610 1736 3653 fl
1765 3612 1804 3644 31
1830 3608 1996 3650 contingit
2018 3606 2158 3649 Rvulq]
2193 3606 2335 3645 contigit
2356 3604 2419 3637 VT
2441 3605 2453 3647 ΙΙ
2482 3604 2519 3636 in

1452 3656 1588 3695 annum]
1621 3665 1751 3687 manum
1779 3653 1876 3731 13¹1]t
1895 3654 1938 3686 32
1961 3654 2086 3685 tantm
2108 3651 2154 3689 (in
2179 3661 2279 3692 mar-9.
2304 3651 2447 3691 tantum)
2472 3650 2520 3682 Ιιξ2

1452 3702 1560 3731 tamen
1590 3699 1695 3742 R¹Tn
1712 3702 1745 3731 et
1768 3711 1827 3732 om.
1892 3697 1906 3741 fl
1931 3697 1972 3729 33
1997 3695 2091 3727 titius
2110 3693 2166 3736 Vl]
2183 3703 2251 3725 ean}
2282 3694 2368 3727 R¹V
