2618 4010
279 118 387 168 Nov.
418 120 637 168 LXXXVI
667 125 777 166 5-9
1351 116 1436 167 422

277 234 434 275 τάξεσιν.
481 234 512 268 εἰ
540 231 582 267 δὲ
609 232 658 277 μὴ
689 233 798 268 τοῦτο
827 232 1041 281 φυλάξουσι,
1076 234 1155 267 ταῖς
1185 231 1352 276 ἐσχάταις
1418 230 1551 268 nostris
1573 231 1769 268 constituta
1787 235 1871 268 sunt
1892 232 2039 278 legibus.
2073 232 2111 268 Si
2133 242 2216 269 vero
2239 232 2309 268 hoc
2331 241 2404 268 nou
2427 241 2490 268 cu·
2529 222 2532 225 ⁴

278 276 404 314 αὐτοὺς
423 276 680 333 ὖποβληθῖζναι
703 282 890 324 τιμωρίαις
913 277 1099 331 κελεύομεν
1119 275 1210 321 [ἦτοι
1224 278 1269 325 τῇ
1285 278 1350 312 τοῦ
1419 275 1588 319 stodiant,
1611 276 1775 312 iubemus
1798 275 1903 313 subdi
1921 277 2116 325 suppliciis.

276 322 579 370 τετραπλασίονος
601 326 768 358 αποτίσει
790 326 851 358 καὶ
873 326 1005 370 natvm.

1691 134 1754 166 U'r
1781 132 2086 166 Dmnmms
2113 132 2292 166 mmcns
2316 131 2490 166 Aunmn·

1263 410 1420 447 CAPUT
1442 410 1504 447 VI.

1463 478 1501 513 Si
1517 480 1636 514 tamen
1654 477 1890 514 invenerimus
1905 478 2079 524 quendam
2099 479 2401 516 sanctissimorum
2416 477 2492 523 epi-

276 537 367 581 προς
393 526 499 571 χάριν
529 537 629 561 τινος
659 524 863 571 παριδόντα
897 525 940 559 τὸ
972 523 1122 567 δίκαιον,
1157 523 1352 559 κανονικὸν
1389 526 1610 568 5scoporum
1633 533 1699 568 pro
1715 523 1832 567 gratia
1851 523 2047 569 cuiuspiam
2066 525 2215 578 prodere
2232 524 2412 565 iustitiam,
2437 532 2491 557 re-

276 572 374 614 αυτῷ
399 571 659 618 σωφρονισμὸν
688 571 896 613 ἐπαχθῆναι
927 569 1123 614 κελεύομεν,
1154 570 1214 603 ἵνα
1243 581 1351 603 σπου·
1419 569 1576 612 gularem
1597 568 1631 603 ei
1649 568 1916 613 castigationem
1931 567 2055 604 inferri
2069 571 2241 614 iubemus,
2263 575 2304 605 ut
2326 568 2493 606 studeant

275 613 415 650 δάσωσι
438 616 530 661 μετὰ
554 617 619 650 τοῦ
643 615 759 671 φόβου
783 616 846 650 τοῦ
871 615 962 649 θεοῦ
986 615 1031 649 τὰ
1055 613 1175 649 δίκαια
1199 617 1350 659 κρίνειν·
1421 623 1503 649 cum
1533 613 1661 649 timore
1691 613 1749 648 dei
1776 613 1870 649 iuste
1898 613 2073 650 iudicare:
2104 624 2149 650 ne
2171 625 2242 651 non
2265 615 2492 660 impetrantes

275 661 337 695 ἵνα
365 660 414 705 μὴ
447 659 507 695 διὰ
537 661 581 696 τὸ
611 675 661 706 μη
684 660 874 708 τυγχάνειν
906 660 984 695 τῶν
1012 657 1165 694 δικαίων
1196 655 1351 705 άναγκά-
1420 658 1592 694 iustitiam
1617 661 1789 704 cogantur
1812 658 1972 694 homines
2003 659 2202 704 relinquere
2225 660 2389 706 proprias
2409 658 2491 694 civi-

276 707 414 748 ζωνται
437 705 636 751 ἅνθρωποι
653 703 942 750 καταλιμπάνειν
963 704 1027 740 τὰς
1043 703 1136 739 ἰδίας
1155 704 1276 739 πόλεις
1293 706 1353 738 καὶ
1421 706 1515 740 tates
1538 709 1645 748 atque
1668 703 1870 749 provincias
1894 707 1930 739 et
1952 704 2033 739 loca
2055 704 2183 750 hicque
2205 714 2426 742 concurrere.

274 749 391 796 χώρας
420 754 481 785 καὶ
502 750 636 786 τόπους
664 754 724 785 καὶ
748 754 972 797 προςτρέχειν
996 750 1171 785 ἐνταῦθα.
1367 751 1409 783 10

1249 839 1405 876 CAPUT
1429 839 1511 876 VII.

316 905 378 943 Ἐν
402 906 442 943 δὲ
463 912 540 943 ταῖς
563 907 724 950 πόλεσιν,
750 910 790 942 ἐν
811 907 865 942 αῖς
888 904 952 942 οὐκ
979 905 1194 951 ένδημοῦσιν
1225 905 1349 952 ἅρχον-
1463 907 1506 942 In
1529 907 1732 942 civitatibus
1753 910 1887 950 autem,
1919 908 1955 942 in
1979 908 2107 952 quibus
2137 918 2209 943 non
2239 910 2323 943 sunt
2344 907 2490 950 iudices,

273 965 346 994 τες,
376 953 564 999 κελεύομεν
593 954 674 988 τοὺς
697 956 843 996 ἔχοντας
867 952 1062 999 πράγματα
1087 955 1267 998 προςιέναι
1295 953 1348 994 τῷ
1395 989 1398 991 ,
1419 952 1580 987 iubemus
1604 962 1666 987 eos
1683 953 1742 997 qui
1763 953 1896 988 habent
1921 963 2049 988 causas
2073 953 2171 988 adire
2195 953 2434 995 defensorem,
2457 956 2493 987 et

274 997 414 1042 ἐκδίκῳ,
435 1002 496 1032 καὶ
511 997 627 1034 αὐτὸν
643 997 839 1055 διακρίνειν
856 998 903 1032 τὰ
922 996 1056 1042 μεταξὺ
1078 995 1210 1032 αὐτῶν.
1257 998 1289 1031 εἰ
1312 996 1351 1031 δὲ
1419 998 1535 1042 ipsum
1566 997 1766 1033 discernere
1796 998 1888 1034 inter
1919 1008 1990 1034 eos.
2036 998 2074 1033 Si
2095 1008 2177 1034 vero
2201 999 2299 1033 litem
2321 998 2493 1033 habentes

273 1043 310 1078 οἱ
330 1044 397 1088 τὴν
413 1042 517 1087 δίκην
540 1046 679 1087 ἔχοντες
700 1057 750 1088 μη
767 1042 979 1087 βουληθῶσι
1000 1043 1067 1077 τὸν
1083 1041 1234 1084 ἔκδικον,
1259 1039 1350 1076 ἀλλὰ
1419 1043 1595 1078 voluerint
1623 1042 1844 1079 defensorem
1872 1054 1945 1079 una
1976 1054 2057 1079 cum
2080 1043 2303 1080 sanctissimo
2326 1043 2494 1088 episcopo

272 1089 341 1124 τὸν
364 1085 570 1168 ὁσιώῖᾆιτον
593 1091 792 1125 ἐπίσκοπον
817 1085 980 1130 δικάσαι,
1003 1091 1063 1122 καὶ
1085 1089 1193 1122 τοῦτο
1216 1087 1351 1122 κελεύο-
1366 1091 1406 1122 15
1420 1088 1588 1132 iudicare,
1612 1091 1648 1123 et
1670 1088 1740 1124 hoc
1763 1089 1820 1133 agi
1846 1088 2094 1134 praecipimus.

271 1147 340 1179 μεν
362 1138 464 1181 γίνεσ
498 1148 548 1172 αι,

320 481 367 535 15:⁶³
381 483 506 526 μέντοι
523 477 688 536 εὕροιμεν
706 493 790 516 τινα
809 481 887 515 τῶν
902 478 1120 514 ὁσιωτάτων
1140 476 1350 514 ἐπισκόπων

1253 1222 1411 1259 CAPUT
1436 1222 1533 1259 VIII.

320 1289 412 1326 Οὔτε
435 1289 475 1326 δὲ
496 1291 658 1336 μοναχὸν
681 1290 764 1325 οὔτε
784 1290 953 1337 κληρικόν
975 1289 1059 1326 οὔτε
1074 1292 1273 1327 ἐπίσκοπον
1297 1304 1350 1324 κε-

273 1335 422 1381 λεύομεν
445 1337 618 1382 ἔρχεσθαι
634 1336 801 1372 ἐνταῦθα
818 1335 904 1371 ἄνευ
919 1336 1144 1383 γραμμάτων
1163 1338 1226 1371 ‘roi
1245 1333 1351 1371 ὁσιω-
1373 1353 1379 1358 ·

273 1381 384 1417 τάτου
416 1379 540 1416 αὐτῶν
571 1381 809 1428 πατριάρχου,
842 1380 866 1425 ἢ
889 1380 1086 1416 εἰδέτωσαν
1117 1379 1165 1416 ὥς
1189 1382 1353 1422 ἀναξίους

273 1426 419 1462 ἑαυτοὺς
449 1429 514 1462 τοῦ
539 1427 716 1472 σχήματος
739 1426 961 1470 ποιήσουσιν.

1464 1290 1590 1335 Neque
1609 1294 1727 1326 autem
1747 1291 1959 1327 monachum
1976 1302 2089 1336 neque
2108 1291 2275 1327 clericum
2290 1301 2404 1336 neque
2419 1290 2494 1335 epi-

1421 1346 1567 1381 scopum
1588 1336 1751 1372 iubemus
1771 1336 1889 1372 venire
1910 1337 1967 1373 liic
1985 1338 2120 1382 absque
2135 1337 2263 1373 litteris
2279 1335 2496 1372 sanctissimi

1421 1381 1478 1418 sui
1508 1380 1747 1426 patriarchae.
1796 1382 1834 1417 Si
1864 1391 1946 1418 vero
1976 1383 2045 1418 hoc
2074 1381 2243 1425 fecerint,
2273 1382 2388 1418 sciant
2412 1381 2496 1426 quia

1368 1429 1410 1461 20
1423 1429 1534 1462 semet
1555 1426 1654 1472 ipsos
1673 1427 1855 1463 schemate
1877 1427 2012 1463 faciunt
2034 1427 2206 1471 indignos.

1271 1515 1427 1570 CAPUT
1451 1515 1514 1552 1x.

326 1586 373 1619 Εἰ
395 1582 437 1619 δέ
457 1596 510 1619 τις
533 1584 791 1632 μαγιστριανὸς
819 1583 843 1629 ἢ
865 1584 1058 1631 ἐπαρχικὰς
1086 1584 1110 1628 ἢ
1140 1583 1352 1630 οἱαςδήποτε
1465 1584 1503 1620 Si
1534 1584 1614 1630 quis
1637 1587 1755 1620 autem
1786 1584 2036 1629 magistrianus
2061 1587 2125 1621 aut
2147 1584 2410 1631 praefectianus
2432 1584 2497 1619 aut

273 1629 379 1674 τύχης
410 1628 464 1664 ὧν
488 1629 582 1678 λάβῃ
611 1629 762 1664 πλείονα
793 1629 999 1676 σπόρτουλα
1031 1631 1108 1664 τῶν
1139 1629 1352 1675 ὡρισμένων
1421 1629 1674 1675 cuiuscumque
1691 1630 1857 1665 fortunae
1870 1630 2025 1666 existens
2039 1631 2218 1676 acceperit
2229 1630 2380 1675 amplius
2393 1639 2494 1674 spor·

273 1679 351 1710 ταῖς
366 1675 485 1710 θείαις
507 1673 612 1720 ἡμῶν
637 1673 839 1716 διατάξεσι,
871 1673 1060 1719 κελεύομεν
1090 1676 1181 1710 πᾶσι
1206 1675 1352 1722 τρόποις
1418 1675 1496 1710 tula
1519 1685 1625 1720 quam
1649 1674 1832 1710 definitum
1859 1678 1915 1711 est
1938 1676 2050 1711 sacris
2081 1676 2212 1712 nostris
2237 1674 2495 1711 constitutioni-

275 1722 326 1764 τῷ
345 1719 492 1766 ἄρχοντι
513 1722 575 1764 τῆς
591 1722 759 1765 ἐπαρχίας
777 1719 934 1764 κινδύνῳ
959 1719 1040 1764 ἰδίῳ
1062 1720 1153 1754 κατὰ
1177 1723 1245 1754 τὸν
1268 1718 1350 1764 ἡμέ-
1420 1720 1498 1762 buS,
1522 1720 1684 1756 iubemus
1707 1721 1870 1756 omnibus
1895 1721 2007 1756 modis
2034 1721 2186 1756 iudicem
2209 1720 2412 1767 provinciae
2434 1729 2495 1765 pe-

273 1779 379 1811 τερον
402 1765 516 1810 νόμον
539 1767 648 1800 τοῦτο
673 1764 825 1800 ἐκδικεῖν
848 1769 907 1799 καὶ
924 1765 1183 1812 σωφρονισμὸν
1203 1765 1351 1812 ἐπάγειν
1364 1767 1406 1800 25
1419 1765 1531 1801 riculo
1572 1766 1693 1812 roprio
1712 1765 1907 1801 secundum
1927 1770 2087 1801 nostram
2105 1767 2217 1810 legem
2233 1767 2302 1802 hoc
2317 1765 2497 1802 vindicare

273 1815 347 1846 τοῖς
368 1811 415 1846 τὰ
431 1812 586 1845 τοιαῦτα
606 1810 797 1855 τολμῶσιν.
846 1812 876 1845 εἰ
901 1809 940 1845 δὲ
961 1811 1010 1855 μὴ
1034 1809 1211 1855 ἐκδικήσει
1234 1812 1352 1845 ταῦτα
1420 1814 1455 1846 et
1485 1811 1542 1847 vin
1569 1811 1675 1846 ictam
1705 1810 1837 1846 inferre
1864 1811 1954 1846 haec
1983 1812 2303 1857 praesumentibus.
2352 1811 2390 1846 Si
2412 1820 2496 1846 vero

275 1854 295 1890 ὁ
321 1855 455 1903 ἅρχων,
484 1853 613 1891 ἄδειαν
643 1854 790 1901 δίδομεν
819 1858 872 1899 τῷ
898 1854 1091 1900 ὁσιωτάτῳ
1122 1857 1185 1900 τῆς
1213 1855 1351 1891 πόλεως
1419 1865 1490 1891 non
1514 1855 1745 1892 vindicaverit
1766 1856 1844 1901 ipse
1860 1856 1977 1899 iudex,
2001 1857 2181 1892 licentiam
2198 1857 2322 1893 damus
2345 1856 2496 1892 sanctis-

321 1961 347 1982 c.
369 1948 461 1981 VIII
479 1949 682 1981 summarium
707 1937 958 1981 habet'Nomoc.
975 1947 1074 1980 XIV
1092 1949 1137 1980 tit.
1157 1948 1188 1988 8,
1202 1954 1237 1985 2;
1263 1948 1432 1990 exscripsit
1455 1946 1634 1981 Nomoc.‘¹’'¹
1659 1948 1701 1980 ib.
1726 1959 1764 1979 ex
1787 1947 1833 1981 Β.

277 2036 444 2072 tinentur.
473 2033 630 2122 lQuodsi
658 2033 728 2070 hoc
758 2044 832 2069 non
865 2035 1062 2077 observent,
1098 2033 1233 2069 ultimis
1262 2033 1453 2080 suppliciis
1487 2045 1550 2070 eos
1580 2033 1694 2070 subici
1722 2034 1881 2070 iubemus
1916 2034 2127 2082 [quadrupli
2159 2035 2294 2071 scilicet
2322 2035 2499 2071 solutioni

275 2085 311 2117 et
361 2091 496 2116 oenae.

327 2092 357 2128 p
409 2125 472 2161 VI.
519 2124 561 2160 Si
584 2135 687 2171 quem
711 2135 796 2161 vero
821 2135 871 2160 ex
893 2123 1130 2160 sanctissimis
1152 2123 1332 2169 episcopis
1354 2123 1592 2159 invenerimus
1615 2124 1653 2158 in
1676 2125 1834 2169 qratiam
1857 2124 2012 2159 alicuius
2039 2125 2096 2160 ius
2119 2129 2358 2167 contemnere,
2389 2135 2496 2160 cano—

275 2171 393 2206 nicam
416 2170 450 2206 ei
473 2169 746 2216 castiqationem
768 2169 903 2215 inferri
926 2169 1096 2211 iubemus,
1128 2173 1170 2203 ut
1191 2167 1360 2204 studeant
1390 2178 1470 2203 cum
1495 2170 1620 2204 timore
1642 2168 1702 2204 dei
1722 2169 1816 2204 iuste
1839 2168 2021 2205 iudicare:
2052 2180 2098 2205 ne
2120 2170 2282 2205 homines
2301 2175 2498 2217 propterea

276 2216 376 2262 quod
411 2216 468 2251 ius
502 2226 607 2250 suum
645 2225 719 2250 non
754 2218 1022 2260 consequantur
1058 2213 1166 2250 urbes
1203 2216 1238 2248 et
1271 2213 1486 2259 provincias
1522 2217 1557 2250 et
1592 2214 1673 2250 loca
1711 2225 1779 2249 sua
1813 2214 2018 2259 relinquere
2055 2219 2165 2261 atquc
2203 2214 2273 2250 huc
2307 2225 2498 2251 accurrere

276 2272 319 2297 co
346 2264 466 2297 antur.

319 2273 345 2308 q
410 2305 489 2341 VH.
537 2303 584 2340 In
607 2303 810 2341 civitatibus
833 2315 929 2349 vero,
954 2304 1015 2340 ubi
1064 2302 1224 2339 raesides
1243 2305 1394 2349 praesto
1418 2313 1492 2338 non
1515 2306 1611 2345 sunt,
1641 2304 1888 2350 praecipimus
1911 2308 1952 2340 ut
1974 2305 2000 2339 ii
2030 2304 2094 2350 qui
2117 2305 2197 2340 lites
2220 2304 2352 2341 liabent
2373 2305 2498 2351 defen-

275 2362 392 2388 sorem
416 2350 562 2393 adeant,
594 2355 630 2385 et
651 2349 713 2385 ille
735 2350 831 2385 inter
854 2360 916 2384 eos
939 2349 1015 2384 diiu
1042 2349 1120 2384 icet.
1167 2347 1304 2391 Quodsi
1329 2348 1514 2395 litiqantcs
1536 2359 1611 2383 non
1634 2349 1879 2394 defensorem,
1902 2349 1976 2386 -sed
1996 2350 2260 2386 sanctissimum
2290 2351 2499 2398 episcopum

276 2396 439 2433 iudicare
462 2396 582 2437 velint,
606 2394 674 2431 hoc
697 2405 840 2441 quoque
860 2394 944 2439 fieri
967 2395 1137 2430 iubemus.

411 2441 509 2477 VIII.
560 2440 720 2477 Ceterum
751 2450 867 2485 neque
889 2438 1103 2476 monachum
1134 2449 1250 2484 neque
1273 2437 1440 2474 clericum
1472 2450 1587 2485 neque
1611 2440 1816 2486 episcopum
1849 2438 1918 2475 hac
1940 2439 2060 2476 venire
2079 2440 2239 2477 iubemus
2267 2440 2345 2477 sine
2372 2441 2500 2478 litteris

277 2486 496 2524 sanctissimi
510 2484 749 2533 patriarchae
772 2495 920 2527 eorum;
942 2489 1007 2520 aut
1028 2484 1147 2520 sciant
1167 2494 1235 2519 suo
1259 2494 1298 2519 se
1319 2487 1417 2519 statu
1442 2484 1611 2531 indiqnos
1632 2495 1710 2521 sese
1731 2485 1939 2521 reddituros
1961 2495 2046 2521 esse.

412 2531 475 2566 IX.
523 2530 565 2566 Si
614 2531 671 2566 uis
695 2541 779 2566 vero
803 2530 1065 2576 magistrianus
1088 2530 1138 2572 (in
1161 2528 1267 2564 rebus
1291 2532 1416 2575 aqens)
1439 2529 1497 2564 vel
1515 2530 1790 2575 praefectianus
1814 2530 1870 2565 vel
1891 2531 2074 2565 cuiuscum
2103 2543 2146 2567 ue
2169 2531 2390 2567 condicionis
2405 2532 2500 2567 alius

278 2578 433 2614 maiores
451 2577 638 2624 sportuas
661 2577 844 2622 acceperit
859 2586 967 2620 quam
984 2586 1078 2620 qaae
1092 2574 1209 2610 sacris
1231 2574 1368 2609 nostris
1386 2574 1700 2610 constitutionibus
1723 2574 1890 2620 definitae
1908 2580 2005 2618 sunt,
2028 2576 2066 2611 iu
2090 2587 2189 2612 emus
2211 2576 2372 2612 omnibus
2386 2576 2501 2612 modis

277 2622 480 2670 praesidem
496 2621 714 2669 provinciae
743 2631 808 2656 suo
834 2620 1004 2667 periculo
1035 2619 1228 2656 secundum
1261 2619 1373 2665 leqem
1396 2623 1560 2655 nostram
1591 2619 1630 2655 id
1652 2619 1835 2656 vindicare
1866 2620 1981 2666 iisque
2012 2622 2076 2667 qui
2100 2621 2189 2657 talia
2213 2622 2372 2658 audeant
2393 2623 2501 2658 casti-

278 2669 458 2715 qationem
482 2667 634 2713 inferre.
684 2665 725 2701 Si
749 2676 832 2702 vero
850 2676 1004 2712 praeses
1027 2664 1116 2701 haec
1139 2675 1213 2700 non
1236 2664 1488 2707 vindicaverit,
1520 2665 1699 2700 licentiam
1725 2665 1852 2701 damus
1874 2667 2097 2702 sanctissimo
2129 2666 2228 2702 illius
2246 2667 2402 2703 civitatis
2424 2668 2499 2713 epi-

350 2760 366 2793 1
392 2757 423 2791 at
446 2754 486 2791 δὲ
504 2776 549 2781 —-
573 2758 593 2791 :3
618 2757 728 2803 ποινῇ
752 2770 811 2790 om.
831 2757 861 2789 L
891 2755 903 2799 ΙΙ
931 2755 1038 2789 τοῦτο
1065 2754 1115 2799 μὴ
1145 2752 1358 2800 παραφυλά-

281 2804 372 2844 ξωσι
391 2803 424 2836 Β
442 2801 455 2846 Ι]
477 2804 554 2836 ταῖς
578 2801 743 2844 ἐσχάταις
767 2797 895 2835 αὐτοὺς
919 2815 976 2835 om.
998 2813 1029 2843 ς,
1062 2796 1190 2834 αὐτοὺς
1214 2801 1318 2833 om.A
1348 2798 1360 2844 ss

282 2852 303 2884 2
326 2847 405 2892 ἦτοι
428 2867 473 2872 -
497 2849 516 2881 3
538 2847 646 2893 ποινῇ
661 2848 710 2888 M,
726 2860 783 2880 om.
797 2847 1000 2888 Malui).
1040 2847 1207 2880 Glossema
1227 2846 1359 2888 petitum

284 2902 341 2929 aut
352 2906 390 2927 ez·
407 2894 483 2927 0011.
498 2894 529 2934 3,
543 2901 596 2935 2,5
612 2895 681 2934 (ubi
693 2893 757 2926 tale
772 2893 853 2936 quid
858 2893 1072 2935 perscriptum
1080 2893 1190 2935 fuisse
1205 2898 1359 2924 testantur

283 2941 363 2973 Inst.
377 2940 409 2980 4,
421 2945 450 2978 8,
464 2945 515 2976 25;
541 2939 581 2982 cf.
600 2939 677 2972 cod.
692 2939 723 2979 3,
737 2944 766 2979 2,
778 2938 861 2979 2ρν.)
887 2945 943 2971 aut
959 2950 998 2970 ex
1013 2949 1084 2970 nov.
1101 2936 1299 2970 CXXIVc.
1315 2936 1334 2968 3
1347 2934 1360 2979 ΙΙ

284 2988 305 3019 4
327 2986 387 3017 καὶ
411 2983 442 3016 εἰ
464 2983 531 3026 μὲν
554 2983 585 3016 A
602 2983 614 3026 ΙΙ
631 2978 793 3028 εὕρωμεν
816 2983 900 3015 AB‘
915 2982 927 3025 ΙΙ
946 2983 965 3015 5
990 2981 1074 3015 τινὰ
1095 2983 1125 3015 A
1142 2980 1154 3025 ΙΙ
1173 2982 1193 3014 6
1218 2991 1358 3027 σωφρο-

283 3027 427 3073 νισμὸν]
452 3029 633 3071 ἐπιτίμιον
655 3027 746 3072 πρὸς
765 3026 1024 3081 σωφρονισμὸν
1045 3030 1074 3059 Α
1093 3026 1105 3069 ΙΙ
1127 3023 1359 3066 σπουδάζουσι

284 3076 317 3109 A
334 3075 346 3118 ΙΙ
362 3077 380 3108 ’7
406 3073 470 3107 τοῦ
524 3071 612 3117 όβου
628 3073 762 3114 ΜΑΒἽ
788 3075 903 3118 φοβον
922 3071 1006 3105 LBr
1028 3071 1041 3116 ΙΙ
1064 3072 1127 3104 τοῦ
1149 3070 1239 3103 θεοῦ
1255 3071 1358 3110 MB‘]

285 3118 377 3154 θεοῦ
391 3086 533 3163 ΕΔΒῩῙΙ
550 3116 594 3152 τὸ
620 3115 758 3151 δίκαιον
783 3119 834 3151 ΒΓ
865 3119 951 3150 iuste
975 3129 994 3153 ς
1010 3116 1023 3160 ΙΙ
1049 3118 1068 3151 8
1091 3116 1163 3157 ἵνα]
1188 3110 1288 3150 ὅπως
1305 3114 1360 3159 Au

285 3163 333 3208 μὴ
355 3162 555 3209 τυγχάνειν]
580 3159 843 3208 ἀποτυγχάνειν
866 3164 897 3196 A
922 3162 936 3201 ΙΙ
964 3163 985 3196 9
1009 3160 1220 3207 ἅνθρωποι]
1243 3159 1277 3194 οἱ
1299 3158 1358 3193 ἄν·

286 3209 477 3254 θρωποιΑ
491 3211 502 3251 ΙΙ
523 3211 559 3243 11
574 3207 754 3253 ἄρχοντες]
773 3207 808 3241 οἱ
826 3205 993 3252 ἄρχοντες
1004 3207 1074 3240 LB
1087 3208 1097 3249 Ιῑ
1117 3208 1157 3241 14
1168 3204 1218 3249 μὴ
1230 3201 1283 3246 (οὗ
1293 3205 1359 3247 ΒΓ)

286 3252 499 3299 βουληθῶσι
520 3252 589 3287 τὸν
612 3251 763 3294 ἑὸιδικον,
788 3249 878 3286 ἀλλὰ
902 3251 971 3286 τὸν
990 3249 1194 3285 ὁσιώτατον
1218 3251 1358 3284 ἐπίσκο-

287 3311 359 3333 πον
379 3299 445 3340 (sin
468 3302 579 3332 autem
603 3299 792 3342 episcopum
815 3299 962 3331 iudicare
987 3297 1051 3331 sibi
1075 3296 1255 3330 maluerint
1269 3296 1358 3338 Iul.)]

288 3344 456 3378 voluerint
478 3344 682 3377 defensorem
706 3354 773 3376 una
798 3354 872 3376 cum
890 3343 1097 3376 sanctissimo
1116 3342 1268 3385 episcopo
1284 3341 1318 3382 (ἰ.
1333 3355 1358 3374 ε.

287 3387 500 3432 βουληθῶσι
540 3387 608 3422 τὸν
650 3385 792 3422 ἔκδικον
835 3383 909 3431 ἅμα
952 3388 1005 3430 τῷ
1046 3383 1240 3429 ὁσιωτάτῳ
1285 3386 1359 3420 ἐπι-

288 3431 429 3477 σκόπῳ)
454 3446 488 3472 ςς
512 3436 581 3468 sim.
598 3435 716 3468 Theod.
732 3436 883 3477 κρινέτω
903 3430 923 3466 ὁ
950 3429 1084 3466 ἔκδικος
1107 3427 1184 3474 ἅμα
1206 3431 1259 3474 τῷ
1283 3431 1359 3466 ἐπι-

289 3477 425 3522 σκόπῳ,
460 3480 581 3512 Atkan.
606 3478 637 3512 εἰ
660 3475 700 3512 δὲ
730 3474 891 3512 {laomor
913 3478 1015 3521 εἰσιν,
1047 3473 1362 3518 συνδικαζίτωσαν

290 3518 408 3557 αὐτοῖς
429 3521 467 3557 οἱ
484 3524 674 3558 ἐπίσκοποι
697 3523 709 3568 ΙΙ
742 3526 781 3558 15
805 3521 964 3564 δικάσαι]
989 3521 1033 3557 τοὶ
1058 3518 1139 3555 κατ’
1157 3517 1286 3555 αὐτοὺς
1309 3517 1361 3554 δι-

289 3564 396 3600 κάσαι
408 3570 436 3601 A
453 3568 465 3609 ΙΙ
483 3567 669 3613 κελεύομεν
691 3568 867 3615 γενέσθαι
884 3569 953 3602 LB
975 3567 1150 3613 γενέσθαι
1172 3564 1361 3610 κελεύομεν

290 3612 319 3642 A
338 3610 350 3653 ΙΙ
371 3614 406 3644 Π
433 3610 472 3645 δὲ
496 3627 552 3647 om.
569 3614 747 3648 Almonem
765 3614 777 3656 ΙΙ
793 3611 979 3657 κελεύομεν
1002 3631 1046 3638 ·-
1070 3614 1112 3647 20
1137 3623 1200 3646 ποι
1213 3610 1360 3652 ’σουσιν1

290 3651 312 3695 ἢ
333 3667 358 3705 44
384 3655 598 3700 τροπολίτην
627 3658 853 3702 θεσπίζομεν
882 3657 1151 3711 παραγίνεσθαι
1182 3651 1205 3691 ὅ
1228 3666 1275 3690 ως
1305 3656 1362 3689 ἐν·

290 3708 356 3731 ‘⁸⁴²¹'
390 3712 412 3731 α
435 3700 657 3745 γραμμάτων
675 3706 781 3748 χωρὶς
801 3716 1002 3737 κανονικων
1023 3703 1100 3738 τῶν
1125 3697 1252 3736 αὖτοὺς
1277 3713 1360 3734 κατ·
1394 3714 1398 3729 ι

1393 3323 1395 3333 ,
1429 3297 1505 3329 add.
1520 3297 1626 3338 Beck)
1643 3296 1656 3340 ΙΙ
1673 3298 1695 3331 4
1711 3299 1758 3329 tm
1775 3296 1807 3329 R
1824 3295 1837 3340 ΙΙ
1853 3297 1993 3338 quedam
2012 3298 2044 3330 Τ
2051 3297 2061 3317 ¹
2081 3296 2093 3340 ΙΙ
2110 3299 2129 3331 5

1393 3336 1395 3345 “
1427 3340 1496 3373 lare
1515 3341 1559 3375 T¹
1575 3342 1588 3385 ΙΙ
1605 3343 1626 3375 6
1643 3341 1674 3375 ei
1691 3354 1749 3375 om.
1764 3341 1820 3385 Vn
1838 3342 1960 3374 inferre
1981 3341 2034 3384 ΤΙΙ
2053 3344 2071 3375 7
2089 3342 2236 3375 iudicare
2250 3341 2336 3374 inste
2355 3338 2412 3382 711
2428 3349 2496 3372 non

1427 2757 2300 2848 3⁰:512ss§aissffitztfflsstgissffffafitam}
2314 2767 2501 2846 ῗῗΐᾜέῗ

1427 2858 1504 2879 vcro
1529 2849 1590 2880 hoc
1614 2848 1753 2880 fecerint
1777 2860 1796 2884 ς
1812 2848 1824 2892 ΙΙ
1842 2845 2018 2881 ἶδέτωσαν
2032 2846 2116 2880 LB⁶
2134 2846 2146 2890 ΙΙ
2172 2847 2210 2880 21
2232 2859 2258 2880 c.
2273 2847 2333 2880 IX
2356 2859 2413 2880 om.
2427 2846 2479 2881 B!
2489 2846 2501 2891 ΙΙ

1426 2888 1683 2937 μαγιστριάνο-τε
1705 2894 1752 2926 Μ
1781 2893 1793 2937 ΙΙ
1822 2890 1845 2935 ἢ
1869 2889 2078 2934 οἱαςδήποτε
2100 2892 2160 2928 Ae„-
2183 2893 2237 2935 (qs.
2261 2892 2351 2934 Iul.)]
2385 2888 2409 2934 ἢ
2441 2905 2499 2925 om.

1428 2938 1537 2971 MLB
1554 2938 1566 2981 ΙΙ
1585 2939 1627 2972 22
1645 2938 1699 2971 ὠν
1715 2938 1764 2972 L¹
1778 2938 1790 2982 ΙΙ
1809 2936 1958 2972 πλείονα
1973 2935 2167 2977 συνηθείας
2183 2937 2212 2970 L
2235 2935 2403 2970 πλείονας
2419 2948 2499 2971 συν-

1426 2981 1555 3023 ηθείας
1568 2983 1604 3016 Β
1622 2983 1765 3026 amplius
1781 2985 1814 3025 (i.
1826 2996 1852 3017 e.
1865 2981 2000 3024 πλεῖον)
2021 2981 2171 3023 sportula
2184 2993 2203 3017 ς
2220 2982 2232 3025 ΙΙ
2250 2983 2290 3015 23
2305 2979 2499 3024 διατάξεσι]

1431 3028 1509 3061 ΟοιΙ.
1524 3029 1555 3069 3,
1568 3035 1621 3069 2,5
1636 3033 1675 3067 (et
1688 3032 1739 3067 oi)
1761 3030 1773 3071 ss
1799 3029 1841 3062 24
1854 3026 1921 3061 τὸν
1933 3024 2092 3072 ἄρχοντα
2104 3028 2134 3060 A
2151 3027 2164 3070 ss
2182 3029 2225 3061 25
2239 3027 2356 3061 ταῦτα
2371 3023 2500 3060 ‹insuffi-

1427 3074 1502 3117 κεῖν
1514 3074 1545 3106 A
1564 3073 1576 3117 ΙΙ
1593 3074 1635 3107 26
1655 3072 1701 3106 τοὶ
1718 3073 1881 3115 τοιαῦτα]
1905 3072 2019 3106 ταῦτα
2036 3073 2089 3108 A:
2104 3074 2116 3115 ΙΙ
2134 3070 2357 3115 τολμήσασιν
2371 3073 2403 3105 A
2419 3073 2433 3116 ΙΙ
2448 3068 2499 3113 δὲ]

1426 3116 1495 3162 γὰρ
1509 3119 1538 3151 A
1557 3118 1569 3161 ΙΙ
1587 3118 1703 3151 ταῦτα
1727 3114 1746 3151 ὁ
1767 3119 1821 3159 M]
1846 3114 1866 3151 ὁ
1883 3118 1912 3151 L
1939 3112 2031 3150 αὐτὰ
2050 3114 2070 3150 ἆ
2090 3117 2124 3150 Β
2148 3112 2168 3149 ὁ
2195 3113 2301 3151 αὐτὸς
2316 3118 2347 3150 A
2370 3117 2439 3159 ipse
2455 3117 2502 3160 §fl

1428 3164 1468 3196 27
1486 3163 1549 3205 τῆς
1572 3160 1712 3197 πόλεως
1734 3163 1878 3205 ἐκείνης]
1902 3160 2051 3203 ἑκάστης
2074 3158 2212 3195 πόλεως
2235 3165 2288 3198 As·

1474 3253 1489 3284 1
1517 3252 1661 3285 constitu
1684 3251 1734 3285 1⁷¹
1749 3250 1763 3295 fl
1780 3252 1860 3284 haec
1886 3251 1919 3284 T
1928 3250 1941 3295 ΙΙ
1960 3251 2210 3286 custodiaturR
2230 3250 2429 3294 (novissimi-
2444 3259 2499 3283 eos

2145 3297 2287 3339 gratiam
2307 3293 2357 3329 V’
2372 3295 2386 3336 ΙΙ
2400 3303 2498 3337 regu-

1427 3387 1527 3430 vuly]
1552 3397 1612 3419 nos
1637 3388 1715 3421 libri
1737 3387 1750 3430 ΙΙ
1777 3386 1990 3429 impetrantes
2009 3387 2145 3430 νοω-φ]
2177 3385 2375 3428 imperantes
2398 3383 2467 3417 ΒΤ
2486 3386 2500 3428 ῃ

1465 3434 1564 3473 atque
1579 3431 1767 3475 provincias
1787 3444 1844 3465 om.
1866 3432 1898 3464 V
1909 3432 1922 3476 ΙΙ
1938 3432 2098 3474 *hicqueJ
2114 3431 2150 3464 in
2166 3440 2231 3474 que
2245 3428 2296 3463 R*
2317 3428 2434 3473 inique
2447 3428 2499 3461 13²

1427 3475 1544 3517 iniqua
1559 3477 1598 3518 T,
1621 3477 1657 3510 in
1673 3476 1821 3519 quelibet
1837 3476 1903 3510 alia
1926 3476 1974 3510 V³
1988 3478 2021 3511 in
2037 3483 2122 3520 spat.
2135 3487 2205 3509 vac.
2221 3485 2333 3508 versus
2345 3474 2472 3507 dimidii
2486 3473 2498 3518 ΙΙ

1429 3531 1587 3554 concurre
1608 3522 1656 3555 1⁷¹
1674 3523 1687 3565 Ι]
1704 3523 1745 3556 12
1767 3522 1867 3556 habet
1890 3521 1952 3573 1³11
1973 3523 2013 3556 13
2033 3521 2220 3554 descernere
2241 3518 2294 3552 T*
2312 3517 2325 3561 fl
2343 3519 2383 3551 15
2408 3518 2497 3551 iudi-

1429 3566 1497 3598 cari
1510 3567 1556 3598 R*
1576 3567 1588 3609 ΙΙ
1607 3568 1647 3602 18
1672 3567 1738 3600 huo
1759 3568 1846 3611 vutq.
1866 3566 1947 3611 ΙΙειιι
1969 3563 2167 3599 metimini
2192 3563 2225 3596 T
2267 3564 2308 3596 19
2332 3563 2412 3595 haec
2437 3563 2499 3608 Tu

1429 3611 1471 3644 20
1489 3611 1637 3645 chemate
1659 3612 1712 3656 V!
1731 3612 1774 3645 22
1790 3612 1894 3645 forme
1911 3611 1959 3644 13¹
1973 3609 1988 3655 Ι
2004 3608 2159 3651 acciperit
2179 3607 2226 3640 V*
2272 3608 2496 3650 sportularum

1429 3655 1513 3699 ναῖς.
1530 3655 1543 3700 Π
1562 3657 1604 3691 25
1629 3656 1800 3690 uindicare
1823 3655 1969 3697 Boura]
1999 3652 2144 3687 iudicare
2168 3652 2255 3695 VTll
2284 3654 2324 3687 27
2351 3653 2496 3686 vindica-

1430 3700 1515 3734 verit
1537 3703 1636 3746 vala]
1660 3700 1860 3734 indicauerit
1885 3698 1988 3733 RVT
2137 3723 2147 3728 -
