2586 3990
231 141 339 186 Nov.
363 141 481 184 CXX
511 144 547 183 5.
579 142 605 183 6

232 247 365 292 αὐτῶν,
389 248 438 284 αἱς
452 251 484 283 εἰ
500 249 644 284 τοιοῦτό
659 263 696 285 τι
710 252 876 296 γένηται,
899 254 960 286 καὶ
980 252 1090 286 τοῦτο
1112 249 1307 296 σἰνίσχυρον

231 297 332 329 ἔσται
355 298 415 328 καὶ
438 297 563 329 πᾶσαν
584 294 652 338 τὴν
675 299 885 340 περιουσίαν
909 292 1032 330 αὐτῶν
1054 308 1095 330 τε
1116 297 1194 330 τῶν
1218 294 1305 341 λαμ-

230 338 426 382 βανόντων
455 341 515 373 καὶ
538 340 615 374 τῶν
637 339 842 383 οἰκονόμων
872 344 932 375 καὶ
953 339 1223 387 χαρτουλκιρίων
1245 342 1306 375 καὶ

231 382 432 427 διοικητῶν,
456 383 508 418 οἷς
529 383 622 419 κατὰ
645 384 711 419 τὸν
734 386 808 431 εἰρη
877 398 919 420 ον
939 385 1080 430 τρόπον
1102 386 1305 420 συνάπτον-Υ

230 441 300 469 ται,
323 429 372 463 εἰς
390 428 456 463 τὸν
471 427 580 475 εὐαγῆ
603 429 703 464 οἶκον
725 430 765 471 ἐξ
787 444 830 465 ου
854 430 896 465 τὸ
914 431 1066 476 πρᾶγμα
1079 427 1306 476 λαμβάνωσι

228 472 319 514 μετὰ
341 473 409 517 τὴν
433 470 555 508 αὐτῶν
578 473 744 518 τελευτὴν
767 474 974 522 περιελθεῖν
998 474 1195 520 κελεύομεν.

1295 137 1380 186 582

2053 155 2114 187 DE
2141 154 2443 190 ALIENA'HONE

1372 250 1458 303 quid
1479 250 1559 295 fiat,
1589 254 1627 288 et
1648 251 1718 290 hoc
1739 253 1931 291 invalidum
1953 254 2020 291 erit
2050 255 2086 291 et
2117 264 2255 291 omnem
2277 254 2443 291 substan·
2491 263 2494 265 ·

1373 299 1460 332 tuam
1486 298 1560 331 tam
1590 306 1714 333 eorum
1743 299 1805 344 qui
1835 299 2014 345 accipiunt
2043 310 2149 346 quam
2172 309 2446 336 oeconomorum

1372 345 1408 376 et
1431 341 1703 393 cartulariorum
1733 346 1770 378 et
1797 343 2058 388 ordinatorum,
2091 345 2219 391 quibus
2251 345 2446 381 secundum

1396 386 1594 421 raedictum
1624 387 1766 423 modum
1801 388 1980 426 coniuncti
2009 393 2110 434 sunt,
2143 390 2182 427 in
2211 390 2446 426 venerabilem

1340 434 1360 467 5
1398 441 1532 475 omum,
1564 431 1607 467 de
1630 441 1702 476 qua
1724 442 1798 468 rem
1821 434 2018 479 accipiunt,
2050 438 2134 481 post
2156 436 2292 472 obitum
2323 445 2445 471 eorum

1372 475 1556 522 pervenire
1577 476 1754 513 iubemus.

1213 586 1369 623 CAPUT
1394 586 1455 624 VI.

295 655 370 687 Καὶ
391 654 509 688 ταῦτα
530 655 598 698 μὲν
618 655 678 690 ἐπὶ
701 655 764 698 τῆς
787 650 990 701 ἁγιωτάτης
1009 653 1162 702 μεγάλης
1184 654 1304 698 ἐκκλη-

227 701 305 733 σίας
337 701 398 732 καὶ
431 700 510 734 τῶν
537 700 734 745 εἰρημένων
763 696 905 745 εὗαγῶν
934 699 1045 735 οἴκων
1080 701 1158 735 τῶν
1189 702 1229 734 ἐν
1257 701 1303 747 τῇ

226 741 388 788 βασιλίδι
411 743 516 779 πόλει
539 748 599 779 καὶ
622 746 666 788 τῆ
691 741 798 788 αὐτῆς
826 743 1016 790 περιοικίδι
1047 746 1304 791 τυγχανόντων

1439 655 1488 691 Et
1510 655 1600 692 haec
1622 656 1765 701 quidem
1786 666 1895 701 super
1917 656 1974 693 his
2001 668 2093 702 quae
2115 662 2199 694 sunt
2220 659 2364 695 maioris
2387 669 2445 695 ec-

1373 700 1502 736 clesiae
1535 703 1572 736 et
1605 702 1870 746 praedictarum
1904 703 2154 740 venerabilium
2188 704 2372 740 domorum
2407 704 2445 739 in

1372 745 1469 789 regia
1501 746 1643 782 civitate
1674 751 1710 781 et
1740 746 1815 782 eius
1848 747 1998 782 circuitu
2030 748 2294 785 adhaerentium
2324 750 2445 794 dispo-

227 786 511 833 διετυπιόσαμεν.
570 791 630 825 ἐπὶ
645 781 702 824 ’δὲ
731 793 809 824 ταῖς
842 789 965 825 ἄλλαις
1000 786 1219 837 ἁγιωτάταις
1250 792 1303 824 ex·
1320 793 1358 824 10
1372 791 1519 826 suimus.
1564 791 1606 827 In
1629 792 1708 828 aliis
1732 802 1815 827 vero
1832 792 2066 828 sanctissimis
2089 794 2247 830 ecclesiis
2269 798 2306 829 et
2321 805 2443 830 mona-

226 832 386 877 κλησίαις
408 838 469 868 καὶ
483 838 735 882 μοναστηρίοις
758 838 818 869 καὶ
837 835 967 876 ξενῶσι
990 839 1050 869 καὶ
1066 840 1305 880 νοσοκομείοις

226 882 287 913 καὶ
310 878 445 914 λοιποῖς
475 876 641 926 εὗαγέσιν
672 881 778 914 οἴκοις
807 884 879 914 τοῖς
902 882 941 914 ἐν
963 878 1121 915 ἁπάσαις
1143 884 1219 915 ταῖς
1243 883 1304 916 ἐπ-

227 927 364 970 αρχίαις
387 925 448 967 τῆς
467 923 636 970 ἡμετέρας
656 925 836 960 πολιτείας
855 928 1042 970 κειμένοις,
1063 923 1104 960 οὗ
1123 926 1195 970 μὴν
1215 923 1303 960 ἇλλὰ

1373 836 1491 889 steriis
1508 840 1543 871 et
1558 837 1789 873 xenodochiis
1808 840 1843 872 et
1857 838 2071 890 nosocomiis
2095 848 2159 874 seu
2177 839 2321 891 reliquis
2340 849 2444 875 vene·

1372 881 1544 917 rab111bus
1562 882 1723 918 domibus
1744 891 1837 927 quae
1855 893 1893 918 1u
1909 883 2071 918 omnibus
2090 883 2281 928 provinciis
2302 889 2446 920 nostrae

1371 926 1589 979 reipublicae
1612 928 1749 972 positae
1769 930 1862 970 sunt,
1887 938 2008 964 verum
2025 929 2129 963 etiam
2153 929 2446 965 monasteriorum

226 972 288 1003 καὶ
309 973 561 1015 μοναστηρίοις
585 972 625 1004 έν
647 972 691 1018 τῇ
716 968 877 1015 βασιλίδι
909 969 1013 1006 πόλει
1043 975 1104 1005 καὶ
1126 983 1171 1018 τῃ
1196 968 1305 1015 αὐτῆς
1371 981 1409 1007 ln
1432 972 1527 1016 regia
1551 972 1691 1007 civitate
1723 974 1759 1008 et
1782 974 1858 1008 eius
1890 973 2041 1008 circuitu
2071 973 2337 1010 adhaerentium
2360 985 2444 1010 oon-

227 1012 418 1060 περιοικίδι
430 1014 669 1062 τυγχάνουσιν
686 1012 897 1050 ἀκολούθως
913 1014 1068 1061 διορίσαι
1085 1015 1302 1061 συνοίδαμεν.
1318 1019 1359 1051 15
1372 1021 1560 1061 sequenter
1584 1017 1731 1053 definire
1754 1018 2002 1063 praevidimus.

226 1062 247 1094 1
296 1057 440 1094 ’Ἀδειαν
458 1064 583 1095 τοίνυν
603 1059 748 1105 δίδομεν
767 1064 840 1095 τοῖς
860 1062 1054 1105 εἰρημένοις
1072 1058 1135 1095 εὗα
1159 1065 1236 1096 ε’σιν
1255 1062 1302 1096 οἴ-

226 1115 300 1139 κοις
322 1105 370 1148 μὴ
392 1106 507 1148 μόνον
530 1105 745 1151 πρόςκαιρον
768 1106 984 1152 ἐμφύτευσιν
1008 1075 1196 1142 ποιεῖστζαι
1227 1108 1305 1142 τῶν

227 1146 412 1192 ἀκινήτων
441 1148 668 1198 πραγμάτων
693 1152 770 1185 τῶν
795 1148 914 1186 αὐτοῖς
929 1151 1195 1197 προςηκόντων,
1215 1149 1305 1187 ἀλλὰ

226 1198 287 1229 καὶ
311 1194 482 1239 διηνεκῶς
512 1196 630 1231 ταῦτα
653 1198 896 1251 ἐμφυτευτιέιῴ
910 1195 1055 1252 ’δικαίῳ
1085 1201 1158 1232 τοῖς
1179 1196 1303 1243 βουλο-

1372 1064 1394 1098 1
1441 1062 1637 1097 Licentiam
1667 1063 1774 1106 igitur
1805 1063 1929 1098 damus
1962 1063 2155 1108 praedictis
2186 1063 2446 1100 venerabilibus

1372 1107 1535 1143 domibus
1566 1118 1638 1143 non
1668 1108 1781 1143 solum
1813 1109 1858 1144 ad
1883 1112 2022 1154 tempus
2052 1109 2295 1154 emphyteosin
2327 1110 2447 1145 facere

1372 1152 1601 1188 immobilium
1630 1162 1749 1189 rerum
1779 1154 1846 1189 sibi
1869 1155 2159 1199 competentium,
2189 1154 2252 1190 sed
2275 1158 2446 1200 perpetue

1373 1198 1459 1233 haec
1482 1198 1742 1243 emphyteotico
1772 1199 1849 1235 iure
1880 1200 2078 1236 volentibus
2106 1199 2193 1236 dari.
2242 1199 2292 1234 Et
2315 1199 2346 1235 si
2369 1200 2445 1244 qui·

225 1242 345 1285 μένοις
376 1239 530 1276 διδόναι.
577 1243 637 1275 καὶ
668 1243 699 1275 εἰ
730 1244 797 1286 μὲν
812 1255 1029 1297 ἶοιγιανιιιτοιι
1059 1237 1151 1278 ὦσιν
1181 1242 1303 1286 έκκλη-
1317 1245 1358 1277 20
1372 1243 1451 1277 dem
1474 1243 1721 1279 sanctissimae
1744 1244 1815 1279 sint
1837 1245 2010 1280 ecclesiae
2037 1244 2092 1280 vel
2116 1245 2207 1280 aliae
2226 1245 2445 1280 venerabiles

226 1289 304 1320 σίαι
327 1284 350 1330 ἢ
373 1288 487 1331 ἕτεροι
511 1283 645 1334 εὐαγεῖς
667 1287 772 1329 οἴκοι,
797 1300 851 1322 ων
873 1285 943 1331 τὴν
966 1285 1143 1331 διοίκησιν
1167 1285 1186 1322 ὁ
1210 1289 1303 1322 κατὰ

226 1328 344 1366 τόπον
374 1330 573 1366 ὁσιώτατος
601 1334 792 1367 ἐπίσκοπος
822 1330 846 1376 ἢ
875 1329 927 1367 δι’
953 1333 1080 1368 ἑαυτοῦ
1107 1331 1130 1376 ἢ
1153 1331 1215 1367 διὰ
1238 1335 1302 1368 τοῦ

226 1373 374 1423 εὖαγοῦς
404 1374 514 1411 αὐτοῦ
545 1376 674 1422 κλήρου
697 1381 872 1422 ποιεῖται,
903 1376 996 1412 κατὰ
1018 1379 1094 1425 γνιό
1123 1391 1168 1423 ην
1193 1376 1303 1413 αὐτοῦ

226 1424 287 1455 καὶ
307 1425 514 1457 συναίνεσιν
535 1423 708 1468 γίνεσθαι
731 1423 774 1458 τὸ
793 1424 957 1458 τοιοῦτον
975 1422 1085 1458 συνάλ
1108 1437 1216 1470 αγμα,
1240 1421 1303 1468 ὃμ-

1374 1288 1508 1332 domus,
1534 1298 1685 1333 quarum
1707 1289 1998 1334 gubernationem
2021 1290 2091 1325 loci
2112 1290 2355 1325 sanctissimus
2371 1289 2445 1335 epi·

1373 1343 1504 1378 scopus
1528 1337 1592 1369 aut
1615 1345 1679 1378 per
1702 1344 1741 1370 se
1764 1339 1826 1371 aut
1850 1344 1914 1380 per
1933 1335 2167 1370 venerabilem
2191 1336 2323 1371 clerum
2346 1335 2444 1378 facit,

1374 1389 1454 1413 cum
1486 1379 1669 1415 voluntate
1703 1389 1825 1415 eorum
1857 1383 1892 1415 et
1922 1390 2098 1416 consensu
2133 1380 2211 1416 fieri
2245 1380 2447 1416 huiusmodi

1373 1427 1615 1469 contractum,
1650 1425 1850 1461 iurantibus
1881 1431 2069 1470 praesente
2103 1436 2145 1461 eo
2181 1426 2381 1461 oeconomis
2411 1427 2447 1461 et

225 1465 372 1502 νύντων
394 1466 577 1513 παρόντος
605 1464 718 1502 αὐτοῦ
749 1469 825 1503 τῶν
847 1466 1050 1512 οἰκονόμων
1080 1473 1141 1503 καὶ
1173 1467 1303 1511 διοικη-
1317 1471 1358 1503 25
1372 1469 1718 1505 administratoribus
1741 1474 1777 1506 et
1793 1471 1992 1506 cartulariis
2015 1470 2127 1516 ipsius
2150 1470 2360 1507 venerabilis
2384 1470 2446 1506 do-

226 1513 304 1547 τῶν
317 1515 379 1547 καὶ
397 1511 668 1560 χαρτουλαρίων
690 1514 754 1548 τοῦ
770 1510 879 1548 αὐτοῦ
900 1511 1047 1560 εὖαγοῦς
1071 1514 1176 1555 οἴκου,
1198 1512 1246 1548 ὠς
1265 1516 1304 1548 ἐκ

226 1557 368 1613 ταύτης,
384 1559 448 1602 τῆς
467 1555 715 1604 έμφυτεύσεως
737 1555 884 1603 οὐδεμία
907 1560 1014 1614 ζημία
1044 1561 1099 1602 τῷ
1123 1556 1222 1603 αὐτῷ
1247 1558 1302 1593 εὐ-

1371 1525 1461 1556 mus,
1494 1515 1590 1559 quod
1621 1526 1668 1567 ex·
1695 1517 1763 1550 hac
1787 1517 1890 1569 emph
1915 1516 2006 1551 teosi
2035 1517 2170 1552 nullum
2199 1516 2365 1569 damnum
2395 1515 2445 1551 ei-

1372 1559 1451 1595 dem
1479 1560 1671 1596 venerabili
1700 1561 1818 1596 domui
1845 1572 1882 1596 in
1899 1565 2012 1604 ertur;
2048 1561 2080 1597 si
2101 1571 2185 1598 vero
2214 1562 2360 1607 ptochia
2383 1563 2446 1596 aut

228 1606 307 1648 αγεῖ
327 1605 414 1647 οὶκῳ
438 1604 629 1650 ἐπάγεται·
665 1605 696 1638 εἰ
720 1602 760 1638 δὲ
782 1607 942 1651 πτωχςῖα
972 1618 994 1648 η
1019 1604 1168 1644 ξινῶνις
1197 1603 1221 1648 ἢ
1243 1618 1303 1639 νο-
1370 1615 1526 1641 xenones
1557 1607 1620 1640 aut
1642 1606 1848 1642 nosocomia
1877 1610 1940 1642 aut
1962 1606 2118 1660 reliquae
2141 1607 2358 1643 venerabiles
2383 1606 2444 1642 do-

227 1651 394 1694 σοκομεῖα
424 1646 449 1692 ἢ
472 1650 588 1696 ἕτεροι
609 1646 745 1696 εὐαγεῖς
767 1649 858 1684 οἴκοι
882 1652 973 1684 ιᾶσιν
1005 1648 1102 1685 ἰδίαν
1126 1648 1303 1694 διοίκησιν
1371 1661 1450 1685 mus
1485 1650 1557 1686 sint
1592 1652 1772 1696 propriam
1809 1652 2151 1688 administra-nonem
2187 1652 2379 1695 habentes,
2414 1651 2447 1687 si

227 1693 382 1737 ἔχοντες,
418 1695 450 1728 εἰ
478 1696 546 1738 μὲν
573 1691 694 1741 ἁγίους
722 1691 920 1740 εὗκτηρίους
949 1694 1063 1730 οἴκους
1094 1695 1186 1730 εἶναι
1218 1708 1301 1739 συμ-
1315 1698 1358 1731 30
1372 1695 1511 1741 quidem
1535 1696 1749 1732 venerabilia
1773 1698 1928 1732 oratoria
1951 1707 2029 1733 esse
2053 1697 2255 1742 contigerit.
2281 1707 2361 1732 cum
2383 1707 2444 1732 vo-

226 1742 325 1783 βαίη,
357 1739 450 1774 κατὰ
472 1736 624 1785 γνώμην
653 1740 718 1774 τοῦ
743 1739 905 1774 πλείονος
933 1743 980 1784 με’
999 1752 1057 1775 ους
1085 1741 1163 1775 τῶν
1194 1742 1305 1774 ἐκεῖσε
1371 1740 1508 1776 luntate
1531 1741 1677 1777 maioris
1696 1741 1807 1786 partis
1829 1742 1958 1778 ibidem
1974 1742 2199 1778 adorantium
2223 1742 2443 1785 clericorum,

228 1782 533 1831 λειτουργούντων
555 1784 743 1830 κληρικᾱὶν,
766 1783 808 1818 οὐ
832 1785 904 1829 μὴν
929 1782 973 1818 ἀλ
1005 1785 1014 1796 “
1042 1788 1103 1819 καὶ
1125 1786 1188 1820 τοῦ
1211 1786 1303 1820 oino-
1370 1795 1437 1821 nec
1460 1796 1531 1821 non
1563 1790 1599 1821 et
1622 1787 1823 1830 oeconomi,
1855 1787 1887 1822 si
1909 1797 1992 1822 vero
2022 1797 2141 1823 xenon
2169 1790 2233 1823 aut
2262 1786 2445 1832 ptochium

227 1827 360 1875 νόμον,
384 1830 416 1864 εἰ
432 1828 471 1864 δὲ
488 1828 603 1871 ξενών
626 1829 649 1873 ἢ
664 1832 843 1873 πτωχιῖον
865 1828 888 1873 ἢ
904 1833 1135 1874 νοσοκομεῖον
1151 1827 1174 1873 ἢ
1190 1831 1307 1876 ἕτερος
1374 1833 1438 1866 aut
1459 1832 1703 1867 nosocomium
1726 1834 1789 1867 aut
1808 1832 1878 1868 alia
1896 1832 1943 1868 sit
1956 1832 2167 1868 venerabilis
2190 1832 2326 1875 domus,
2348 1832 2444 1878 apud

294 1933 323 1955 c.
345 1921 398 1955 VI
411 1933 466 1965 pr.
489 1922 546 1963 (10
568 1917 650 1955 Ἐπὶ
671 1923 749 1955 ταῖς
771 1918 896 1956 ἄλλαις
908 1946 1006 1954 .....
1009 1922 1021 1964 )
1045 1929 1076 1955 et
1098 1921 1150 1964 §1
1173 1929 1282 1955 extant
1297 1922 1346 1955 B⁸
1367 1924 1403 1955 Ε
1418 1924 1468 1956 11.
1483 1930 1510 1964 5,
1533 1922 1556 1966 ξ
1570 1923 1589 1955 2
1603 1922 1748 1964 (-583,
1763 1930 1795 1956 19
1821 1921 2154 1967 παρακελευόμεθα)
2179 1925 2220 1957 ib.
2237 1925 2258 1957 6
2283 1930 2372 1965 extr„
2394 1935 2443 1956 se-

227 1967 389 2011 quentinm
411 1979 511 2009 usque
536 1968 581 2001 ad
593 1969 697 2009 finem
721 1966 743 2010 ξ
763 1967 784 2000 2
807 1979 929 2001 summa
953 1968 995 2000 ib.
1008 1968 1028 2001 6
1047 1968 1089 2000 in.
1116 1986 1159 1990 —
1181 1966 1204 2011 ξ
1219 1969 1235 2001 1
1251 1969 1313 2000 et2
1333 1968 1377 2001 in.
1401 1964 1559 2008 (Ἄδειαν
1580 1969 1705 2001 τοίνυν
1729 1964 1874 2011 δίδομεν
1896 1970 1971 2002 τοῖς
1993 1965 2155 2013 εὖαγέσιν
2178 1967 2285 2002 οἴκοις
2306 1970 2380 2002 τοῖς
2402 1968 2444 2002 ἐν

228 2008 388 2046 ἁπάσαις
410 2013 488 2045 ταῖς
510 2012 695 2056 ἐπαρχίαις
716 2011 777 2054 τῆς
799 2008 970 2056 ἡμετέρας
993 2009 1173 2046 πολιτείας
1196 2013 1383 2067 κειμένοις,
1407 2008 1448 2045 οὗ
1466 2010 1541 2056 μὴν
1559 2009 1649 2045 ἀλλὰ
1673 2015 1734 2045 καὶ
1756 2016 2005 2057 μοναστηρίοις
2028 2014 2068 2046 ἐν
2089 2012 2135 2059 τῇ
2157 2010 2318 2057 βασιλίδι
2341 2009 2444 2048 πόλει

228 2059 288 2091 καὶ
309 2057 355 2102 τῇ
376 2053 486 2099 αὐτῆς
504 2054 696 2101 περιοικίδι
718 2056 767 2100 μὴ
788 2056 905 2101 μόνον
927 2055 1140 2102 πρόςκαιρον
1165 2057 1379 2102 ἐμφυτευσιν
1401 2076 1446 2082 —
1470 2059 1545 2099 583,
1559 2065 1590 2091 15
1615 2054 1807 2100 διδόμενον
1830 2058 1990 2103 πρᾶγμα)
2017 2060 2140 2101 passim
2172 2065 2309 2093 mutatas
2339 2066 2369 2092 et
2392 2061 2443 2091 de-

227 2110 374 2137 curtatas
397 2104 493 2136 habet
520 2103 599 2136 Calc.
617 2104 657 2136 87
683 2115 754 2146 cap.
771 2104 812 2135 14
835 2103 923 2143 (inde
948 2115 1025 2145 app.
1040 2102 1174 2136 Nomoc.
1192 2103 1257 2144 12),
1282 2103 1452 2135 earundem
1476 2104 1678 2135 summarium
1702 2103 1850 2145 Epitome
1874 2105 1905 2145 7,
1918 2111 1954 2137 40
1974 2116 2009 2147 p.
2024 2104 2088 2137 328
2102 2103 2229 2145 Zach.).

228 2192 404 2229 eiusmodi
447 2195 566 2227 actum
589 2191 647 2234 sit,
671 2195 706 2227 et
729 2190 799 2226 hoc
821 2191 965 2225 irritum
986 2190 1074 2236 fore
1095 2195 1130 2226 et
1154 2201 1293 2225 omnem
1315 2190 1550 2226 substantiam
1573 2195 1652 2226 cu'm
1675 2202 1799 2226 eorum
1824 2192 1887 2237 qui
1910 2192 2114 2239 acceperint
2137 2197 2210 2228 tum
2234 2203 2444 2229 oeconomo-

226 2249 308 2274 rum
330 2241 367 2273 et
387 2248 408 2272 c
478 2236 692 2273 talariorum
714 2240 750 2272 et
772 2235 1123 2278 administratorum,
1146 2236 1276 2281 quibus
1297 2235 1491 2271 secundum
1511 2236 1737 2282 praedictum
1759 2237 1903 2272 modum
1926 2238 2205 2284 coniunquntur‚
2229 2237 2280 2273 ad
2296 2249 2443 2274 venera-

228 2283 332 2320 bilem
355 2282 497 2318 domum
520 2293 570 2317 ex
594 2293 666 2328 qua
689 2292 765 2317 rem
787 2285 1006 2327 acceperunt
1023 2286 1111 2333 post
1135 2285 1283 2316 mortem
1304 2292 1430 2316 eorum
1446 2281 1638 2328 pervenire
1661 2292 1730 2316 nos
1751 2282 1881 2318 iubere.

362 2328 423 2363 VI.
472 2326 523 2363 Et
537 2327 626 2364 baec
642 2327 784 2373 quidem
802 2326 847 2362 de
862 2326 1091 2362 sanctisSima
1114 2325 1252 2362 maiore
1271 2326 1421 2362 ecclesia
1442 2331 1478 2362 et
1494 2326 1695 2372 praedictis
1718 2326 1977 2363 venerabilibus
1999 2326 2161 2362 domibus
2179 2338 2273 2373 quae
2287 2327 2326 2363 in
2341 2329 2443 2374 reyia

227 2373 371 2410 civitate
401 2372 456 2409 vel
485 2372 563 2408 eius
593 2372 776 2408 territorio
804 2374 891 2407 sunt
920 2371 1180 2407 constituimus.
1227 2369 1275 2406 In
1305 2371 1455 2417 reliquis
1485 2379 1603 2407 autem
1631 2372 1866 2407 sanctissimis
1895 2371 2054 2408 ecclesiis
2087 2376 2123 2408 et
2151 2373 2380 2409 monasteriale
2409 2379 2444 2409 et

227 2418 432 2456 xenonibus
461 2423 497 2454 et
518 2418 735 2454 nosocomiis
763 2421 799 2452 et
819 2417 947 2452 ceteris
970 2416 1231 2452 venerabilibus
1252 2416 1416 2452 domibus
1446 2427 1540 2463 quae
1568 2416 1608 2451 in
1632 2417 1794 2452 omnibus
1823 2421 1971 2453 nostrae
2001 2416 2220 2464 reipublicae
2242 2418 2445 2465 provinciis

227 2465 319 2500 sitae
341 2466 437 2506 sunt,
465 2473 530 2499 nec
553 2474 627 2498 non
650 2462 877 2498 monasteriis
907 2472 1002 2507 quae
1031 2461 1070 2496 in
1092 2462 1195 2508 reqia
1218 2462 1360 2497 civitate
1389 2465 1426 2498 et
1448 2461 1633 2498 territorio
1656 2462 1734 2498 eius
1755 2466 1856 2504 sunt,
1890 2467 2147 2508 consequenter
2174 2462 2324 2508 definire
2344 2463 2445 2499 nobis

228 2511 251 2546 1
291 2509 445 2556 placuit.
522 2508 746 2544 Facultatem
762 2507 876 2554 iqitur
888 2511 1122 2553 praestamus
1139 2506 1338 2553 praedictis
1357 2506 1617 2543 venerabilibus
1633 2506 1796 2542 domibus
1811 2518 1883 2543 non
1898 2507 2014 2543 solum
2030 2509 2284 2555 temporariam
2299 2508 2444 2556 emphy-

229 2554 345 2590 teusin
366 2564 488 2590 rerum
510 2553 742 2589 immobilium
772 2563 866 2598 quae
887 2551 938 2587 ad
958 2562 1021 2588 eas
1040 2552 1223 2603 pertinent
1242 2551 1425 2597 faciendi,
1455 2551 1520 2588 sed
1542 2552 1649 2587 etiam
1675 2556 1855 2598 perpetuo
1885 2552 1969 2588 illas
1990 2552 2251 2600 emphyteutico
2281 2554 2361 2589 iure
2384 2565 2444 2590 vo-

230 2599 382 2635 lentibus
406 2598 583 2634 tradendi.
631 2597 681 2633 Et
701 2598 734 2632 si
757 2597 899 2650 quidem
929 2597 1178 2633 sanctissimae
1209 2596 1379 2633 ecclesiae
1406 2597 1481 2633 sint
1509 2596 1566 2633 vel
1589 2596 1685 2633 aliae
1708 2597 1926 2633 venerabiles
1948 2597 2084 2640 domus,
2117 2609 2270 2644 quarum
2293 2599 2443 2634 admini-

228 2646 440 2681 strationem
462 2643 710 2680 sanctissimus
731 2654 808 2678 eius
828 2642 900 2678 loci
917 2642 1110 2689 episcopus
1128 2642 1184 2677 vel
1226 2653 1266 2678 er
1280 2653 1318 2678 se
1338 2642 1394 2678 vel
1407 2653 1479 2689 per
1494 2641 1727 2679 venerabilem
1748 2642 1824 2677 eius
1839 2642 1973 2678 clerum
1987 2647 2142 2685 exercet,
2167 2644 2243 2679 eius
2260 2644 2444 2680 voluntate

229 2694 265 2726 et
287 2699 461 2726 consensu
484 2687 688 2724 huiusmodi
711 2692 919 2724 contractus
938 2687 1025 2732 fiat,
1057 2654 1261 2723 ιἰιναητίἷιιε
1289 2698 1333 2723 eo
1361 2692 1552 2734 praesente
1574 2687 1775 2723 oeconomis
1804 2691 1840 2723 et
1862 2687 2212 2724 administratoribus
2243 2693 2277 2724 et
2300 2689 2443 2725 chartu-

229 2735 333 2771 lariis
361 2733 520 2770 eiusdem
549 2733 762 2770 venerabilis
791 2732 933 2777 domus,
967 2732 1106 2768 nullum
1135 2731 1304 2768 damnum
1338 2743 1388 2769 ex
1421 2731 1491 2768 hac
1512 2730 1735 2779 emphyteusi
1763 2731 1877 2768 eidem
1912 2733 2108 2769 venerabili
2135 2732 2258 2769 domui
2291 2734 2442 2786 afferri.

229 2780 367 2824 Quodsi
386 2778 541 2827 ptochia
570 2778 627 2815 vel
652 2789 818 2814 xenones
847 2778 904 2814 vel
930 2777 1139 2814 nosocomia
1169 2778 1226 2814 vel
1255 2777 1349 2814 aliae
1379 2777 1598 2814 venerabiles
1626 2776 1755 2813 domus
1775 2777 1850 2813 sint
1873 2778 2069 2824 propriam
2099 2777 2442 2814 administrationem

230 2825 410 2866 habentes,
439 2825 472 2860 si
493 2824 638 2870 quidem
659 2824 760 2870 sorte
781 2827 929 2859 sanctae
951 2823 1079 2859 domus
1102 2822 1287 2859 oratoriae
1309 2823 1392 2866 sint,
1422 2823 1608 2859 voluntate
1629 2822 1777 2857 maioris
1796 2823 1920 2869 partis
1943 2823 2154 2858 clericorum
2211 2823 2249 2858 ui
2271 2822 2322 2858 ibi
2341 2823 2443 2858 mini—

229 2870 340 2906 steria
364 2871 504 2911 obeunt,
527 2880 593 2905 nec
614 2879 687 2904 non
711 2870 912 2910 oeconomi,
934 2869 990 2903 sin
1013 2879 1138 2904 xenon
1158 2868 1215 2904 vel
1232 2867 1418 2915 ptochium
1438 2868 1495 2903 vel
1515 2867 1759 2903 nosocomium
1782 2867 1838 2903 vel
1859 2868 1933 2903 alia
1954 2868 2002 2903 sit
2023 2868 2187 2904 venerabi
2201 2868 2233 2902 is
2252 2867 2388 2910 domus,
2412 2869 2443 2903 is

278 2963 295 2997 1
322 2955 444 2994 αὐτῶν
466 2973 526 2994 om.
540 2959 658 2993 Prock.
674 2959 687 3003 1]
703 2957 741 2994 εἴ
753 2971 790 2993 τι
810 2958 976 2993 τοιοῦτον
994 2959 1025 2993 C
1034 2959 1279 3000 Nomoc.m1o‚1
1294 2957 1307 3002 11

230 3004 420 3053 γενήσεται
444 3005 479 3038 Β
494 3005 507 3048 11
534 3006 553 3038 2
578 3005 672 3038 ἔστω
698 3004 814 3038 Procli·
824 3006 972 3048 plerique
988 3003 1001 3047 11
1018 3000 1141 3038 αὐτῶν
1165 3017 1223 3037 om.
1238 3003 1306 3037 No-

231 3051 328 3086 moe.d
344 3052 420 3093 8,13
435 3049 448 3095 11
465 3061 506 3084 τε
529 3050 617 3091 τῶν]
640 3049 718 3083 τῶν
740 3061 780 3082 τε
805 3049 868 3094 Bu
886 3051 906 3083 3
929 3052 990 3082 καὶ
1012 3049 1091 3083 τῶν
1112 3046 1306 3094 χαρτουλα·

232 3100 323 3142 ρίων
350 3097 417 3130 οο.
432 3095 484 3138 Lu
513 3097 531 3128 7
556 3095 617 3129 ἐπὶ
640 3095 714 3137 τῆς]
739 3104 838 3137 super
862 3094 914 3127 his
937 3104 1021 3136 quae
1044 3097 1123 3127 sunt
1143 3095 1180 3135 (i.
1194 3107 1219 3128 e.
1247 3094 1307 3128 ἐπὶ

231 3144 304 3176 τοῖς
311 3142 342 3184 1)
355 3153 373 3177 ς
386 3142 400 3179 11
417 3137 622 3186 ἁγιωτάτης
638 3153 695 3173 om.
707 3151 736 3181 ς,
751 3137 904 3185 μεγάλης
921 3152 977 3173 om.
990 3140 1020 3173 0
1029 3152 1057 3172 υ.
1070 3140 1090 3172 L
1109 3140 1122 3182 fl
1139 3141 1181 3174 10
1195 3134 1305 3185 ἁγιω-

230 3185 368 3227 τάταις]
393 3181 613 3231 ἁγιωτάταις
634 3182 802 3231 μεγάλαις
829 3185 897 3219 Cv.
911 3185 961 3228 Lfl
989 3186 1026 3219 11
1052 3187 1306 3229 μοναστηρίων

233 3233 325 3275 M‘fl
345 3233 386 3265 12
409 3233 481 3272 καὶ]
506 3241 562 3264 seu
582 3230 631 3273 ς11
651 3233 691 3265 16
711 3230 904 3275 εἰρημένοις
927 3242 986 3263 om.
1004 3230 1124 3263 CColl.
1140 3231 1181 3263 87
1198 3241 1270 3272 cap.
1295 3227 1307 3272 ΙΙ

234 3280 273 3312 17
299 3275 499 3317 ποιεῖσθαι]
522 3274 697 3321 γενέσθαι
717 3275 763 3309 Μ
778 3277 792 3316 1Ι
824 3277 865 3310 19
889 3276 948 3307 καὶ
971 3287 1029 3308 om.
1043 3286 1062 3311 ς
1084 3274 1096 3319 11
1126 3276 1166 3308 21
1192 3274 1306 3318 ἕτεροι

232 3336 290 3356 om.
301 3323 352 3356 Βε
366 3323 380 3365 11
398 3323 441 3355 22
457 3318 657 3366 ἁγιώτατος
675 3321 755 3354 G'oll.
770 3321 809 3354 87
824 3333 896 3363 cap.
915 3319 927 3362 Ι
945 3320 987 3354 23
1007 3316 1119 3353 αὐτοῦ
1136 3319 1284 3355 om.B⁶5
1294 3318 1306 3361 ΙΙ

233 3370 276 3402 24
299 3362 512 3411 ὄμνυόντων
540 3366 619 3400 σου.
645 3367 685 3400 87
712 3378 783 3408 cap.
809 3366 864 3406 (id.
888 3366 964 3406 583,
981 3366 1011 3405 ι)
1042 3364 1054 3407 fl
1082 3365 1124 3398 25
1148 3366 1208 3397 και
1229 3363 1307 3397 τῶν

233 3410 427 3466 διριιιητῶν
451 3411 481 3444 L
509 3411 522 3454 1Ι
549 3411 614 3444 τοῦ
634 3406 787 3463 εὖαγρῦς
805 3406 915 3443 αὐτοῦ
938 3407 1066 3469 κληρου
1091 3411 1122 3442 L
1145 3412 1157 3452 11
1183 3409 1228 3464 27
1252 3408 1307 3450 τῷ

234 3469 331 3579 Ζέιῑῗ
340 3457 787 3544 ιῖἵιιοοο’ῗεῖἷὶἶῗ,ὶὶ.αέἷὲῗ
797 3455 922 3543 ᾖξ”,ή
941 3453 1307 3540 ᾈοῖῗιίἷκῖᾆῖἕῖἴωῗ

266 3560 284 3578 o
310 3571 318 3580 .
333 3549 373 3581 87
389 3559 461 3590 cap.

1375 2960 1421 2992 ad
1433 2959 1466 3002 8)
1484 2958 1497 3003 11
1511 2960 1590 2992 sunt
1609 2957 1670 2999 17³]
1695 2971 1754 2992 om.
1770 2958 1858 2992 RV¹
1870 2958 1928 3001 Τ11
1945 2960 1964 2992 8
1981 2958 2057 2999 *inJ
2081 2968 2165 3000 quae
2181 2960 2261 2991 sunt
2274 2958 2312 2992 in
2333 2958 2443 2993 V³T²

1372 3005 1460 3046 vuly.
1485 3014 1570 3045 quae
1585 3003 1656 3037 eius
1671 3006 1750 3036 sunt
1765 3003 1815 3036 R²
1838 3004 1897 3045 qui
1921 3004 1991 3036 eius
2014 3007 2064 3036 est
2082 3003 2208 3043 V²T²;
2233 3006 2330 3038 verba
2346 3006 2442 3038 inter-

1368 3050 1486 3092 polata
1510 3050 1556 3083 ad
1568 3050 1709 3092 priorem
1734 3050 1833 3082 locum
1856 3061 1886 3081 υ.
1901 3051 1920 3082 7
1941 3050 2102 3091 pertinere
2125 3050 2272 3083 videntur
2295 3048 2307 3094 11
2336 3051 2356 3084 9
2379 3050 2442 3083 oir-

1372 3095 1500 3128 cuitum
1520 3093 1569 3128 V¹
1581 3094 1612 3128 T
1623 3094 1632 3115 ¹
1648 3093 1662 3137 11
1689 3095 1726 3128 11
1750 3094 1983 3127 exonodoohiis
2010 3094 2043 3127 Τ
2049 3094 2059 3114 ¹
2075 3093 2087 3135 11
2105 3096 2138 3127 et
2160 3094 2361 3127 nosohomiis
2382 3094 2442 3137 1⁷¹,

1372 3152 1430 3172 om.
1445 3140 1477 3173 R
1493 3138 1507 3182 11
1523 3138 1674 3181 reliquis]
1697 3138 1774 3172 eliis
1799 3139 1856 3182 ΤΙΙ
1877 3140 1917 3173 12
1939 3138 2136 3182 provintieis
2153 3140 2185 3173 T
2192 3140 2203 3159 ¹
2227 3139 2240 3182 fl
2272 3141 2310 3174 13
2333 3140 2443 3182 posita

1372 3185 1441 3218 sint
1461 3184 1516 3228 Vll
1541 3185 1652 3225 etiam]
1677 3183 1774 3217 etiam
1799 3183 1835 3216 in
1859 3184 1927 3218 ΒΤ
1945 3185 1958 3227 11
1981 3185 2212 3217 mosteriorum
2234 3184 2296 3225 1²¹,
2328 3195 2441 3218 mona-

1373 3230 1483 3262 steriis
1503 3230 1589 3272 vulq.
1606 3229 1619 3273 fl
1645 3230 1688 3263 14
1709 3229 1748 3262 in
1768 3229 1812 3269 V]
1836 3228 1872 3262 in
1897 3229 1958 3262 hac
1981 3229 2140 3272 RTvuly.
2159 3228 2363 3273 flcireuitum
2384 3230 2443 3269 Tu

1372 3274 1585 3308 adherentem
1605 3274 1654 3316 R,
1678 3274 1933 3307 adhaerentibus
1956 3275 2039 3317 vulq.
2062 3274 2074 3317 ΙΙ
2103 3275 2143 3309 18
2167 3273 2234 3315 sed]
2257 3274 2315 3308 sed
2338 3277 2372 3307 et
2393 3273 2442 3307 R'

1376 3318 1544 3364 T2vu19.ss
1556 3322 1750 3363 perpetuum
1771 3319 1825 3362 Vn
1846 3321 1885 3353 19
1898 3320 1988 3360 haec]
2006 3329 2041 3351 ec
2061 3319 2110 3352 V¹
2134 3330 2150 3351 e
2172 3318 2220 3352 V2
2236 3319 2248 3362 11
2267 3320 2304 3353 21
2320 3318 2440 3361 guber·

1372 3365 1524 3398 nationes
1544 3365 1579 3398 V
1591 3364 1830 3406 gubernatione
1842 3364 1875 3396 R
1891 3364 1903 3407 ΙΙ
1922 3365 1963 3398 22
1976 3363 2131 3405 *clei-um]
2149 3364 2288 3397 chorum
2298 3364 2369 3406 (om.
2380 3362 2438 3401 1³¹,

1373 3418 1485 3441 corum
1513 3410 1572 3450 Τί)
1597 3409 1791 3444 clericorum
1814 3409 2030 3452 R²VTvu1ffi
2053 3408 2066 3452 11
2096 3408 2175 3442 facit
2199 3409 2303 3449 Beck]
2333 3407 2439 3440 facere

1374 3453 1542 3488 R²V¹T¹
1565 3454 1688 3488 faceret
1709 3453 1760 3489 T⁸
1772 3454 1858 3496 vulq.
1882 3454 1981 3487 habet
2001 3453 2050 3487 1⁷³
2076 3453 2184 3487 facere
2207 3452 2339 3485 uidetur
2359 3451 2409 3484 Β*
2427 3451 2439 3495 11

1374 3499 1414 3539 23
1440 3508 1634 3533 consensum
1657 3498 1703 3543 V!
1736 3500 1780 3534 24
1802 3499 2030 3542 praesentibus
2057 3498 2107 3532 T³
2123 3498 2136 3542 ΙΙ
2162 3499 2212 3538 eo]
2235 3498 2268 3529 et
2289 3496 2359 3529 ΕΤ
2378 3496 2438 3538 epo

1372 3544 1407 3583 (i.
1420 3556 1445 3576 e.
1464 3543 1626 3587 episcopo)
1651 3547 1683 3577 et
1754 3555 1791 3577 eo
1812 3546 1844 3576 et
1866 3545 1952 3587 vulq.
1975 3543 1988 3588 11
2013 3545 2055 3578 26
2079 3553 2127 3576 em
2152 3540 2259 3585 hyt‘dsi
2281 3541 2352 3582 (sic)
2379 3541 2413 3573 V
2427 3540 2438 3585 Η

1373 3587 1529 3621 damnum
1552 3602 1610 3623 om.
1626 3590 1674 3623 Β*
1692 3588 1705 3641 [Ι
1721 3590 1763 3623 27
1787 3588 1897 3622 tochia
1909 3590 1941 3622 R
1964 3587 2090 3639 ptocliii
2181 3585 2196 3650 11

1375 3633 1423 3666 T¹
1446 3632 1461 3676 11
1485 3635 1524 3667 31
1550 3634 1759 3668 ador-natium
1779 3634 1828 3667 13¹
1856 3633 2122 3666 adordinantmm
2142 3630 2172 3663 V

1373 3690 1430 3711 om.
1445 3678 1477 3710 R
1495 3677 1507 3721 11
1522 3681 1567 3719 et]
1588 3679 1686 3713 etiam
1701 3679 1733 3713 T
1744 3678 1757 3723 ΙΙ
1774 3681 1806 3712 et
1821 3677 1952 3713 conomi
1967 3677 2016 3711 T¹
2026 3675 2040 3720 ΙΙ
2050 3684 2157 3709 xenon
2171 3675 2274 3715 Beck]
2294 3685 2436 3726 xenones

1373 3722 1407 3756 R
1416 3722 1535 3768 Vvulq.
1553 3725 1693 3759 xenonis
1707 3724 1766 3768 Τ11
1781 3723 1972 3766 potochium
1991 3721 2043 3755 V⁶⁸
2057 3719 2071 3763 Ι
2087 3720 2129 3754 33
2142 3720 2389 3753 nosochomium
2402 3721 2436 3754 R

2213 3586 2255 3619 28
2276 3595 2437 3618 exenones

2202 3628 2275 3672 13²1}
2304 3631 2345 3663 32
2369 3641 2436 3663 non

292 3679 312 3711 3
332 3683 364 3711 et
379 3679 616 3720 ordinatorum]
639 3681 671 3713 et
690 3692 748 3713 om.
769 3679 826 3722 Vss
844 3681 865 3713 4
880 3678 1014 3712 modum
1029 3678 1235 3723 praedictum
1252 3677 1307 3719 ΤΙ1

237 3723 257 3753 5
280 3732 314 3754 re
336 3723 383 3755 Β*
399 3724 412 3766 11
430 3726 447 3757 7
464 3734 561 3766 super
579 3725 631 3757 his
647 3726 741 3766 quae]
766 3725 946 3759 secuudum
967 3725 1020 3758 his
1044 3724 1102 3766 qui
1129 3722 1233 3768 lss²V¹
1246 3723 1304 3766 (esi
