2586 3990
240 147 349 194 Nov.
374 146 589 191 CXXVIII
618 147 757 188 8—12
1305 141 1390 189 640
1484 196 1488 197 ⁷
2040 158 2101 191 ms
2130 156 2461 190 conmronmus

236 251 425 306 ydrae-911⁴,
444 255 480 308 εἰ
493 254 543 299 μὴ
560 253 603 288 τὸ
620 251 680 287 διὰ
694 253 844 307 τῆςλπρο
873 251 988 288 άσεως
1006 253 1084 288 τῶν
1099 252 1317 308 εξακτιρρων
1383 252 1479 296 fieri,
1508 253 1577 290 nisi
1600 253 1695 298 quod
1719 263 1783 299 pro
1808 255 1998 292 occasione
2021 258 2227 293 exactorum
2260 258 2323 292 aut
2346 254 2461 292 curis.-

237 301 261 346 ἢ
281 298 531 355 ,equinam-77
552 295 730 343 βινδίκων
752 312 775 342 η
798 266 872 339 ‘rag

234 358 428 393 γινομενον
451 357 505 388 τῳ
530 341 857 388 παραλαμβάνοντι
881 339 1218 387 ἄποκατασταθείη.
1385 343 1503 379 minus
1526 343 1663 380 factum
1684 346 1740 381 est
1762 343 1795 379 ei
1818 344 1879 389 qui
1901 346 2060 392 suscepit
2081 346 2304 383 restituatur.

1230 455 1388 492 CAPUT
1412 455 1475 490 IX.

291 527 364 559 Καὶ
383 524 492 559 τοῦτο
513 520 554 558 δὲ
570 520 769 567 κελεύομεν,
794 518 883 556 ὥςτε
905 518 997 566 ὑπὲρ
1020 521 1099 556 τῶν
1121 519 1317 567 χρημάτων
1451 522 1530 558 Ηοο
1554 531 1695 567 quoque
1717 503 1902 576 iubemus,
1929 524 1972 559 ut
1992 534 2056 569 pro
2079 524 2239 570 pecuniis
2267 526 2303 559 et
2326 523 2461 570 specie-

234 568 257 613 ἢ
275 568 385 604 εἰδῶν
408 570 485 603 τῶν
508 570 549 603 ἐν
571 570 649 602 ταῖς
669 569 854 612 ἐπαρχίαις
878 564 1158 611 δαπανωμένων
1179 567 1229 612 μὴ
1253 568 1317 602 εἰς·
1353 567 1454 605 obus
1476 567 1513 603 in
1538 567 1725 612 provinciis
1755 577 1921 614 expensis
1952 578 2025 604 non
2054 569 2241 614 exigantur
2272 569 2462 605 collatores

233 614 464 660 πράττεσθαι
486 612 569 648 τοὺς
592 611 826 648 συντελεστὰς
852 610 900 646 τὰ
923 608 1101 658 λεγόμενα
1123 623 1316 658 παραπομ-
1384 622 1429 649 ea.
1460 621 1552 657 quae
1583 612 1749 649 dicuntur
1778 612 2063 656 transmissoris„
2094 618 2132 650 et
2160 624 2224 659 pro
2255 614 2311 650 his
2343 617 2463 649 autem

233 657 342 702 πικά,
384 661 445 692 καὶ
480 656 570 702 ὑπὶρ
610 657 688 692 τῶν
722 659 1010 702 ἐκπεμπομένων
1047 654 1088 691 δὲ
1120 657 1171 702 μὴ
1206 656 1319 693 πλέον
1386 667 1478 703 quae
1511 658 1803 694 transmittuntur
1845 668 1917 694 non
1953 658 2104 704 amplius
2139 659 2302 705 praeberi
2335 659 2462 694 horum

233 707 402 784 εᾶαρεχιιν
428 703 507 739 τῶν
530 703 570 744 ἐξ
591 698 699 749 ἀρχῆς
723 703 763 737 έν
786 702 918 750 ἑκάστῃ
949 703 1104 748 ἐπαρχία
1135 699 1318 739 διατυπω·
1385 712 1478 750 quae
1498 712 1543 739 ex
1557 702 1659 739 initio
1679 703 1716 739 in
1731 712 1945 749 unaquaque
1967 703 2151 749 provincis
2173 703 2345 750 deputata
2364 706 2460 742 sunt.

267 762 393 784 ἔν’ῒων-

1231 837 1387 875 CAPUT
1409 837 1455 873 X.

305 904 391 940 Τοῖνς
425 902 467 939 δι’
499 906 541 940 ἐν
573 906 652 940 ταῖς
683 906 869 949 ἐπαρχίαις
905 903 997 951 ὑπὲρ
1033 904 1174 940 οἱαςοῦν
1208 903 1315 949 δημο-
1332 908 1371 941 10
1451 905 1525 940 Eos
1556 907 1674 940 autem
1705 905 1765 950 qui
1795 905 1833 940 in
1863 904 2054 949 provinciis
2084 914 2151 950 pro
2206 903 2462 949 uibuscumque

233 954 326 986 σίων
360 948 573 995 εῑςπριίξεως
614 949 867 994 στελλομένους
901 950 952 995 μὴ
987 949 1103 984 ἄλλως
1137 949 1317 996 ἄρχεσθαι
1383 950 1536 996 publicis
1560 950 1807 986 exactionibus
1830 949 2043 995 diriguntur,
2072 960 2143 985 non
2167 915 2270 985 {iliter
2292 949 2462 985 incohare

232 997 295 1039 τῆς
325 992 571 1039 ἀπαιτήσεως,
602 995 635 1029 εἰ
655 995 706 1038 μὴ
730 995 910 1041 πρότερον
933 997 974 1030 ἐν
995 997 1048 1039 τῷ
1073 996 1167 1030 κατὰ
1194 995 1316 1041 χώραν
1384 995 1622 1038 exactionem,
1647 995 1716 1031 nisi
1738 995 1838 1040 prius
1861 994 1900 1030 in
1922 995 2131 1040 provinciali
2153 994 2282 1030 iudicio
2305 994 2461 1030 insinua-

233 1038 423 1086 δικαστηρί
482 1043 718 1086 έμφανίσουσι
748 1041 814 1075 τὰς
837 1040 1068 1076 ἐπιτεθείσας
1091 1037 1210 1075 αὐτοῖς
1233 1042 1316 1084 περὶ
1383 1040 1499 1076 verint
1531 1040 1717 1085 impositas
1753 1040 1822 1076 sibi
1857 1039 1900 1076 de
1935 1040 2004 1076 hoc
2038 1040 2228 1082 iussiones,
2269 1042 2311 1074 ut
2344 1039 2460 1075 exsol-

232 1084 362 1120 τούτου
385 1098 424 1119 κε
447 1085 576 1127 εύσεις,
601 1082 690 1119 dicre
712 1086 795 1119 τοὺς
817 1084 1111 1130 καταβάλλοντας
1134 1086 1179 1119 τὰ
1205 1083 1315 1140 δημό-
1384 1089 1504 1120 ventes
1539 1085 1676 1121 fiscalia
1711 1084 1846 1121 tributa
1886 1085 1975 1120 nulli
2010 1096 2076 1130 pro
2111 1086 2168 1121 his
2203 1084 2361 1129 periculo
2397 1085 2463 1119 aut

232 1142 295 1164 σια
316 1128 399 1173 τέλη
421 1127 550 1175 μηδενὶ
581 1127 673 1176 ὑπὲρ
696 1127 841 1165 τούτων
863 1128 1022 1174 κινδύνῳ
1047 1128 1071 1174 ἢ
1095 1132 1204 1176 ζημίᾳ
1228 1143 1315 1166 υπο-
1332 1134 1370 1165 15
1385 1130 1511 1165 damno
1537 1130 1763 1174 subiaceant3
1800 1131 1868 1166 boc
1892 1131 1969 1175 ipso
1994 1136 2030 1165 et
2052 1140 2160 1175 super
2182 1129 2330 1175 privatis
2353 1138 2461 1174 nego-

231 1175 395 1209 κεῖσθαι·
432 1174 561 1210 τούτου
593 1171 703 1209 αὐτοῦ
734 1178 795 1209 καὶ
824 1176 886 1210 ἐπὶ
908 1178 986 1210 ταῖς
1009 1173 1207 1211 ἰδιωτικαῖς
1227 1173 1314 1212 ὑπο·
1383 1175 1443 1210 tiis
1468 1175 1701 1211 observando.

231 1221 359 1255 θέσεσι
383 1219 663 1266 φυλαττομένου.

1222 1310 1378 1346 CAPUT
1402 1309 1466 1346 XI.

289 1380 361 1410 Καὶ
382 1377 490 1411 τοῦτο
515 1375 555 1411 δὲ
574 1375 773 1422 κελεύομεν,
797 1373 886 1411 ὤςτε
903 1381 977 1412 τοῖς
997 1376 1182 1421 δημοσίων
1203 1375 1313 1413 ἄπαί-
1444 1377 1524 1413 Ηοο
1547 1386 1687 1422 quoque
1710 1377 1871 1414 iubemus
1895 1377 1947 1414 eis
1971 1377 2100 1423 quibus
2123 1378 2296 1414 fiscalium
2320 1377 2461 1414 exactio

230 1434 336 1466 τησιν
359 1424 671 1468 ἐγκεχειρισμένοις
692 1420 831 1475 μηδένα
862 1420 1058 1458 ἰδιωτικῶν
1087 1423 1315 1471 πραγμάτων
1382 1422 1580 1466 iniungitur
1607 1423 1743 1458 nullam
1765 1423 1983 1468 privatarum
2007 1433 2196 1459 causarum
2219 1423 2462 1459 executionem

232 1467 457 1512 έκβιβασμὸν
479 1467 835 1511 καταπιστευεσθαι,
867 1464 959 1502 ἀλλὰ
983 1471 1043 1502 καὶ
1067 1469 1104 1503 εἴ
1129 1483 1164 1503 τι
1196 1465 1315 1502 αὐτοῖς
1329 1470 1369 1503 20
1385 1468 1573 1511 committi,
1603 1468 1667 1504 sed
1698 1470 1735 1503 et
1764 1468 1795 1503 si
1826 1468 1910 1513 quid
1942 1468 1993 1504 eis
2018 1469 2089 1504 tale
2112 1468 2330 1513 iniungatur,
2362 1468 2460 1504 nullo

230 1514 399 1547 τοιοῦτον
434 1513 706 1560 ἐγκεχείρισται,
744 1510 872 1557 μηδενὶ
910 1511 1038 1559 τρόπῳ
1078 1513 1218 1559 τολμᾶν
1253 1510 1314 1547 αὐ-
1383 1514 1488 1549 modo
1511 1523 1571 1549 eos
1591 1523 1821 1558 praesumere
1844 1514 1914 1549 hoc
1934 1522 2049 1558 agere,
2072 1523 2118 1549 ne
2134 1514 2323 1550 occasione
2345 1513 2461 1559 publi-

231 1557 314 1592 τοὺς
340 1558 450 1592 τοῦτο
475 1557 662 1604 πράττειν,
698 1554 786 1592 ὥςτε
808 1557 857 1602 μὴ
882 1558 926 1604 τῇ
951 1559 1131 1604 προφάσει
1154 1560 1231 1593 τῶν
1255 1557 1314 1602 δη·
1385 1569 1508 1595 carum
1530 1558 1755 1595 functionum
1778 1559 1891 1596 nostri
1914 1558 2067 1595 subiecti
2089 1559 2287 1597 laedantur.

229 1607 370 1647 μοσίων
406 1602 621 1638 συντελειῶν
656 1603 738 1638 τοὺς
771 1600 960 1649 ἡμετέρους
995 1602 1177 1639 ὑποτελεῖς
1207 1617 1315 1638 κατα-

230 1647 479 1692 βλάπτεσθαι.

1225 1738 1381 1774 CAPUT
1400 1737 1482 1773 XII.

299 1806 347 1841 Εἰ
370 1804 410 1841 δὲ
431 1809 496 1841 καί
514 1816 568 1841 τις
589 1808 667 1841 ταῖς
696 1805 883 1849 ἀληθείαις
915 1804 1086 1851 δημοσίας
1109 1804 1314 1851 ἑποφείλων
1328 1809 1369 1841 25
1450 1806 1487 1840 Si
1511 1808 1631 1840 autem
1662 1808 1697 1841 et
1721 1806 1848 1851 aliquis
1881 1817 1947 1852 pro
1977 1806 2125 1842 veritate
2154 1806 2299 1851 publica
2328 1807 2460 1843 debens

232 1851 435 1888 συντελείας
470 1851 565 1886 εἴποι
599 1852 653 1895 τῷ
685 1853 883 1898 ἐκβιβαστῇ
919 1851 1013 1886 εἶναι
1049 1848 1149 1894 αὐτῷ
1190 1853 1314 1899 ἕτερον
1382 1851 1516 1886 tributa
1550 1851 1647 1885 dicat
1680 1852 1863 1887 executori
1897 1861 1975 1887 esse
2011 1852 2079 1887 Sibi
2113 1851 2219 1886 alium
2253 1851 2459 1894 debitorem,

231 1894 428 1953 χρεώστην,
451 1897 501 1941 μὴ
526 1896 658 1936 ἐξεῖναι
680 1898 733 1939 τῷ
758 1898 956 1943 έκβιβαστῇ
981 1895 1130 1939 ὄχλησίν
1152 1909 1236 1931 τινα
1260 1897 1313 1939 τῷ
1382 1907 1453 1931 non
1476 1896 1583 1931 licere
1606 1897 1790 1931 executori
1820 1897 2018 1932 molestiam
2048 1897 2203 1941 aliquam
2227 1897 2460 1933 denominatis

233 1942 483 1987 ονομασθέντι
504 1941 664 1988 ἐπάγειν,
689 1942 719 1976 εἰ
741 1941 790 1986 μὴ
813 1939 833 1975 ὁ
859 1943 1001 1987 πρῶτος
1024 1942 1201 1987 χρεώστης
1225 1937 1314 1977 ἀπο·
1381 1941 1531 1983 inferre,
1569 1940 1638 1976 nisi
1672 1941 1807 1986 primus
1841 1942 1979 1977 debitor
2013 1942 2185 1987 probetur
2220 1942 2318 1978 nullo
2354 1942 2460 1978 modo

233 1986 362 2034 δειχθῇ
386 1986 480 2022 κατὰ
499 1984 636 2031 μηδένα
659 1985 796 2031 τρόπον
819 1986 1006 2022 παντελῶς
1030 1985 1224 2030 δυνάμενος
1253 1986 1315 2020 τὰς
1383 1986 1525 2022 omnino
1544 1996 1650 2030 posse
1670 1987 1813 2031 publica.
1832 1987 1966 2023 tributa
1984 1987 2193 2032 persolvere.
2238 1987 2317 2022 Hoc
2341 1990 2461 2023 tamen

233 2031 403 2077 δημοσίας
433 2030 635 2066 συντελείας
658 2030 916 2075 καταβάλλειν·
953 2034 1013 2065 καὶ
1035 2031 1145 2066 τοῦτό
1169 2044 1210 2077 γε
1232 2033 1314 2075 μέν·
1327 2032 1368 2065 30
1382 2031 1479 2075 prius
1511 2031 1645 2075 requiri
1672 2031 1768 2075 apud
1797 2032 1950 2067 iudicem
1973 2032 2192 2076 provinciae,
2226 2032 2257 2067 si
2280 2043 2346 2077 pro
2370 2033 2459 2068 veri·

231 2090 288 2112 τοι
311 2076 491 2122 πρότερον
515 2076 700 2119 ζητείσθω
731 2076 831 2122 παρὰ
859 2077 913 2120 τῷ
937 2075 1085 2121 ἄρχοντι
1115 2077 1178 2118 τῆς
1204 2076 1312 2120 ἐπαρ-
1380 2077 1455 2111 tate
1480 2075 1620 2111 debitor
1651 2078 1707 2111 est
1733 2076 1764 2111 is
1799 2077 1860 2122 qui
1887 2077 2133 2113 denominatus
2158 2078 2227 2120 est,
2259 2080 2297 2112 et
2325 2077 2462 2113 ita,fiet

231 2126 326 2166 χίας,
356 2122 387 2155 εί
410 2124 488 2155 ταῖς
509 2119 698 2164 ἀληθείαις
719 2122 898 2166 χρεώστης
922 2123 1022 2155 ἐστὶν
1042 2118 1062 2155 ὁ
1080 2118 1313 2165 ὀνομασθείς,
1383 2120 1531 2156 exactio.
1579 2121 1622 2155 In
1653 2123 1804 2166 utroque
1834 2131 1917 2158 vero
1951 2131 2039 2159 casu
2071 2122 2102 2158 si
2133 2122 2210 2168 quis
2240 2122 2369 2168 exequi
2398 2125 2462 2158 aut

231 2170 293 2202 καὶ
322 2163 420 2201 οὕτω
450 2179 493 2201 νο
523 2170 611 2211 ίμως
664 2167 805 2200 aveo-‘rw
835 2162 858 2210 ἦ
885 2166 1060 2212 εἴςπραξις
1090 2167 1131 2200 ἐν
1155 2166 1312 2211 ἑκατέρῳ

232 2213 379 2257 θέματι.
427 2212 459 2246 εἰ
483 2180 526 2246 A}
553 2222 606 2246 τις
629 2179 823 2256 εζιβιβάσαι
852 2207 876 2254 ἢ
907 2208 1109 2256 ἀπαιτῆσαι
1140 2210 1241 2257 παρὰ
1272 2210 1319 2245 τὰ

300 2316 326 2338 c.
343 2303 429 2337 XII
447 2290 652 2337 summarium
678 2304 774 2336 habet
797 2303 848 2336 Β*
876 2304 908 2335 T
927 2305 957 2344 7,
974 2310 1010 2337 22
1031 2315 1067 2346 p.
1086 2303 1150 2336 617
1168 2303 1271 2336 ΖαοΙι.
1296 2303 1347 2344 (ex
1371 2303 1407 2336 B
1432 2304 1485 2345 56,
1503 2310 1546 2345 18,
1560 2303 1601 2345 9).

232 2404 301 2440 hoe
320 2404 389 2449 fiat
410 2403 483 2439 nisi
504 2402 545 2438 id
565 2402 666 2450 quod
686 2402 831 2438 nomine
853 2405 1067 2454 exactorum
1098 2401 1154 2438 vel
1175 2401 1366 2438 curialium
1396 2401 1453 2438 vel
1475 2400 1655 2438 vindicum
1684 2399 1742 2438 vel
1765 2400 1981 2447 officialium
2007 2400 2118 2448 peius
2139 2401 2282 2447 factum
2314 2406 2379 2438 aut
2400 2403 2459 2440 de-

231 2451 406 2486 minutum
428 2449 476 2484 sit
499 2448 532 2484 ei
556 2448 619 2494 qui
641 2451 875 2494 suscepturus
897 2452 953 2484 est
973 2450 1200 2484 restituatur.

365 2493 429 2530 IX.
477 2492 551 2530 Sed
573 2493 643 2529 lzoc
666 2503 810 2540 quoque
833 2492 993 2529 iubemus
1019 2503 1092 2539 pro
1116 2492 1285 2539 pecuniis
1315 2491 1372 2529 vel
1402 2491 1588 2538 speciebus
1618 2501 1711 2537 quae
1741 2491 1779 2527 in
1799 2490 1998 2537 provinciis
2020 2494 2232 2538 eroqantur,
2262 2502 2337 2528 non
2359 2492 2461 2539 exiqi

232 2552 255 2575 a
274 2539 441 2576 subiectis
468 2538 736 2586 parapompica
767 2548 861 2584 quae
884 2538 1065 2580 dicuntur,
1098 2548 1213 2584 neque
1233 2548 1309 2584 pro
1339 2537 1386 2572 iis
1414 2537 1711 2583 qui‘emittuntur
1731 2536 1823 2583 plus
1846 2539 2041 2583 praestare
2071 2547 2134 2572 eos
2156 2547 2263 2583 quam
2295 2537 2395 2583 quod
2415 2538 2460 2574 ab

231 2585 335 2622 initio
359 2585 397 2620 in
420 2584 478 2620 sin
505 2584 576 2620 ulis
592 2584 796 2631 provinciis
819 2584 1052 2619 constitutum
1075 2586 1141 2618 est.

254 2640 284 2668 δ
365 2629 412 2665 Χ.
459 2595 504 2666 129
517 2632 636 2665 autem
660 2629 723 2675 qui
744 2629 783 2664 in
800 2629 1013 2682 provincias
1033 2630 1189 2679 propter
1212 2627 1376 2679 quamvis
1393 2627 1626 2679 publicorum
1649 2626 1875 2678 exactionem
1898 2626 2097 2679 mittuntur·
2112 2637 2158 2662 ne
2173 2626 2279 2678 aliter
2298 2628 2460 2664 exactio-

231 2675 288 2711 nis
309 2675 453 2711 initium
473 2675 619 2722 faciant
650 2674 722 2709 nisi
745 2685 856 2720 prcus
884 2674 922 2708 in
945 2673 1171 2720 provinciali
1199 2673 1334 2708 iudicio
1365 2672 1471 2708 datas
1499 2673 1590 2719 ipsas
1621 2671 1666 2708 de
1688 2682 1732 2707 ea
1754 2682 1795 2706 re
1817 2681 1995 2707 msszones
2025 2677 2304 2715 msmuavermt,
2335 2677 2376 2709 ut
2398 2675 2464 2720 qui

228 2720 378 2767 publica
402 2719 538 2800 tributcbz
560 2719 706 2755 solvunt
728 2719 819 2754 nulli
834 2718 1003 2766 periculo
1034 2722 1098 2754 aut
1120 2717 1252 2754 damno
1274 2728 1318 2754 ea
1341 2717 1385 2754 de
1408 2727 1520 2753 causa
1542 2716 1788 2758 subiciantur,-
1821 2720 1930 2762 atque
1952 2715 2022 2752 hoo
2043 2716 2161 2762 ipsum
2190 2718 2297 2753 etiam
2323 2717 2362 2753 in
2383 2719 2461 2764 pri-

293 2766 306 2800 ι’
369 2765 469 2800 aus‘s
538 2775 597 2800 ser
619 2769 710 2800 etur.

231 2771 292 2802 vat
306 2777 325 2801 s
347 2776 448 2845 cXIf
478 2775 552 2846 §ed
573 2775 642 2845 ligo
665 2819 808 2856 quoque
829 2808 989 2845 iubemus
1011 2808 1057 2844 iis
1080 2807 1211 2860 quibus
1234 2807 1449 2844 tributorum
1472 2806 1619 2843 exactio
1643 2805 1806 2842 iniuncta
1828 2808 1883 2842 est
1915 2805 2052 2857 nul-lam
2076 2806 2310 2852 privatarum
2338 2818 2461 2843 rerum

231 2856 460 2892 exactionem
483 2855 671 2897 committi,
702 2865 826 2890 verum
848 2855 956 2890 etiam
979 2854 1012 2889 si
1035 2853 1125 2900 quzd
1146 2854 1192 2889 iis
1214 2852 1388 2889 eiusmodi
1410 2853 1609 2888 iniunctum
1632 2851 1689 2894 sit,
1713 2850 1815 2887 nullo
1837 2850 1945 2887 modo
1969 2850 2009 2886 td
2030 2861 2093 2887 eos
2115 2861 2225 2897 aqere
2247 2851 2392 2895 audere,
2416 2863 2461 2889 ne

231 2901 376 2937 nomine
423 2899 861 2951 ublicorumttribuforum
885 2899 1035 2951 suoiecti
1058 2899 1174 2934 nostri
1196 2897 1335 2951 damno
1352 2897 1578 2943 afficiantur.
1777 2941 1784 2949 ι
1837 2940 1845 2948 ·
1972 2941 1979 2948 ι
2093 2941 2099 2948 .
2129 2941 2136 2949 ι
2231 2941 2239 2949 ι

365 2911 447 2981 ΧῖΙ.
496 2943 570 2980 Sed
591 2948 699 2981 ettam
719 2955 750 2980 st
773 2954 855 2996 ques
877 2954 940 2989 qut
963 2954 1090 2980 revera
1112 2943 1264 2996 publica
1288 2942 1422 2979 tributa
1445 2942 1574 2978 debeat
1594 2945 1782 2978 executori
1808 2942 1906 2977 ducat
1928 2940 2037 2977 altum
2066 2940 2134 2977 subt
2156 2940 2351 2977 debitorem
2372 2952 2459 2985 esse,

232 3001 277 3027 ne
301 2990 408 3027 liceat
429 2990 619 3026 executori
641 2989 840 3026 molestiam
864 2989 975 3025 ullam
998 2990 1035 3025 ei
1055 2999 1117 3035 qm
1141 2988 1348 3025 nominatus
1371 2990 1425 3024 est
1447 2987 1598 3034 afferre,
1628 2987 1702 3022 nisi
1723 2986 1868 3033 primus
1890 2985 2030 3022 debitor
2060 2985 2161 3022 nullo
2185 2986 2332 3023 omnino
2355 2987 2460 3023 modo

225 3035 386 3082 publicis
406 3035 549 3071 tributis
565 3034 747 3071 solvendis
763 3045 840 3081 par
855 3045 931 3070 esse
942 3034 1125 3081 probatus
1139 3035 1189 3070 sit
1195 3046 1210 3076 ;
1233 3032 1302 3069 Ιιοε
1320 3036 1437 3068 tamen
1455 3033 1561 3079 prius
1576 3043 1599 3067 a
1627 3031 1677 3067 ud
1693 3031 1896 3079 praesidem
1917 3031 2128 3078 provinciae
2143 3035 2352 3077 quaeratur,
2376 3043 2460 3067 num

231 3091 358 3117 revera
377 3080 517 3117 debitor
534 3081 583 3116 sit
605 3079 638 3115 is
659 3080 723 3126 qui
741 3079 946 3115 nominatus
962 3083 1026 3122 est,
1049 3082 1159 3125 atque
1177 3079 1230 3115 ita
1249 3078 1404 3125 leqitime
1423 3077 1567 3114 exactio
1582 3042 1652 3121 jgzt
1669 3076 1706 3112 in
1723 3081 1878 3123 utroque
1894 3087 1993 3112 casu.
2033 3075 2075 3112 Si
2090 3086 2174 3112 vero
2191 3076 2274 3122 quis
2288 3076 2461 3113 adversus

304 3187 320 3220 1
345 3182 523 3230 γενέσθαι
546 3183 596 3216 B⁸
623 3182 636 3226 ΙΙ
666 3180 873 3227 ἐξακτόρων
896 3182 946 3215 Β·
977 3182 982 3226 Ι
1011 3183 1031 3216 2
1063 3179 1086 3236 ἢ
1108 3179 1315 3226 βουλευτῶν
1452 3182 1467 3214 1
1496 3179 1585 3221 quod
1609 3191 1667 3212 om.
1683 3178 1738 3223 ΤΙΙ
1762 3188 1820 3222 per
1844 3178 2048 3211 occasionem
2071 3177 2189 3222 ‘only-ss
2215 3179 2234 3212 2
2258 3176 2407 3211 iudicum
2432 3177 2465 3210 T

234 3243 291 3263 om.
305 3230 382 3274 ΒἸΙ
400 3227 610 3268 ταξεωτῶν]
635 3227 829 3261 officialium
846 3227 916 3260 eius
932 3238 952 3264 ς·
975 3227 981 3270 Ι
1009 3228 1049 3261 10
1065 3227 1156 3272 νπὲρ
1173 3224 1315 3267 οἶαςοῦν
1382 3225 1469 3270 vuly.
1488 3225 1500 3268 ΙΙ
1519 3227 1538 3259 3
1561 3223 1700 3267 suscipit
1721 3225 1809 3267 ναῖς.
1827 3223 1840 3267 ΙΙ
1864 3225 1886 3257 4
1909 3225 2052 3265 quoque]
2078 3222 2178 3255 etiam
2202 3223 2235 3256 T
2252 3221 2265 3266 fl
2289 3221 2460 3266 speciebus

234 3272 420 3318 δημοσίων
441 3272 665 3318 εἰςπράξεως]
699 3283 761 3315 pro
785 3272 1050 3315 quibuscumque
1081 3271 1228 3315 publicis
1259 3281 1314 3304 ex·
1382 3271 1419 3303 in
1437 3269 1489 3303 Τ2
1502 3271 1535 3304 in
1548 3282 1614 3303 ras.
1632 3268 1644 3313 ΙΙ
1662 3270 1681 3303 8
1698 3279 1831 3310 unaque
1851 3267 1908 3312 Vn
1927 3270 1968 3302 10
1984 3270 2095 3300 autem
2118 3281 2177 3301 om.
2191 3268 2225 3301 T
2244 3266 2257 3312 ΙΙ
2275 3269 2316 3301 12
2332 3266 2459 3300 auditio

234 3320 422 3353 actionibus
437 3331 468 3362 ς,
492 3316 583 3363 ὑπὲρ
594 3337 639 3344 -
652 3315 904 3362 στελλομένους
920 3330 978 3351 om.
992 3318 1023 3350 L
1040 3316 1053 3360 11
1073 3318 1114 3351 18
1131 3313 1171 3350 δὲ
1185 3329 1243 3351 om.
1256 3316 1288 3350 L
1304 3314 1315 3357 Η
1392 3315 1442 3348 V⁰
1459 3314 1471 3358 ΙΙ
1488 3314 1713 3347 insinuauerit
1738 3315 1771 3347 T
1791 3314 1803 3357 ΙΙ
1823 3314 1864 3347 13
1887 3312 2045 3355 imposita
2066 3312 2114 3346 V¹
2132 3311 2145 3357 ΙΙ
2161 3312 2375 3363 exsolventes]
2398 3311 2459 3343 hcc

235 3364 316 3398 τοὺς
338 3384 383 3389 -—
408 3367 449 3400 19
472 3365 791 3415 ἐγκεχειρισμένους
814 3364 846 3396 L
874 3363 887 3406 ΙΙ
916 3364 959 3397 26
983 3359 1082 3404 αὑτῷ
1106 3362 1315 3401 Haloander]
1383 3359 1549 3393 soluentes
1570 3360 1624 3401 Vn
1652 3360 1692 3394 15
1717 3359 1909 3392 subiaceant
1930 3358 1976 3399 V]
2000 3357 2166 3391 subiciant
2191 3358 2224 3391 T
2253 3355 2458 3390 subiomntur

235 3404 334 3443 αὐτῶ
359 3410 407 3443 M
409 3410 439 3443 L
465 3409 478 3453 ΙΙ
508 3410 549 3443 27
575 3421 628 3451 τῳ
661 3404 922 3452 ὀνομασθέντι]
954 3406 1175 3440 denominatis
1198 3405 1249 3451 ‘ll
1272 3407 1315 3440 30
1384 3406 1468 3448 vuly.
1485 3406 1497 3447 ΙΙ
1527 3406 1566 3439 18
1590 3404 1662 3437 Hec
1687 3404 1721 3438 T
1738 3404 1751 3447 ΙΙ
1779 3405 1818 3438 19
1840 3402 1996 3445 iungitur
2021 3402 2085 3446 Tu
2113 3402 2345 3436 ououtionem
2371 3401 2425 3433 T¹²
2456 3399 2460 3443 Ι

234 3452 452 3496 καταβαλεῖν
466 3454 512 3487 Μ
523 3456 536 3498 u
549 3465 591 3500 ys
629 3453 792 3495 ε’ντοιΜ]
811 3455 976 3498 μέντοιγε
988 3453 1162 3496 L(c)sort.
1177 3453 1294 3486 rectius
1303 3448 1317 3495 ΙΙ
1384 3451 1424 3484 21
1450 3460 1505 3501 eos
1521 3458 1730 3492 praesumere
1748 3449 1793 3490 T]
1816 3458 2024 3500 praesumere
2047 3457 2102 3481 eos
2124 3447 2222 3524 „ulf”
2244 3455 2298 3479 eos
2321 3457 2379 3478 om.
2402 3445 2435 3496 V
2455 3445 2460 3489 Ι

237 3499 277 3531 33
302 3501 462 3542 νομίμως
485 3511 543 3532 om.
561 3510 581 3536 ς
628 3499 668 3532 ἐν
691 3498 847 3544 ἑκατέρῳ
872 3497 1019 3541 θέματι.
1055 3497 1087 3530 εἰ
1106 3494 1149 3530 δέ
1167 3506 1221 3531 τις
1242 3497 1315 3530 ML
1384 3496 1425 3527 25
1443 3505 1494 3526 sm
1515 3494 1564 3528 V²
1580 3494 1593 3538 ss
1610 3497 1643 3528 et
1663 3507 1722 3528 om.
1737 3493 1770 3527 T
1778 3494 1862 3538 vulq.
1882 3492 2046 3538 upublma
2061 3494 2131 3534 cet]
2154 3491 2176 3524 b
2190 3500 2242 3542 ¹⁰?
2254 3489 2352 3540 -·3o
2365 3500 2459 3532 prius

235 3543 291 3585 (cf.
299 3544 375 3576 Ath.
388 3542 557 3589 ἑκάτερον
571 3543 634 3577 τοῦ
648 3542 818 3588 ἄρχοντος
833 3540 1098 3587 δοκιμάζοντος.
1122 3539 1145 3575 o‘
1163 3538 1203 3576 δὲ
1217 3540 1314 3584 maij]
1383 3538 1487 3581 requil
1506 3552 1567 3573 scr.
1586 3538 1637 3573 1⁷²
1649 3540 1682 3574 in
1697 3545 1782 3582 epae.
1797 3551 1869 3572 vac.
1885 3539 1930 3583 4}
1946 3550 1991 3571 vs.
2010 3537 2023 3581 fl
2041 3539 2081 3571 27
2098 3535 2252 3586 molestis
2263 3533 2410 3576 aliquam
2431 3535 2465 3567 V

236 3586 271 3617 in
288 3590 428 3629 utroquo
452 3598 528 3621 vero
545 3598 623 3622 cssu
645 3588 675 3621 si
697 3589 773 3630 quis
795 3600 825 3631 ς,
850 3590 938 3632 quod
948 3589 1099 3633 praefert
1115 3587 1315 3629 Zachariae,
1382 3583 1527 3626 aliquam
1551 3583 1736 3618 molestiam
1760 3584 1794 3617 T
1810 3583 1823 3627 ΙΙ
1847 3583 2027 3617 nominatis
2049 3580 2110 3624 T}
2135 3580 2178 3615 28
2201 3589 2328 3622 pnmus
2352 3579 2456 3620 Beck]

235 3629 404 3676 ὖκάτερον
435 3631 535 3676 &dua
566 3634 613 3667 ad
642 3644 715 3678 cap.
741 3635 781 3668 11
808 3641 838 3668 et
863 3634 905 3669 12
936 3635 1079 3677 reserens
1108 3633 1166 3676 (qs.
1194 3632 1314 3666 ΤΙιεοά.
1381 3629 1476 3671 prius
1502 3630 1579 3663 libri
1605 3630 1618 3671 ΙΙ
1644 3629 1825 3662 debitorem
1850 3628 1883 3661 Τ
1908 3627 1922 3671 Ι
1946 3628 1990 3661 29
2013 3626 2058 3660 tffi
2079 3625 2115 3659 V
2134 3624 2156 3676 Ι.
2177 3623 2217 3657 31
2244 3623 2372 3675 debitor
2396 3625 2456 3664 est]

236 3674 258 3717 5
287 3676 335 3708 13.
364 3679 415 3718 14)
1381 3673 1563 3707 debitorem
1581 3674 1630 3708 Τι
1647 3674 1660 3718 fl
1677 3673 1810 3715 quidem
1833 3672 2023 3716 nominatus
2043 3669 2078 3703 V
2099 3678 2158 3711 qui
2180 3670 2371 3702 nominatus
2394 3668 2428 3703 T
2443 3666 2458 3714 ss

1382 3719 1440 3753 flet
1461 3721 1547 3763 vulg.
1565 3718 1578 3763 ΙΙ
1595 3720 1638 3754 32
1662 3728 1755 3752 casus
1779 3718 1829 3751 V¹

869 299 995 332 εωτῶν
1017 300 1135 343 χεῖρον
1161 311 1183 341 η
1206 310 1318 342 ηττον
1385 298 1473 334 lium
1509 300 1574 334 aut
1603 298 1784 334 vindicum
1818 302 1882 334 aut
1911 300 2117 336 officialium
2152 302 2229 337 eius
2263 301 2365 346 peius
2400 300 2464 336 sut
2518 330 2520 332 ,
