2618 4010
275 125 316 171 N
317 140 382 172 ov.
413 124 492 171 VII
519 138 584 183 pr.
1363 121 1418 170 5⁰

275 239 315 272 ἐκ
332 238 395 282 τῆς
425 234 531 281 αὐτῆς
561 237 679 271 αἰτίας
705 233 896 282 ἐκέρδανεν
917 231 941 281 ἢ
969 235 1037 281 τὴν
1065 232 1272 284 ἁγιωτάτην
1302 238 1356 271 ἐκ·
1422 237 1585 273 lucratus
1608 239 1665 274 est
1683 241 1748 274 aut
1763 239 2022 276 sanctissimam
2039 241 2226 278 ecclesiam
2239 241 2496 286 damnificavit3

275 282 428 327 κλησίαν
450 284 644 327 ἐζημίωσε·
667 280 758 328 πρὸς
779 279 918 317 τούτοις
940 280 981 317 δὲ
1003 285 1063 316 καὶ
1083 279 1278 316 ἀπελαύνει
1295 283 1357 325 τῆς
1423 292 1531 327 super
1560 282 1650 318 haec
1679 284 1799 319 autem
1827 284 1934 320 etiam
1966 286 2122 322 excludit
2153 287 2272 324 officio
2303 289 2497 324 oeconomi.

274 329 492 384 οἰκονομίας,
521 330 582 361 καὶ
607 324 760 362 δίδωσιν
782 322 926 375 ἀγωγὴν
949 329 995 376 τῇ
1018 324 1202 374 ἁγιωτάτῃ
1234 325 1355 370 ἐκκλη-
1422 327 1474 362 Et
1496 328 1558 363 dat
1581 327 1759 363 actionem
1789 329 2036 367 sanctissimae
2067 332 2240 368 ecclesiae
2271 344 2343 369 non
2374 337 2500 369 contra

274 377 338 408 σία
367 386 408 407 ου
440 371 532 406 κατὰ
561 370 687 417 μόνων
710 373 788 407 τῶν
810 370 1111 419 θεοφιλεστάτων
1141 368 1355 416 οἰκονόμων,
1423 372 1519 407 solos
1555 371 1621 408 deo
1657 373 1826 409 amabiles
1861 384 2075 413 oeconomos
2134 378 2198 414 sed
2234 379 2340 414 etiam
2375 382 2500 414 contra

273 407 364 452 ἀλλὰ
386 420 446 451 καὶ
469 417 562 452 κατὰ
582 414 764 461 διαδόχων
788 414 923 460 αὐτῶν,
947 419 1019 452 εἴτε
1043 414 1146 451 αὐτοὶ
1173 417 1278 451 τοῦτο
1303 416 1354 458 ἐξ·
1390 420 1409 452 5
1423 426 1650 453 successores
1681 428 1822 461 eorum,
1855 419 1928 455 sive
1958 420 2029 466 ipsi
2057 403 2126 458 hoc
2156 423 2401 459 alienaverunt
2427 423 2500 459 sive

274 465 450 505 εποίησαν
470 462 542 497 εἴτε
563 461 631 497 τὸν
647 462 739 497 κατὰ
761 462 888 508 καιρὸν
908 461 1195 508 θεοφιλέστατον
1215 463 1354 497 ἐπίσκο-
1422 472 1487 507 pro
1511 465 1672 508 tempore
1695 462 1760 498 deo
1775 463 1938 501 amabilis
1958 467 2149 518 episcopus
2172 472 2236 504 aut
2259 468 2388 514 aliquis
2411 468 2498 503 alio-

272 519 345 543 πον
365 506 387 561 ἢ
408 520 494 541 τινα
517 508 595 543 τῶν
612 505 739 542 ’ἄλλων
761 506 825 552 κλη
851 509 941 542 ικῶν
963 505 1118 554 ὁρῶντες
1140 507 1356 542 ἐκποιοῦντα
1422 517 1502 542 rum
1526 507 1735 543 clericorum
1758 508 1917 545 videntes
1939 511 2151 548 alienantem
2173 513 2416 549 taciturnitate
2438 513 2499 548 de-

273 564 415 596 σιωπην
431 550 563 610 ἀγεννῆ
578 565 619 588 τι
631 555 692 587 καὶ
702 550 825 588 ἀνελευ
859 556 946 600 ἐραν
963 551 1135 596 ἤσκησαν,
1152 555 1213 586 καὶ
1230 551 1354 595 πολλῷ
1423 552 1545 596 generi
1568 556 1604 588 et
1627 553 1703 588 Sine
1726 553 1894 589 libertate
1922 556 2022 600 passi
2045 560 2145 601 sunt,
2180 562 2217 594 et
2246 559 2359 594 multo
2382 558 2499 604 potius

271 596 409 643 μᾶλλον
432 610 463 632 ει
487 599 729 634 συναινοῦντα
751 597 947 643 βλέποντες
970 596 1122 640 τοιούτῳ
1153 599 1227 632 τινὶ
1255 609 1355 631 συνε-
1425 597 1455 632 si
1479 598 1739 634 consentientes
1763 598 1920 635 videntes
1951 600 2022 636 tale
2045 602 2177 646 aliquid
2206 603 2443 649 permiserunt
2465 608 2502 638 et

271 640 452 691 χώρησαν,
483 640 566 678 ἀλλ’
600 640 642 678 ού
666 642 709 678 τὸ
734 644 881 690 πρᾶγμα
904 641 1137 677 διεκώλυσαν.
1184 645 1245 676 καὶ
1268 642 1356 689 πρός
1372 645 1411 677 10
1423 653 1495 678 non
1519 653 1663 679 causam
1687 643 1960 689 prohibuerunt.
2002 646 2059 681 Ad
2081 647 2169 683 haec
2188 653 2307 684 autem
2330 653 2366 684 et
2388 648 2501 684 tabel-

271 700 312 734 γε
341 691 402 723 καὶ
433 688 500 723 τὸν
530 686 867 736 συμβολαιογράφον
889 687 956 722 τὸν
978 686 1024 722 τὰ
1046 689 1198 722 τοιαῦτα
1227 687 1354 722 συντά-
1423 688 1564 732 lionem,
1589 690 1650 734 qui
1663 690 1750 725 talia
1765 690 1919 725 confecit
1933 690 2178 735 instrumenta,
2201 696 2376 747 perpetuo
2391 693 2500 728 tradit

272 733 390 774 ξαντα
413 731 616 779 συμβόλαια
637 732 791 777 διηνεκεῖ
813 731 1066 778 παραδίδωσιν
1089 733 1228 778 ἐξορία,
1250 731 1354 778 μηδε-
1424 733 1541 776 exilio,
1565 734 1697 770 nullam
1717 735 1750 770 ei
1775 735 1998 770 clementiam
2021 746 2135 781 neque
2157 747 2393 774 reversionem
2417 749 2498 784 par-

270 778 352 823 μιᾶς
380 776 482 823 αὐτῷ
505 778 787 826 φιλανθρωπίας
806 778 899 823 μηδὲ
927 775 1105 814 ἐπανόδου
1137 780 1228 814 ποτε
1248 792 1354 823 μετα·
1422 779 1591 824 ticipans.
1653 781 1754 826 Ipsos
1793 790 1934 825 quoque
1968 781 2140 817 maximos
2173 782 2325 827 iudices,
2361 784 2422 828 qui
2455 784 2501 819 ad

271 821 438 859 διδοῦσα·
462 827 523 858 καὶ
545 822 671 858 αὐτοὺς
689 827 855 870 μέντοιγε
874 822 955 858 τοὺς
974 827 1159 870 μεγίστους
1181 822 1356 871 ἄρχοντας
1423 824 1513 860 haec
1537 824 1714 860 accedunt
1738 828 1775 861 et
1798 826 2005 860 ministrant
2027 826 2162 862 talibus
2186 829 2303 864 causis
2326 833 2391 864 aut
2415 839 2500 864 con-

270 867 353 904 τούς
374 868 422 903 τὰ
443 870 594 904 τοιαῦτα
626 871 871 915 προςιεμένους
900 872 961 902 καὶ
992 865 1261 916 ὑπουργοῦντας
1283 873 1356 903 τοῖς
1374 873 1410 905 15
1424 869 1483 904 fici
1507 870 1604 916 apud
1627 875 1738 906 semet
1761 871 1858 916 ipsos
1883 874 2113 907 monumenta
2142 882 2208 917 pro
2232 874 2501 910 confirmatione

270 912 445 970 τοιούτοις
466 913 675 969 πρᾴγμασιν
694 911 716 957 ἣ
735 914 983 969 συνίστασθαι
1002 910 1092 994 aa&²
1114 915 1257 969 ἑαυτοῖς
1269 911 1355 968 ὑπο·
1423 914 1548 968 talium
1586 915 1907 970 donationum-aut
1942 916 2094 952 aliorum
2106 920 2269 971 .actuum
2301 919 2500 973 patiuntur,

270 970 1358 1051 mmetgttffzzzttttzzzzss‘33232222&affectat
1425 961 1634 1041 ἓξοῧέἷίἕῗέῗ
1671 962 1913 1052 ἒαεῗὲῗξῗῗὲῗ
1939 962 2443 1053 ἔαὲζξὲῗῖἳιῗιὲὲῗιὲω,
2420 969 2503 1056 ρὲἰῖ

273 1053 300 1085 Β
321 1052 383 1084 καὶ
405 1051 466 1093 τῆς
488 1052 693 1096 περιουσίας
725 1046 911 1094 ἐκβάλλειν
935 1048 1143 1085 ἀπειλοῦσα.
1237 1051 1357 1085 Ταῦτα
1424 1051 1534 1086 mittit
1556 1052 1607 1086 rei
1631 1052 1895 1088 ecclesiasticae
1919 1063 2023 1088 usum
2046 1057 2110 1087 aut
2139 1052 2200 1098 qui
2228 1057 2377 1089 vocatur
2398 1065 2502 1090 usus-

270 1088 334 1130 οῧν
357 1094 607 1148 ἐπιτιμήσασα.
630 1092 817 1141 σφοδρῶς,
851 1096 1036 1142 ἐπιτρέπει
1066 1094 1274 1143 πράγματος
1303 1097 1355 1130 ἐκ·
1369 1098 1411 1130 20
1425 1096 1566 1132 fructus
1591 1098 1658 1132 sub
1691 1101 1789 1133 certo
1814 1097 1967 1143 quodam
1990 1102 2152 1143 tempore
2175 1100 2239 1133 aut
2262 1098 2368 1134 etiam
2390 1109 2505 1144 usque

270 1139 521 1184 κλησιαστικου
544 1150 671 1185 χρησιν
694 1139 774 1183 ἦτοι
793 1138 860 1174 τὸν
878 1139 1100 1185 καλούμενον
1120 1137 1355 1188 οὐσούφρουκ-
1425 1142 1471 1176 ad
1506 1142 1614 1177 vitam
1649 1143 1878 1188 percipientis
1915 1143 2000 1178 dare
2039 1143 2301 1179 sanctissimam
2335 1144 2504 1180 maiorem

269 1198 335 1221 τον
358 1186 419 1220 ἐπὶ
443 1183 554 1265 ῥῖζιόν
584 1198 670 1219 τινα
699 1184 831 1231 χρόνον
853 1183 876 1242 ἢ
905 1189 965 1220 καὶ
988 1185 1069 1231 ἄχρι
1093 1187 1154 1229 τῆς
1178 1188 1271 1229 ζωῆς
1292 1187 1356 1220 τοῦ
1425 1187 1622 1231 ecclesiam,
1648 1189 1715 1223 sub
1736 1188 1805 1224 hac
1825 1191 1944 1224 tamen
1959 1188 2175 1231 definitione,
2200 1192 2241 1224 ut
2259 1189 2302 1231 is,
2326 1189 2388 1234 qui
2410 1190 2504 1225 hanc

271 1227 444 1274 λαβόντος
491 1228 612 1265 ιδόναι
633 1229 702 1274 τὴν
733 1227 1126 1278 ἁγιωτατηνὰμεγάλην
1155 1231 1355 1275 ἐκκλησίαν,
1423 1232 1565 1278 accepit
1587 1233 1884 1275 munificentiam,
1917 1234 2074 1269 eiusdem
2099 1234 2308 1279 quantitatis
2339 1239 2506 1288 repenset

270 1278 330 1311 ἐπὶ
353 1274 472 1320 τούτῳ
502 1279 627 1321 με’ντοι
646 1276 700 1320 τῷ
725 1273 817 1332 ὅρῳ,
846 1274 907 1323 ἐφ’
934 1276 964 1320 ᾧ
989 1277 1055 1312 τὸν
1085 1275 1152 1320 τὴν
1183 1276 1356 1320 τοιαύτην
1423 1286 1498 1312 rem
1530 1279 1776 1314 sanctissimae
1810 1279 1937 1315 maiori
1967 1279 2142 1315 ecclesiae
2173 1280 2239 1315 sub
2275 1280 2505 1325 proprietatis

270 1319 463 1366 δεχόμενον
485 1320 696 1376 φιλοτιμίαν
719 1333 781 1365 της
813 1319 920 1377 αὐτῆς
950 1320 1152 1365 ποσότητος
1173 1320 1353 1356 ἀντιδιδό-
1368 1324 1409 1357 25
1423 1323 1580 1366 ratione,
1612 1333 1657 1358 ex
1688 1334 1759 1369 qua
1790 1325 1905 1368 possit
1927 1324 2077 1360 eundem
2099 1324 2253 1360 reditum
2280 1325 2506 1362 sanctissima

410 1367 426 1375 “
554 1367 570 1375 ”
722 1366 730 1376 ’
1425 1368 1576 1404 ecclesia
1599 1368 1750 1412 habere,
1784 1372 1957 1414 quantum
1978 1370 2040 1405 ille
2063 1380 2107 1405 ex
2129 1380 2199 1405 usu
2231 1371 2388 1415 accepit3
2421 1376 2505 1416 post

2025 140 2085 173 DE
2113 140 2204 174 NON
2231 140 2503 175 ALOENANDIS

268 1380 331 1402 ναι
354 1378 504 1414 πραγμα
526 1379 571 1411 τῃ
595 1380 619 1400 α
643 1380 780 1414 nazary
811 1366 946 1415 μεγαλῃ
978 1366 1143 1411 ἐκκλησίᾳ
1176 1366 1270 1402 κατὰ
1300 1365 1354 1401 δε-

269 1415 439 1448 σποτείας
462 1410 579 1460 λόγον,
604 1380 643 1452 A}
666 1411 707 1446 οὑ
732 1410 925 1456 δυνήσεται
953 1411 1020 1457 τὴν
1045 1408 1158 1456 αὐτὴν
1182 1410 1356 1458 πρόςοδον
1424 1413 1652 1458 percipientis
1681 1414 1805 1459 utique
1837 1418 1986 1450 mortem
2009 1418 2074 1450 aut
2097 1414 2281 1450 definitum
2303 1417 2444 1461 tempus
2467 1416 2504 1450 in

269 1455 310 1512 ἦἡ
321 1455 505 1511 ἁγιωΙτάτη
537 1455 705 1501 ἐκκλησία
733 1458 967 1537 κᾶιὲίζεσθαιὲ
1000 1455 1090 1511 ὅσην
1122 1455 1355 1513 ἐκεῖνος’ἀπὸ
1424 1468 1501 1511 usu·
1516 1458 1681 1494 videlicet
1704 1461 1749 1512 et·
1763 1470 1830 1495 usu
1854 1459 1959 1495 datae
1975 1460 2242 1495 ecclesiasticae
2258 1459 2312 1496 rei
2332 1461 2378 1495 ad
2390 1471 2504 1513 ‚sanc-

268 1501 797 1592 ἶῖἱὲἴὲῗξῗίὸῗαέῖνοὲλ
807 1502 970 1595 {taff
981 1516 1060 1584 εἶλν
1070 1502 1356 1595 {afflixi
1370 1551 1411 1582 30
1424 1504 1963 1594 353231230033230251533311
1964 1508 2150 1586 ἓῖοῖἓεῗέἓ
2173 1505 2339 1586 tm,
2348 1515 2506 1595 {affl

267 1594 330 1637 τῆς
351 1591 509 1649 χρήσεως
529 1594 594 1628 τοῦ
642 1593 795 1627 οθέντος
824 1592 1116 1637 ἐκκλησιαστικοῦ
1146 1592 1356 1640 πράγματος
1424 1604 1578 1640 namque
1602 1598 1827 1631 contractum
1849 1595 1926 1631 sine
1949 1596 2108 1641 periculo
2134 1605 2212 1631 esso
2235 1596 2338 1641 ponit
2359 1595 2428 1631 lex.
2468 1596 2507 1632 Si

269 1640 330 1674 ἐπὶ
353 1651 421 1682 την
443 1636 650 1686 ἁγιωτάτην
669 1637 860 1682 ἐκκλησίαν
878 1637 1103 1681 ἐπανιούσης,
1127 1641 1187 1672 καὶ
1210 1640 1271 1682 τῆς
1289 1640 1353 1673 τοῦ
1390 1669 1393 1673 ,
1422 1649 1504 1676 vero
1537 1640 1655 1676 minus
1684 1640 1794 1676 fuerit
1823 1651 1930 1687 quam
1960 1640 2055 1685 quod
2086 1641 2192 1677 datur
2223 1651 2246 1676 a
2281 1641 2506 1677 sanctissima

269 1682 500 1730 δωρηθέντος
531 1681 689 1731 χρήσεως
721 1680 795 1728 ἅμα
818 1685 863 1730 τῇ
888 1682 1082 1727 δεσποτεία
1115 1685 1176 1728 τῆς
1198 1681 1351 1731 ἁγιωτά-
1422 1686 1573 1721 ecclesia
1595 1686 1702 1728 illud,
1728 1686 1823 1731 quod
1847 1689 2099 1731 compensatur
2123 1686 2173 1729 ei,
2198 1686 2298 1722 cuius
2322 1696 2405 1722 mox
2428 1687 2504 1731 qui-

267 1740 330 1772 της
352 1728 538 1773 ἐκκλησίας
559 1732 760 1776 γινομένης.
795 1726 990 1764 ἀκίνδυνον
1007 1728 1076 1776 γὰρ
1100 1729 1193 1765 εἶναι
1215 1728 1258 1764 τὸ
1281 1743 1354 1764 τοι·
1424 1730 1503 1766 dem
1520 1731 1694 1776 percipiet
1713 1731 1980 1776 proprietatem,
2002 1733 2125 1776 sperat
2140 1735 2260 1767 autem
2276 1731 2385 1767 etiam
2401 1742 2505 1767 usum

269 1775 376 1810 οὓτον
405 1772 637 1822 συνάλλαγμα
666 1774 819 1817 τίθησιν
849 1772 869 1809 ὁ
900 1773 1017 1820 νόμος.
1063 1775 1095 1809 εἰ
1127 1772 1168 1809 δὲ
1201 1774 1355 1810 ἔλαττον
1369 1778 1411 1812 35
1425 1776 1599 1822 accipere,
1622 1777 1802 1812 infirmum
1826 1779 2050 1813 contractum
2074 1781 2111 1812 et
2131 1788 2197 1822 pro
2222 1787 2295 1813 non
2318 1776 2416 1813 facto
2440 1787 2504 1823 po-

267 1820 321 1864 εἴη
345 1820 409 1854 τοῦ
434 1817 627 1864 δεδομένου
650 1818 751 1867 παρὰ
774 1821 836 1875 τῆς
867 1816 1069 1868 ἁγιωτάτης
1102 1819 1288 1865 ἐκκλησίας
1311 1820 1353 1855 τὸ
1422 1821 1495 1864 nit,
1531 1822 1662 1867 datque
1689 1822 1868 1858 licentiam
1899 1822 2164 1864 vindicationis,
2196 1825 2322 1867 utpote
2355 1823 2505 1858 circum·

269 1862 467 1901 ἀντιδοθὲν
497 1863 605 1912 αὐτῇ,
637 1863 749 1911 οὗπερ
779 1869 909 1900 αυτίκα
936 1868 1005 1911 μιὶν
1034 1864 1188 1912 λήψεται
1210 1865 1278 1907 τὴν
1301 1864 1355 1900 δε·
1423 1866 1588 1903 ventione
1612 1871 1738 1904 contra
1760 1868 1817 1903 ius
1841 1867 2087 1904 sanctissimae
2111 1868 2284 1904 ecclesiae
2306 1867 2416 1904 facta.

269 1914 454 1952 σποῐείαν,
487 1909 624 1953 ἐλπίζει
654 1908 696 1945 δὲ
717 1913 779 1945 καὶ
807 1910 847 1945 τ’
907 1912 1034 1959 χρῆσιν
1057 1910 1202 1956 λαβεῖν,
1233 1909 1359 1958 ἀκυροῖ

267 1954 311 1991 τὸ
334 1954 568 2003 συνάλλαγμα
590 1958 652 1990 καὶ
675 1952 759 1991 ἀντὶ
781 1925 875 2000 ang}
901 1954 1091 2003 γεγονότος
1114 1956 1264 2000 τίθησι,
1297 1959 1357 1991 καὶ

267 1999 424 2036 δίδωσιν
445 1999 572 2036 ἄδειαν
595 1999 816 2045 ἐκδικήσεως,
841 2001 901 2036 οἶα
918 2003 1139 2049 περιγραφῆς
1162 2000 1255 2036 κατὰ
1276 2003 1355 2037 τῶν
1369 2005 1411 2037 40

267 2049 288 2083 1
331 2045 484 2082 δικαίων
505 2047 567 2091 τῆς
589 2043 791 2093 ἁγιωτάτης
818 2045 1004 2090 ἐκκλησίας
1025 2049 1228 2094 γενομένης.
1319 2044 1356 2082 Ὁ
1424 2049 1444 2084 l
1488 2048 1565 2084 Lex
1583 2049 1705 2094 itaque
1728 2049 1795 2085 sub
1820 2048 1993 2085 brevitate
2016 2049 2103 2084 talia
2123 2049 2283 2086 decernit
2304 2052 2341 2085 et
2358 2048 2504 2084 multam

267 2093 334 2137 μὲν
362 2086 429 2127 οὖν
457 2090 565 2136 νόμος
599 2088 648 2126 οὖς
679 2093 719 2126 ἐν
751 2095 880 2139 βραχεῖ
908 2093 1059 2126 τοιαῦτα
1089 2090 1289 2140 διορίζεταί
1317 2106 1356 2127 τε
2497 2109 2501 2114 ·

267 2172 313 2209 ab
333 2171 649 2208 administratione
665 2183 738 2218 quo
767 2183 811 2208 ue
830 2183 911 2208 eum
930 2176 1100 2216 removet,
1124 2178 1161 2209 et
1176 2172 1355 2208 actionem
1374 2172 1441 2209 dat
1454 2173 1706 2209 sanctissimae
1724 2174 1897 2210 ecclesiae
1912 2185 1988 2210 non
2006 2174 2123 2210 solum
2143 2178 2274 2210 contra
2297 2174 2365 2209 deo
2392 2176 2503 2211 caris-

267 2217 379 2254 simos
413 2228 646 2260 oeconomos,
683 2228 722 2252 sc
781 2218 891 2254 etiam
922 2222 1053 2254 contra
1085 2228 1315 2254 successores
1348 2229 1493 2261 eorum,
1529 2219 1605 2255 sive
1638 2219 1679 2254 id
1708 2219 1781 2266 ipsi
1812 2219 2023 2255 alienarunt
2053 2219 2128 2255 sive
2163 2218 2231 2254 deo
2268 2219 2503 2263 carissimum,

267 2263 332 2310 qui
352 2266 427 2299 tum
449 2267 522 2306 est,
553 2262 765 2310 episcopum
788 2263 845 2299 vel
866 2262 1090 2309 reliquorum
1109 2263 1324 2299 clericorum
1353 2263 1511 2310 aliquem
1541 2264 1703 2300 alienare
1729 2264 1889 2300 videntes
1920 2269 1957 2300 tu
2005 2275 2026 2300 e
2055 2268 2166 2310 atque
2191 2264 2369 2300 illiberale
2396 2265 2503 2302 silen-

270 2308 357 2344 tium
379 2311 550 2355 efferunt,
574 2312 611 2344 et
629 2307 742 2344 multo
764 2307 884 2354 maqis
904 2308 958 2350 si,
988 2307 1050 2344 ubi
1072 2308 1352 2344 consentientem
1371 2319 1452 2344 eum
1475 2309 1515 2344 in
1539 2309 1611 2345 tale
1634 2308 1724 2355 quid
1745 2309 1931 2352 viderunt,
1953 2310 1968 2344 i
2015 2313 2270 2345 concesserunt
2291 2320 2407 2362 neque
2428 2320 2503 2347 rem

265 2352 709 2435 stigmata?
717 2352 1506 2446 ‚ffifftssebiffl'ss‘jff'ssaissmssffffi2225}ss
1528 2354 2505 2446 3332‘2283220503525322’1s‘'⁷⁰55“5’025532m4’2t223‘5

268 2448 304 2480 et
322 2443 499 2480 eiusmodi
520 2443 630 2479 rebus
653 2454 803 2490 operam
819 2448 1034 2491 praestant,
1062 2448 1129 2480 aut
1151 2443 1253 2490 apud
1274 2455 1314 2480 se
1336 2444 1552 2480 documenta
1575 2444 1627 2480 ad
1647 2444 1825 2480 eiusmodi
1848 2426 2086 2481 donationes,
2123 2445 2221 2480 iosve
2245 2449 2350 2481 actus
2372 2446 2504 2492 confir-

267 2489 422 2526 mandos
452 2489 584 2535 confici
608 2489 827 2536 patiuntur,
858 2493 894 2525 et
916 2489 1135 2536 maqistratu
1166 2493 1203 2525 et
1225 2489 1405 2536 diqnitate
1435 2494 1473 2525 et
1493 2489 1599 2525 bonis
1618 2501 1638 2526 e
1695 2490 1804 2526 ellere
1823 2491 1993 2526 minatur.
2043 2489 2114 2525 Bis
2131 2490 2247 2537 iqitur
2271 2490 2426 2536 fortiter
2447 2502 2503 2527 re-

265 2533 457 2582 prehensis
477 2534 534 2570 rei
556 2534 822 2570 ecclesiasticae
847 2545 952 2570 usum
975 2534 1050 2571 sive
1072 2535 1341 2581 usumfructum
1365 2534 1429 2581 qui
1451 2539 1605 2571 vocatur
1627 2501 1836 2571 ffoertum
1863 2535 2016 2582 aliquod
2043 2539 2199 2582 tempus,
2229 2535 2287 2570 vel
2312 2535 2438 2582 quoad
2458 2537 2502 2577 is,

291 2580 332 2616 ui
351 2579 545 2627 acceperit,
566 2580 670 2622 vivet,
691 2579 781 2615 dare
792 2580 977 2627 permittit
994 2579 1245 2616 sanctissimae
1261 2591 1417 2626 maqnae
1437 2580 1619 2623 ecclesiae,
1641 2580 1711 2616 hac
1735 2585 1852 2616 tamen
1869 2583 1936 2616 suo
1952 2580 2176 2623 condicione,
2192 2584 2234 2615 ut
2250 2580 2293 2622 is,
2314 2580 2379 2626 qui
2397 2580 2502 2616 talem

268 2591 523 2662 iiber-alituum
550 2625 702 2672 accipit,
733 2636 809 2661 rem
829 2623 987 2661 eiusdem
1007 2625 1227 2672 quantitatis
1245 2625 1499 2661 sanctissimae
1521 2636 1677 2672 maqnae
1699 2626 1872 2661 ecelesiae
1899 2625 2051 2661 dominii
2073 2625 2153 2661 iure
2174 2623 2322 2667 reddat,
2353 2636 2404 2661 ex
2429 2636 2502 2672 qua

268 2669 418 2707 eundem
437 2669 593 2706 reditum
615 2670 844 2706 sanctissima
867 2669 1018 2706 ecelesia
1035 2670 1230 2717 percipere
1246 2671 1378 2723 possit,
1409 2674 1587 2717 quantum
1608 2670 1671 2706 ille
1698 2681 1749 2706 esc
1772 2671 1967 2717 usufructu
1990 2670 2149 2717 accepit:
2184 2669 2323 2705 scilicet
2347 2675 2389 2706 ut
2445 2678 2502 2706 ost

268 2719 419 2752 mortem
440 2715 535 2758 eius,
559 2715 623 2762 qui
646 2715 803 2762 accepit,
827 2715 884 2752 vel
935 2719 994 2751 ost
1015 2720 1155 2762 tempus
1178 2716 1403 2797 wugrusstui
1418 2716 1660 2763 praefinitum
1684 2720 1757 2752 tam
1779 2716 2015 2762 ususfructus
2037 2715 2093 2751 rei
2111 2714 2375 2751 ecclesiasticae
2445 2719 2502 2752 tae

268 2760 319 2797 ad
339 2760 604 2797 sanctissimam
634 2760 822 2797 ecclesiam
851 2772 893 2797 re
939 2764 997 2804 at,
1030 2771 1139 2807 quam
1159 2763 1222 2797 'rei
1269 2766 1404 2798 onatae
1425 2761 1660 2807 ususfructus
1681 2772 1756 2796 una
1779 2771 1859 2796 cum
1880 2760 2039 2796 dominio
2061 2760 2309 2796 sanctissimae
2331 2761 2502 2797 ecclesiae

268 2806 494 2853 acquiratur.
544 2805 642 2842 Talis
662 2806 756 2841 enim
776 2810 987 2842 contractus
1009 2811 1052 2842 ut
1072 2807 1151 2843 sine
1196 2806 1333 2842 ericulo
1353 2807 1413 2850 sit,
1438 2807 1501 2843 lex
1523 2806 1652 2842 sancit.
1698 2805 1741 2842 Si
1760 2816 1845 2842 vero
1865 2817 1920 2849 eo,
1942 2805 2043 2852 quod
2061 2817 2086 2840 a
2104 2805 2334 2840 sanctissima
2351 2806 2502 2842 ecclesia

268 2851 394 2888 datum
412 2854 477 2894 est,
497 2851 616 2886 niinus
637 2852 687 2887 sit
707 2851 748 2886 id
768 2851 869 2898 quod
890 2852 924 2887 ei
946 2852 985 2887 in
1008 2851 1119 2888 vicem
1169 2856 1267 2895 atur,
1291 2852 1395 2888 cuius
1416 2852 1483 2888 illa
1499 2851 1769 2899 proprietatem
1791 2850 1935 2898 quidem
1957 2851 2080 2886 statim
2100 2850 2246 2897 accipit,
2267 2855 2395 2897 sperat
2415 2861 2501 2887 vero

268 2908 308 2933 se
329 2896 597 2943 usumfructum
653 2907 773 2943 uoque
799 2901 1044 2944 accepturam,
1067 2897 1212 2933 irritum
1237 2897 1359 2933 reddit
1381 2901 1607 2933 contractum
1635 2901 1672 2933 et
1686 2907 1762 2943 pro
1782 2907 1857 2932 non
1879 2897 1986 2942 facto
2004 2896 2132 2942 ponit,
2156 2900 2267 2942 atque
2295 2895 2502 2932 vindicandi

267 2943 289 2978 1
328 2945 550 2989 potestatem
572 2942 619 2977 tri
642 2942 708 2985 uit,
731 2946 859 2989 utpote
876 2942 1015 2988 fraude
1038 2947 1167 2978 contra
1189 2943 1246 2978 ius
1268 2943 1520 2978 sanctissimae
1543 2942 1714 2978 ecclesiae
1737 2941 1936 2978 commissa.
2029 2940 2102 2976 Illa
2127 2940 2243 2988 iqitur
2266 2940 2329 2976 lex
2348 2941 2502 2978 breviter

315 3037 335 3070 5
359 3029 543 3076 διαδόχων
567 3031 676 3068 αὗτοῦ
701 3031 765 3068 ἐὰν
791 3031 897 3069 αὐτὸς
925 3035 1032 3069 τοῦτο
1057 3035 1266 3078 ἐξεποίησεν
1290 3036 1317 3069 Δ
1340 3033 1353 3081 ΙΙ

270 3082 291 3115 6
309 3078 392 3121 εἴτε]
412 3076 503 3113 ἀλλὰ
514 3080 575 3112 καὶ
587 3080 617 3113 Α
633 3079 646 3123 ΙΙ
665 3082 683 3113 Ἰ
701 3075 721 3113 ὁ
746 3079 846 3113 &aava
859 3079 1116 3124 ἐκποιοὺμενον
1128 3083 1188 3114 καὶ
1208 3080 1352 3124 σιωπὴν

269 3122 401 3171 ἀγεννῆ
419 3135 461 3158 τι
483 3126 544 3158 καὶ
565 3123 615 3169 μὴ
640 3122 717 3158 ἕλευ
751 3127 836 3170 ἐραν
859 3121 1079 3169 ἀσκήσαντα,
1101 3125 1138 3159 οἳ
1160 3124 1284 3161 πολλῶ
1312 3139 1353 3173 γε

268 3167 407 3223 μᾷλλον
430 3170 509 3204 τῶν
532 3168 804 3224 σνναινούντων
826 3167 1177 3224 κατακριθησονταν
1209 3168 1257 3205 ὠς
1279 3183 1351 3205 τοι·

270 3227 378 3250 ουτον
399 3213 596 3262 γενόμενον
618 3227 655 3248 τι
676 3213 871 3259 βλέποντες
900 3218 959 3249 καὶ
986 3229 1036 3260 μη
1064 3213 1352 3251 διακωλύσαντες

271 3262 302 3294 Α
326 3262 383 3304 (cfi
409 3264 442 3303 e)
457 3259 470 3304 ΙΙ
488 3264 509 3295 9
533 3260 788 3302 συναινοῦντα]
812 3261 1055 3295 consentientes
1073 3274 1093 3298 ς
1111 3261 1123 3307 ΙΙ
1143 3264 1177 3295 11
1207 3263 1266 3295 καὶ
1286 3260 1352 3296 τὸν

272 3318 330 3338 om.
355 3307 386 3339 A
409 3307 422 3349 Ι
447 3308 486 3357 12
510 3302 714 3349 συμβόλαια
738 3318 797 3341 om.
821 3307 855 3340 A
877 3306 890 3350 Ι
916 3308 957 3341 14
981 3303 1108 3341 αὐτοὺς
1133 3314 1163 3341 et
1184 3303 1267 3341 τοῦς
1291 3321 1350 3342 om.

271 3351 299 3403 2⁴
316 3350 391 3434 2:23³
407 3348 914 3442 5³1-1t.³‚2‘:¹2¹0{}12202²⁵ffz‘3
936 3365 994 3429 εἰς·
1019 3353 1083 3431 2¹1
1099 3352 1290 3440 ties}
1307 3371 1350 3377 -

271 3393 496 3482 ἐμήσαςρέίη
501 3442 513 3480 11
538 3442 577 3475 21
602 3438 749 3495 τὸν]’τὸ
767 3442 800 3475 Α
817 3441 830 3486 ΙΙ
847 3443 889 3476 24
913 3400 1033 3494 τξῖξὲ
1058 3399 1187 3497 ἔντιμ’
1213 3440 1282 3485 τὴν
1291 3409 1349 3484 ⁹3}

271 3483 1218 3578 ῑιιέλὃὲιέῑῑατςρῑὰῖτιῖςλέξειςυςῖρῑαὶΙ
1230 3490 1352 3578 {tsi

273 3573 315 3606 :35
339 3567 392 3628 {il
416 3569 457 3605 δὲ
480 3576 539 3625 καὶ
556 3577 586 3608 Α
602 3575 614 3620 ΙΙ
634 3579 673 3610 37
689 3574 831 3633 Ιαὐτίκα
852 3577 932 3621 μὲν]
958 3574 1047 3620 αὐτὴ
1070 3574 1184 3612 κᾶνΔ
1199 3578 1211 3623 ΙΙ
1230 3580 1270 3631 {l
1296 3591 1351 3625 γε·

271 3619 512 3697 ἶςεζηῑὲςμηι
525 3630 755 3665 γεγενημενης
766 3623 798 3656 Α
814 3621 826 3667 ΙΙ
844 3624 887 3657 42
899 3635 947 3667 sq.
968 3635 1009 3656 τε
1023 3625 1083 3656 καὶ
1104 3625 1267 3668 satrapa]
1291 3625 1351 3657 καὶ

322 3720 335 3754 1
353 3718 423 3759 aut]
437 3718 542 3751 auls·
560 3710 1353 3771 {QMWW

1421 3038 1442 3070 4
1466 3036 1566 3068 etiam
1587 3048 1646 3069 om.
1666 3036 1715 3070 12¹
1734 3034 1746 3081 ΙΙ
1764 3038 1879 3068 contra
1899 3047 1957 3067 om.
1972 3034 2009 3067 V
2022 3034 2034 3077 η
2051 3037 2070 3068 5
2093 3034 2313 3066 successiones
2336 3034 2386 3067 R*
2412 3034 2424 3078 ΙΙ
2446 3044 2500 3067 eo-

1421 3092 1495 3114 rum
1519 3081 1683 3114 actionem
1701 3081 1766 3124 ipsi
1789 3081 1861 3113 sine
1886 3079 1923 3114 V
1937 3078 1943 3123 Ι
1979 3082 1999 3113 6
2022 3081 2093 3121 aut]
2117 3089 2159 3111 an
2180 3079 2217 3112 V
2221 3079 2233 3100 ²
2247 3078 2260 3124 ΙΙ
2281 3081 2298 3112 7
2323 3079 2499 3112 taciturni-

1420 3129 1523 3159 tatem
1536 3127 1584 3160 12¹
1609 3125 1834 3159 taciturnitati
1849 3124 1935 3159 R²V
1955 3123 1960 3169 Ι
1976 3124 2160 3166 degenere?
2185 3124 2222 3158 V
2227 3124 2250 3166 ³,
2278 3135 2404 3167 *ego-0
2419 3124 2451 3158 V
2456 3125 2467 3145 ¹

1422 3173 1442 3206 8
1466 3171 1616 3204 libertati
1637 3171 1675 3205 V
1682 3172 1691 3191 ¹
1708 3170 1721 3214 ΙΙ
1738 3171 1838 3215 passi]
1862 3171 1953 3203 nacti
1977 3171 2010 3203 R
2032 3170 2105 3202 nati
2129 3169 2167 3203 V
2173 3169 2206 3210 Ἰ
2231 3171 2251 3202 9
2274 3170 2315 3211 si]
2339 3170 2401 3202 hoo
2424 3168 2474 3202 R·

1425 3219 1461 3251 11
1494 3216 1602 3250 tradet
1621 3217 1654 3250 R
1675 3217 1764 3249 tradi
1778 3217 1812 3250 T
1823 3215 1829 3260 Ι
1856 3217 1894 3249 12
1917 3215 2112 3258 principans
2132 3214 2181 3249 R¹
2199 3214 2205 3258 Ι
2231 3215 2270 3249 14
2290 3214 2412 3247 confixi
2425 3212 2476 3247 V·

1426 3263 1463 3296 15
1489 3261 1771 3295 confirmationem
1786 3260 1823 3295 V
1866 3262 1903 3294 17
1930 3261 2190 3293 interminantur
2203 3260 2253 3294 V⁰
2270 3261 2282 3302 ΙΙ
2299 3261 2341 3294 20
2363 3261 2435 3300 aut]
2455 3268 2498 3292 nn

1422 3307 1460 3341 V
1468 3307 1478 3328 ¹
1493 3308 1506 3351 ΙΙ
1525 3309 1564 3341 21
1578 3307 1815 3350 praecipientis
1871 3305 1882 3326 ¹
1897 3305 1909 3349 fl
1926 3306 2085 3338 moiorem
2100 3306 2132 3338 R
2149 3304 2163 3349 ΙΙ
2179 3307 2221 3339 ’24
2234 3303 2369 3338 ecclesie
2380 3304 2498 3337 maiori

1422 3352 1568 3391 (maioris
1584 3351 1622 3385 V
1627 3352 1651 3395 ¹)
1671 3352 1709 3385 V
1717 3351 1730 3397 ΙΙ
1750 3354 1797 3386 25«
1815 3361 1881 3394 qua
1905 3363 1963 3384 om.
1980 3351 2030 3383 Β*
2045 3351 2058 3395 n
2076 3360 2151 3384 eum
2167 3350 2215 3383 13¹
2233 3348 2246 3394 ΙΙ
2261 3348 2497 3382 sanctissimam

1421 3396 1498 3442 R¹u
1517 3398 1560 3431 26
1583 3398 1723 3440 accepit]
1754 3397 1874 3430 habere
1896 3397 2061 3438 acceperit
2073 3395 2150 3438 13²1}
2169 3395 2210 3427 27
2239 3394 2288 3434 in]
2313 3406 2331 3424 ο
2358 3393 2396 3427 V
2402 3394 2412 3414 ¹
2433 3395 2495 3427 del.

1420 3442 1472 3476 Β*
1498 3454 1556 3476 om·
1580 3443 1666 3486 vuly.
1693 3442 1706 3486 ΙΙ
1730 3444 1772 3477 28
1796 3445 1830 3476 et
1851 3451 1914 3475 mu
1936 3441 1959 3477 f.
1985 3442 2021 3483 (i.
2045 3453 2072 3475 e.
2095 3439 2222 3479 fructu)
2240 3438 2326 3472 R'V
2327 3438 2342 3459 ²
2361 3438 2375 3482 Ι
2392 3437 2496 3471 ¹'‘dato

1422 3488 1499 3521 libri
1519 3487 1532 3529 ΙΙ
1551 3488 1594 3521 30
1612 3500 1660 3530 sq.
1685 3497 1827 3530 namque
1850 3486 1950 3519 talem
1974 3485 2036 3531 Ru
2061 3486 2103 3520 33
2126 3484 2170 3525 ei]
2194 3483 2243 3517 rei
2263 3483 2309 3517 V·
2356 3483 2412 3516 oui
2432 3482 2495 3525 V',

1421 3533 1485 3566 del.
1509 3531 1547 3566 V
1550 3531 1565 3552 ²
1591 3531 1604 3577 ΙΙ
1634 3535 1676 3566 34
1712 3533 1947 3576 proprietatem
1975 3544 2033 3565 οηι.
2056 3529 2107 3564 12¹
2134 3529 2148 3572 Ι
2174 3530 2217 3563 36
2252 3537 2318 3561 uon
2345 3528 2352 3535 '
2394 3527 2496 3561 tionis

1421 3577 1491 3612 VT
1507 3578 1713 3611 uenditionis
1736 3578 1769 3611 R
1795 3577 1808 3622 ΙΙ
1832 3575 2147 3610 circumuentionem
2172 3572 2210 3606 V
2214 3572 2226 3593 ²
2245 3572 2258 3616 fl
2283 3575 2323 3607 41
2350 3573 2384 3606 R
2407 3576 2493 3607 rubr.

1422 3625 1455 3657 in
1476 3635 1538 3666 my.
1571 3623 1622 3655 Ad
1652 3634 1706 3656 eos
1736 3622 1795 3664 qui
1825 3633 1894 3655 rem
1923 3619 2172 3655 ecclesiasticam
2202 3627 2308 3661 parua
2337 3619 2494 3661 pensione

1420 3668 1572 3701 detinent
1594 3670 1755 3711 perpetuo
1771 3665 1785 3712 ΙΙ
1799 3666 2004 3699 subreuitate
2021 3664 2071 3699 R·
