2618 4010
286 147 392 189 Nov.
414 145 571 188 LXXX
601 147 708 186 2-4

284 259 344 291 καὶ
373 255 461 305 πρὸς
492 254 618 293 αὐτοὺς
648 257 783 306 λέγοιεν
813 257 929 303 δίκας,
959 261 991 295 εἰ
1019 263 1087 306 μὲν
1115 259 1254 304 πλῆθος
1284 261 1349 306 εἴη,

284 300 364 336 τοὺς
392 303 460 346 μὲν
483 301 634 338 πολλοὺς
655 298 887 350 ἀποπέμπων
916 307 1131 353 παραχρῆμα
1166 306 1254 351 πρὸς
1282 305 1351 351 τὴν

248 382 250 384 ,
283 345 406 392 χώραν
437 344 501 381 δύο
529 347 551 391 ἢ
580 349 694 394 τριῶν
716 348 1099 395 καταλιμπανομένων,
1129 351 1231 396 οἷπερ
1260 351 1351 386 κατὰ

283 390 325 425 τὸ
347 391 411 425 τοῦ
434 390 601 427 συνδίκου
631 395 748 438 σχῆμα
778 393 847 439 τὴν
869 393 974 438 δίκην
995 394 1246 441 ἀγωνιοῦνται.
1292 399 1352 430 καὶ

283 433 378 470 οὕτω
401 434 442 470 δὲ
465 434 576 472 αὐτὸν
598 439 806 474 ἐπικεῖσθαι
829 441 884 484 τῷ
907 441 968 483 τῆς
991 438 1088 483 δίκης
1110 437 1268 486 ἀκροατῆ
1290 444 1350 475 καὶ

283 480 562 527 παρασκευάζειν
581 480 639 518 ὅτι
657 482 808 527 τάχιστα
825 488 969 529 τέμνειν
986 483 1049 520 τὰς
1066 477 1269 530 ὑποθέσεις,
1290 487 1351 519 ἵνα

280 524 330 569 μὴ
350 527 459 580 μῆκρς
482 526 601 562 αὐτοῖς
623 530 799 575 ἐγγένοιτο
820 529 960 576 χρόνου,
983 533 1043 564 καὶ
1065 528 1220 574 μάλιστα
1241 543 1349 578 γεωρ·

280 573 370 615 γοῖς,
405 584 461 605 ων
490 569 512 615 ἦ
541 586 582 608 τε
612 574 778 608 ἐνταῦθα
809 578 986 621 παρουσία
1019 574 1169 622 περιττὴ
1196 571 1220 621 ἦ
1250 588 1289 610 τε
1312 578 1351 609 ἐκ

279 616 341 671 τῆς
361 620 535 665 γεωργίας
562 617 669 662 σχολὴ
691 618 825 664 βλάβος
849 616 966 655 αὐτοῖς
993 633 1033 654 τε
1057 622 1116 653 καὶ
1137 622 1209 655 τοῖς
1231 633 1350 663 κεκτη-

278 672 398 704 μενοις
421 665 527 697 ποιεῖ.

1349 147 1435 196 392

2141 167 2200 199 DE
2229 165 2484 205 QUAESTORE

1417 261 1447 298 si
1478 261 1619 307 quidem
1651 262 1838 304 multitudo
1873 265 1937 310 sit,
1973 265 2093 312 plures
2126 265 2265 312 quidem
2299 265 2480 303 remittere

1419 307 1589 343 continuo
1620 306 1667 342 ad
1689 307 1905 352 provinciam
1935 310 2074 347 duobus
2105 313 2169 346 aut
2198 311 2315 347 tribus
2338 310 2481 352 relictis.

1421 351 1480 396 qui
1500 351 1695 387 secundum
1718 352 1984 398 collitigantium
2007 356 2150 392 schema
2168 356 2265 392 litem
2281 359 2480 398 exerceant,

1420 400 1456 432 et
1477 396 1530 431 ita
1559 405 1639 431 eum
1662 396 1841 433 imminere
1870 397 1941 436 lius
1970 400 2124 437 auditori
2154 403 2190 436 e't
2218 410 2409 446 procurare
2433 401 2480 437 ci-

1386 441 1490 476 5tius
1519 440 1630 476 incidi
1659 441 1816 485 negotia,
1851 447 1892 478 ut
1921 454 1991 480 non
2022 445 2202 491 longitudo
2232 446 2283 482 eis
2306 446 2371 481 fiat
2392 448 2478 481 tem-

1418 485 1526 531 poris,
1549 488 1586 521 et
1607 486 1757 539 maxime
1779 488 1954 567 afssooliss‚
1979 500 2127 535 quorum
2150 492 2262 527 ethic
2281 491 2482 536 praesentia

1419 530 1599 576 superflua
1622 533 1658 567 et
1680 541 1800 584 agnou
1815 536 1916 569 turae
1937 534 2074 570 vacatio
2095 535 2259 572 damnum
2283 540 2320 572 et
2336 537 2423 582 ipsis
2445 541 2482 572 et

1419 576 1684 621 possessoribus
1708 576 1803 613 facit.

1265 778 1421 815 CAPUT
1444 778 1506 814 ΠΙ.

331 854 377 888 Εἰ
406 851 446 888 δὲ
473 851 557 889 mida*
584 854 782 901 γεωργικὸν
811 856 864 898 εἴη
894 851 939 889 τὸ
968 853 1166 900 ἐπιδημοῦν
1198 856 1349 901 πλῆθος,

277 895 367 933 ἄλλά
386 911 480 934 τινες
497 899 605 942 τυχὸν
626 902 741 947 ἕτεροι
771 898 793 943 ἢ
824 903 884 934 καὶ
908 899 1136 945 δικασόμενοι
1165 902 1253 948 πρὸς
1275 904 1347 937 ἑτέ-

278 955 367 989 ρους,
391 947 451 978 καὶ
471 944 866 998 ένταῦθαιχρονίζοιεν,
889 944 938 990 μὴ
961 944 1157 989 ἐνδιδόναι,
1180 946 1269 981 ἀλλὰ
1283 947 1350 982 σὺν

1463 857 1499 893 Si
1519 868 1601 893 vero
1624 867 1738 903 neque
1757 858 1990 903 agricolarum
2014 860 2059 894 sit
2077 860 2264 897 adveniens
2282 862 2480 903 multitudo,

1416 904 1479 939 sed
1502 903 1643 948 quidam
1666 903 1789 940 forsan
1809 904 1868 938 alii
1898 906 1962 940 aut'
1984 905 2090 940 etiam
2120 905 2291 950 litigaturi
2313 908 2481 943 adversus

1419 948 1524 992 alios,
1557 951 1593 983 et
1615 949 1673 983 hic
1697 949 1847 993 tardent,
1879 960 1952 985 non
1976 951 2168 995 quiescere,
2199 950 2263 987 sed
2285 961 2366 987 cum
2388 954 2481 988 omni

278 988 375 1044 πᾴσῃ
399 993 570 1033 συντονία
592 1001 673 1024 τους
697 988 866 1025 δικαστὰς
897 992 1053 1038 ἐπείγειν
1082 991 1172 1036 μετὰ
1195 992 1349 1036 σπουδῆς
1417 994 1588 1028 instantia
1618 993 1752 1029 iudices
1782 1004 1906 1038 urgere
1938 1005 2017 1030 cum
2047 996 2275 1032 festinatione
2304 1006 2365 1032 eos
2397 1008 2480 1033 con-

277 1033 404 1069 αυτοὺς
442 1035 520 1068 τῶν
556 1033 907 1082 ἀμφισβητουμένων
941 1034 1183 1072 ἀπαλλάττειν
1214 1051 1255 1072 τε
1289 1042 1349 1072 καὶ
1363 1042 1404 1074 15
1416 1038 1635 1074 tentionibus
1669 1039 1853 1075 absolvere
1885 1043 1921 1075 et
1953 1040 2074 1075 litibus
2109 1041 2279 1077 liberatos
2306 1042 2482 1077 remittere

277 1080 354 1113 τῶν
384 1077 497 1114 δικῶν
529 1078 843 1126 έλευθερουμένους
873 1082 1080 1125 ἐκπέμπειν,
1113 1079 1199 1117 ὥςτε
1223 1082 1349 1118 αὐτοὺς

276 1123 339 1159 τὰς
360 1124 489 1159 οἰκείας
511 1125 629 1171 χώρας
658 1138 699 1160 τε
730 1129 789 1160 καὶ
817 1124 937 1161 πόλεις
966 1127 1085 1162 οἰκεῖν.
1133 1129 1178 1161 Εἰ
1202 1126 1242 1162 δέ
1263 1127 1347 1163 πολ-

277 1168 372 1212 λάκις
395 1168 650 1213 ἐνοχλήσαντος
677 1171 732 1214 τῷ
756 1168 989 1227 οἷκροιυμεί,ιφτ
1007 1173 1068 1225 τῇς
1099 1170 1196 1216 δίκης
1223 1171 1349 1228 {vote

1417 1093 1500 1119 suas
1522 1084 1680 1120 civitates
1705 1086 1741 1119 et
1763 1084 1962 1129 provincias
1984 1085 2155 1121 habitare.
2195 1086 2233 1122 Si
2255 1096 2337 1122 vero
2361 1086 2483 1122 forsan

1419 1139 1498 1164 cum
1522 1129 1720 1165 institerint
1748 1129 1902 1165 auditori
1934 1130 2005 1166 litis
2030 1135 2092 1166 aut
2115 1131 2349 1176 agricolarum
2372 1131 2482 1168 domi-

1417 1174 1470 1209 nis
1502 1174 1562 1219 qui
1590 1184 1613 1208 a
1644 1175 1746 1210 nobis
1782 1176 1906 1210 statuti
1938 1178 2022 1210 sunt
2048 1177 2201 1217 iudices,
2238 1179 2278 1212 ut
2306 1176 2482 1222 litigantes

276 1215 353 1249 τῶν
382 1217 554 1262 γεωργῶν
584 1219 715 1270 κυρίοις
747 1218 812 1251 τοῦ
844 1229 920 1264 παρ
969 1231 1073 1262 ημων
1103 1223 1348 1253 κατασταντος
1416 1222 1479 1254 aut
1510 1220 1739 1255 observantes
1770 1220 1938 1263 liberent,
1973 1221 2042 1265 ipsi
2072 1222 2118 1256 ad
2150 1222 2218 1257 hoc
2250 1222 2414 1257 differant
2447 1225 2484 1257 et

276 1259 454 1303 ἄρχοντος,
485 1257 544 1307 ἐφ’
570 1274 601 1304 ῳ
625 1259 706 1296 τούς
730 1259 981 1318 δικαζομένους
1008 1259 1030 1305 ἢ
1052 1261 1348 1310 προςεδρεύοντας
1361 1267 1403 1299 20
1416 1275 1489 1300 non
1513 1265 1616 1300 citius
1641 1275 1703 1300 eos
1727 1267 1791 1300 aut
1810 1265 1871 1300 lite
1894 1269 1957 1301 aut
1976 1267 2222 1303 observatione
2245 1267 2481 1307 liberaverint,

276 1305 535 1351 ἐλευθερῶσαι,
565 1303 667 1341 αὐτοὶ
689 1305 777 1354 πρὸς
800 1309 906 1342 τοῦτο
929 1307 1191 1352 αναβάλλοιντο
1217 1312 1277 1342 καὶ
1299 1309 1348 1353 μὴ

278 1350 418 1385 θᾶττον
439 1348 566 1386 αὐτοὺς
580 1348 603 1395 ἢ
617 1352 679 1395 τῆς
702 1350 800 1395 δίκης
829 1351 852 1396 ἢ
873 1353 937 1387 τοῦ
961 1351 1207 1399 προσεδρεύειν
1230 1351 1347 1388 αὐτοῖς

276 1393 537 1450 ἀπαλλάξουσι,
568 1397 766 1440 τηνικαῦτα
797 1396 910 1433 αὐτὸν
940 1396 1007 1432 τὸν
1037 1396 1136 1453 παρ’,
1151 1396 1256 1453 ἡμοῖν
1287 1401 1347 1453 ἐπὶ

1416 1314 1501 1345 tunc
1532 1310 1647 1354 ipsum
1680 1311 1740 1355 qui
1763 1320 1785 1345 a
1807 1311 1910 1346 nobis
1940 1311 1977 1346 in
2001 1311 2069 1346 hoc
2102 1312 2242 1357 cingulo
2268 1313 2482 1348 constitutus

1418 1359 1471 1390 est
1491 1355 1665 1390 deducere
1688 1356 1735 1390 ad
1755 1366 1794 1391 se
1812 1355 1990 1399 litigantes
2014 1361 2077 1392 aut
2101 1361 2240 1402 egentes
2264 1358 2382 1402 aliquo
2405 1358 2483 1392 iure

1416 1411 1438 1435 a
1460 1401 1726 1445 possessoribus
1755 1400 1904 1446 proinde
1935 1412 2008 1436 non
2039 1404 2224 1444 merentes,
2251 1402 2322 1448 (et>
2351 1403 2482 1438 exami-

276 1452 405 1484 ταυτης
426 1442 488 1484 τῆς
510 1440 616 1488 ἀρχῆς
637 1441 898 1488 προβληθέντα
926 1441 1027 1490 ἄγειν
1049 1444 1097 1478 εἰς
1117 1457 1246 1479 εαυτον
1267 1455 1348 1479 τους
1416 1456 1517 1489 nare,
1553 1449 1589 1481 et
1623 1446 1727 1481 citius
1763 1446 2006 1491 disponentem
2048 1458 2113 1491 pro
2150 1447 2278 1491 quibus
2314 1447 2365 1483 illi
2399 1447 2482 1482 huic

276 1484 526 1531 δικαζομένους
559 1485 582 1530 ἢ
613 1484 798 1532 δεομένους
826 1486 923 1523 τινὸς
956 1489 1034 1523 τῶν
1065 1487 1217 1523 δικαίων
1249 1488 1348 1535 παρὰ
1360 1492 1403 1525 25
1417 1501 1566 1535 magnae
1589 1491 1778 1527 observant
1807 1491 1940 1526 civitati
1971 1493 2017 1527 ad
2041 1502 2124 1527 suas
2148 1492 2326 1528 remittere
2348 1493 2483 1538 patrias

275 1532 354 1566 τῶν
375 1534 602 1577 κεκτημένων
625 1532 703 1567 εἶτα
733 1532 782 1578 μὴ
804 1530 1054 1580 τυγχάνοντας,
1077 1537 1137 1568 καὶ
1159 1534 1347 1577 ἐξετάζειν,

276 1580 336 1611 καὶ
356 1578 396 1611 ἐν
415 1575 515 1620 τάχει
534 1576 752 1613 διατιθέντα
771 1578 832 1624 ἐφ’
857 1578 908 1613 οἷς
932 1580 1058 1613 ἐκεῖνοι
1081 1577 1196 1626 ταύτῃ
1222 1581 1267 1627 τῇ
1289 1594 1347 1624 με·

275 1619 365 1670 γάλῃ
387 1620 657 1669 προςεδρεύουσι
680 1623 782 1666 πόλει
806 1622 895 1670 πρὸς
918 1623 981 1658 τὰς
999 1625 1128 1659 οἰκείας
1151 1626 1348 1669 ἐκπέμπειν

277 1665 453 1715 πατρίδας
473 1666 506 1722 ἱἢ
529 1666 620 1703 ὅλως
643 1668 682 1709 ἐξ
705 1667 759 1702 ὡν
777 1666 901 1712 ἥκουσι
919 1667 1059 1711 τόπων,
1083 1667 1197 1713 πάσης
1219 1668 1347 1717 ἀνῃρη-

275 1715 394 1767 μένης,
415 1724 504 1759 προς
539 1716 645 1748 τοῦτο
679 1718 876 1761 προνομίας
913 1728 954 1749 τε
986 1718 1047 1749 καὶ
1083 1713 1194 1762 φόρου
1230 1727 1347 1763 παρα·
1361 1718 1405 1752 30

274 1769 421 1804 ypaaepqc.

1415 1541 1478 1571 aut
1501 1536 1643 1571 omnino
1667 1546 1711 1571 ex
1735 1537 1862 1581 quibus
1886 1542 2057 1572 venerunt
2080 1538 2180 1579 locis,
2214 1538 2378 1574 omnibus
2401 1548 2482 1583 per-

1416 1585 1533 1627 empto
1557 1582 1604 1617 ad
1625 1581 1694 1618 hoc
1718 1581 1898 1627 privilegio
1921 1585 1958 1617 et
1977 1582 2047 1618 fori
2068 1582 2361 1629 praescriptione.

1264 1873 1420 1909 CAPUT
1441 1873 1501 1908 lv.

332 1951 378 1986 Εἰ
407 1948 448 1985 δι’
480 1954 562 1995 βίου
596 1949 782 1996 πρόφασίν
815 1962 910 1985 τινες
943 1947 966 1994 ἢ
997 1948 1094 1994 δίκης
1130 1952 1251 1986 αἰτίαν
1285 1949 1347 1986 οὐκ
1461 1953 1499 1987 Si
1522 1961 1605 1988 vero
1635 1952 1729 1988 vitae
1751 1953 1973 1988 occasionem
1998 1953 2107 1998 aliqui
2139 1957 2201 1988 aut
2224 1955 2296 1990 litis
2326 1966 2397 1990 non
2421 1956 2483 1990 ha—

275 1999 414 2039 ὲχοντες
444 1997 505 2031 ἐπὶ
533 1993 664 2037 ταύτης
696 1996 764 2030 εἰσὶ
794 1997 856 2039 τῆς
876 1994 1048 2042 ἡμετέρας
1076 1995 1227 2039 πόλεως,
1260 1994 1347 2032 ὥςτε
1417 1998 1541 2032 bentes
1565 1998 1601 2032 in
1617 1997 1685 2033 hac
1707 2002 1791 2033 sunt
1808 2001 1931 2034 nostra
1954 1999 2106 2038 civitate,
2130 2004 2170 2034 ut
2187 2006 2333 2045 propter
2354 2001 2484 2036 victum

275 2041 403 2084 διαζῆν
425 2039 448 2084 ἢ
471 2043 510 2074 ἐκ
532 2041 596 2074 τοῦ
617 2043 799 2084 μεταιτεῖν
828 2038 850 2084 ἢ
877 2040 1005 2075 τούτου
1029 2041 1117 2087 πρὸς
1139 2041 1201 2076 τὰς
1225 2038 1348 2076 αὐτῶν
1417 2046 1480 2077 aut
1510 2043 1672 2086 e0·quod
1703 2043 1762 2078 hic
1791 2043 1837 2077 ad
1869 2053 1989 2078 eorum
2021 2044 2194 2080 desideria
2225 2055 2297 2080 non
2329 2046 2485 2081 sufficiat

276 2088 472 2131 ἐπιθυμίας
500 2083 562 2120 οὐκ
592 2083 784 2131 ἀρκοῦντος
815 2083 883 2129 ἤδη
918 2089 977 2120 καὶ
1012 2085 1246 2131 πλημμελεῖν,
1280 2086 1347 2130 τὴν
1360 2089 1403 2122 35
1416 2087 1486 2122 iam
1510 2088 1614 2122 etiam
1638 2090 1804 2132 peccent,
1837 2099 2023 2133 corporum
2056 2099 2177 2124 eorum
2206 2094 2338 2124 Statum
2370 2091 2485 2135 qualis

275 2134 353 2166 τῶν
387 2130 568 2175 σωμάτων
604 2128 728 2165 αὐτῶν
762 2129 986 2165 κατάστασιν
1018 2129 1129 2166 ὁποία
1164 2136 1217 2166 τίς
1247 2134 1348 2166 ἐστιν
1417 2132 1496 2176 quis
1520 2135 1574 2167 est
1596 2133 1784 2177 inspicere,
1815 2136 1851 2168 et
1880 2134 1911 2168 si
1934 2134 2074 2178 quidem
2104 2135 2222 2169 valent
2252 2135 2301 2170 eis
2333 2145 2486 2180 corpora

276 2177 498 2218 ἐποπτεύειν,
528 2178 588 2210 καὶ
616 2176 648 2209 εἰ
677 2177 745 2220 μὲν
773 2178 930 2222 ἔρρωται
962 2173 1080 2211 αὐτοῖς
1108 2175 1154 2211 τὰ
1182 2176 1347 2220 σώματα,
1416 2180 1581 2221 potentes
1611 2182 1730 2213 autem
1761 2178 1928 2213 sufficere
1959 2179 2005 2214 ad
2033 2179 2192 2214 laborem
2222 2184 2321 2223 sunt,
2354 2181 2384 2215 si
2407 2181 2484 2226 qui·
2525 2202 2531 2209 ·

276 2278 355 2314 dem
377 2276 479 2312 multi
501 2276 586 2319 sint,
608 2276 802 2323 plerosque
824 2287 947 2312 eorum
970 2276 1163 2322 confestim
1182 2277 1221 2311 in
1238 2277 1468 2329 provinciam
1494 2277 1652 2313 dimittat
1681 2277 1820 2313 duobus
1850 2282 1914 2313 aut
1938 2278 2051 2313 tribus
2072 2279 2217 2322 relictis,
2249 2280 2311 2333 qni
2333 2280 2383 2316 ad
2402 2292 2486 2328 syn·

276 2322 438 2359 dicoritm
459 2320 602 2357 modum
625 2321 722 2357 litem
745 2326 949 2357 exerceant.
996 2321 1214 2368 pariterque
1234 2333 1312 2368 ipse
1335 2322 1518 2358 immineat
1545 2323 1578 2358 ei
1609 2322 1672 2368 qui
1695 2322 1789 2358 litem
1802 2323 2000 2359 'examinat
2024 2326 2133 2370 atque
2155 2324 2294 2369 efficiat
2316 2330 2357 2360 ut
2379 2337 2487 2372 quam

276 2368 459 2404 celerrime
481 2377 612 2402 causas
631 2366 784 2408 decidat,
809 2377 854 2403 ne
866 2377 938 2414 per
956 2367 1101 2413 lonqius
1121 2368 1290 2414 temporis
1309 2368 1466 2413 spatium
1489 2367 1727 2410 detineantur,
1744 2368 1961 2414 praesertim
1980 2368 2111 2411 coloni,
2136 2379 2289 2414 quorum
2309 2374 2344 2405 et
2364 2371 2403 2405 in
2419 2371 2488 2407 hac

276 2413 363 2450 urbe
379 2412 591 2460 praesentia
613 2412 798 2464 superflua
821 2412 869 2447 sit
891 2415 926 2447 et
949 2413 1060 2447 otium
1081 2412 1125 2448 ab
1149 2412 1374 2458 aqricultura
1397 2412 1566 2448 damnum
1591 2417 1663 2448 tam
1685 2414 1775 2459 ipsis
1794 2423 1903 2459 quam
1925 2413 2079 2449 dominis
2101 2415 2247 2460 afferat.

409 2457 474 2493 111.
522 2456 657 2500 Quodsz
682 2469 755 2493 non
777 2458 996 2493 rusticorum
1018 2457 1066 2492 sit
1089 2457 1280 2493 multitudo
1305 2468 1399 2503 quae
1422 2457 1581 2500 advenit,
1617 2458 1682 2494 sed
1702 2459 1802 2503 forte
1833 2459 1898 2493 alii
1926 2459 2040 2504 aliqui
2070 2459 2125 2494 vel
2155 2460 2262 2495 etiam
2295 2471 2373 2496 cnm
2404 2461 2488 2496 aliis

278 2503 474 2551 litigaturi,
505 2502 603 2548 iique
626 2502 684 2538 llic
705 2507 903 2545 morentur,
934 2503 973 2537 id
995 2514 1040 2538 ne
1061 2503 1268 2548 indvtheat,
1300 2503 1363 2538 sed
1385 2513 1466 2538 cum
1488 2503 1584 2538 omni
1606 2505 1834 2539 contentione
1863 2503 1998 2539 iudices
2021 2509 2151 2550 urqeat
2178 2509 2220 2540 nt
2241 2506 2286 2541 de
2307 2505 2487 2541 industria

277 2560 340 2586 eos
361 2547 616 2594 controversiis
645 2548 789 2584 solvant
818 2552 855 2584 et
885 2548 1004 2584 litibus
1036 2547 1207 2583 liberatos
1236 2548 1436 2591 dimittant,
1467 2552 1509 2584 ut
1537 2549 1577 2583 in
1599 2549 1770 2601 propriis
1796 2549 1993 2595 provinciis
2025 2554 2060 2584 et
2088 2550 2289 2586 civitatibus·
2318 2550 2486 2587 habitent.

279 2595 320 2631 Si
342 2605 426 2630 vero
448 2594 562 2639 forte,
585 2603 664 2628 cum
687 2594 724 2629 ei
744 2593 806 2639 qui
829 2604 976 2629 causam
1001 2593 1185 2639 coqnoscit
1205 2593 1261 2629 vel
1283 2594 1500 2628 rusticorum
1523 2593 1675 2629 dominis
1698 2594 1868 2629 institerit
1889 2595 1921 2629 is
1940 2595 2006 2640 qui
2029 2606 2052 2629 a
2071 2595 2176 2630 nobis
2198 2596 2413 2631 constitutus
2435 2602 2488 2632 est

278 2640 523 2686 maqistratus,
553 2643 595 2673 ut
618 2638 802 2685 litiqantes
824 2638 880 2675 vel
895 2638 1166 2685 praestolantes
1189 2638 1355 2680 liberent,
1387 2638 1440 2673 illi
1461 2650 1536 2674 rem
1559 2638 1734 2684 differant
1761 2650 1805 2675 ac
1833 2650 1905 2674 non
1935 2639 2005 2674 cito
2038 2650 2100 2675 eos
2130 2640 2186 2676 vel
2208 2640 2269 2676 lite
2300 2641 2356 2676 vel
2380 2652 2487 2688 prae-

278 2684 445 2720 stolando
468 2683 537 2719 sibi
559 2683 712 2726 solvant,
738 2687 811 2719 tum
831 2684 910 2729 ipse
932 2683 996 2730 qni
1019 2694 1042 2718 a
1065 2683 1169 2718 nobis
1190 2682 1260 2719 hoc
1282 2684 1497 2729 maqistratu
1518 2684 1705 2730 praeditus
1728 2692 1783 2719 est
1803 2684 1853 2719 ad
1873 2695 1911 2719 se
1933 2684 2042 2719 ducat
2065 2684 2247 2733 litigantes
2270 2686 2327 2721 vel
2346 2686 2410 2732 qui
2432 2686 2489 2720 ine

279 2729 429 2776 aliquod
451 2740 474 2764 a
493 2728 649 2764 dominis
670 2729 900 2775 expetierunt
921 2739 1036 2774 neque
1056 2729 1350 2780 impetraverunt,
1374 2739 1507 2775 eosque
1529 2729 1712 2764 examinet
1734 2735 1842 2776 atque
1865 2730 1971 2778 rebus
1986 2734 2144 2776 propter
2167 2741 2259 2776 quas
2282 2730 2335 2765 illi
2358 2732 2396 2765 in
2419 2730 2488 2765 hac

280 2786 412 2821 maqna
443 2773 531 2809 urbe
559 2778 749 2809 morantur
777 2774 940 2809 celeriter
968 2774 1155 2820 dispositis
1184 2775 1223 2808 in
1253 2785 1340 2809 suas
1361 2775 1509 2821 patrias
1537 2774 1595 2810 vel
1625 2774 1769 2810 omnino
1799 2775 1837 2809 in
1861 2774 1942 2810 loca
1972 2774 2066 2809 unde
2097 2778 2284 2819 venerunt,
2316 2775 2487 2818 remittat,

281 2831 376 2856 omna
398 2820 437 2854 in
461 2819 517 2854 his
539 2823 573 2854 et
590 2819 785 2865 privileqio
809 2823 845 2855 et
865 2819 947 2863 fori
963 2819 1258 2866 praescriptione
1279 2819 1432 2855 sublata.

414 2864 475 2900 IV.
523 2863 660 2907 Quodsi
681 2865 744 2910 qui
768 2865 956 2900 occasione
979 2864 1093 2900 victus
1115 2864 1171 2900 vel
1193 2865 1267 2899 litis
1290 2874 1401 2899 causa
1423 2863 1585 2900 destituti
1614 2865 1651 2900 in
1671 2864 1740 2900 hac
1762 2869 1890 2900 nostra
1911 2865 1984 2900 sint
2006 2865 2159 2907 civitate,
2183 2865 2235 2900 ita
2259 2869 2299 2900 ut
2322 2865 2378 2901 vel
2393 2876 2487 2900 men-

281 2910 435 2947 dicando
460 2909 588 2945 victum
613 2913 792 2955 quaerant
807 2910 873 2952 vel,
897 2910 929 2945 si
945 2908 1014 2945 lzoc
1029 2909 1192 2961 ipsorum
1215 2909 1471 2956 cupiditatibus
1494 2920 1568 2945 non
1586 2910 1763 2955 sufficiat,
1787 2910 1859 2945 iam
1874 2910 1981 2946 etiam
2001 2910 2132 2946 delicta
2152 2910 2386 2953 committant,
2410 2920 2488 2945 cor-

278 2966 411 3003 porum
435 2965 556 2990 eorum
578 2958 711 2990 statum
739 2954 859 3001 qualis
881 2956 928 2989 sit
951 2955 1132 3001 inspiciat,
1163 2958 1199 2990 et
1220 2955 1253 2989 si
1275 2954 1425 2990 robusta
1454 2955 1501 2990 iis
1531 2965 1691 3002 corpora
1720 2956 1794 2991 sint
1814 2955 2026 3001 possintque
2055 2954 2105 2989 ad
2126 2954 2284 2991 laborem
2307 2955 2489 3001 sufficere,

327 3060 348 3093 2
372 3057 472 3103 πρὸς]
505 3057 552 3090 εἰς
576 3057 625 3090 B·
640 3057 750 3100 Epan.
779 3057 791 3099 ss
831 3059 850 3091 5
876 3053 1001 3089 αὐτοὺς
1025 3057 1060 3091 Β
1086 3056 1100 3101 ΙΙ
1130 3059 1148 3090 ‘1
1173 3058 1351 3122 γεωργοῖς]

282 3105 449 3151 γεωργοῖς
460 3094 562 3137 οὖσιν
573 3103 624 3135 Bc
631 3102 739 3145 Epan.
756 3101 768 3144 ΙΙ
788 3103 807 3135 8
821 3098 842 3143 ἦ
854 3114 893 3135 τε
906 3102 955 3143 ἐκ]
976 3101 1045 3135 εἴτε
1058 3102 1096 3134 ἐκ
1110 3103 1156 3135 Μ
1164 3101 1176 3145 ΙΙ
1198 3104 1235 3136 11
1272 3113 1353 3134 ουτε

285 3149 394 3183 MLB
410 3145 471 3191 (μὴ
483 3148 606 3191 Epan.)
621 3146 634 3191 ΙΙ
654 3149 695 3181 12
719 3144 801 3179 ἀλλ’
817 3146 945 3180 οἵτινες
969 3148 1019 3180 B⁶
1037 3147 1048 3189 ΙΙ
1063 3143 1085 3189 ἢ
1112 3148 1186 3181 ΜΒ
1199 3148 1233 3181 E
1256 3159 1307 3181 on.
1322 3149 1352 3188 ς]

283 3195 315 3227 εἰ
339 3194 369 3227 L
384 3194 397 3232 ΙΙ
415 3196 475 3226 καὶ
496 3206 554 3226 om.
567 3193 676 3236 Epan.
703 3192 715 3236 ΙΙ
737 3189 988 3235 δικασσόμενοι
1005 3193 1054 3225 Π*
1072 3192 1084 3234 ΙΙ
1109 3194 1148 3227 13
1174 3193 1213 3224 ἐκ
1272 3189 1354 3224 όναι

287 3240 335 3273 B‘
365 3239 428 3271 έᾶν
451 3238 501 3272 Bt
511 3250 542 3271 υ.
557 3239 577 3271 Ι.
595 3238 608 3281 ΙΙ
634 3239 676 3273 14
700 3234 845 3282 ἐπάγειν
866 3238 916 3271 Β*
939 3237 952 3281 ΙΙ
979 3238 1020 3272 16
1045 3233 1354 3283 ἦλευθερωμένους

288 3284 463 3318 ΗείνηὸαοῘι
482 3291 594 3317 temere
608 3283 621 3326 11
649 3285 688 3316 17
712 3280 830 3327 χώρας
852 3294 892 3315 τε
911 3285 972 3315 καὶ
995 3281 1124 3324 πόλεις]
1149 3283 1298 3315 civitates
1321 3285 1355 3314 et

284 3328 470 3371 provincias
492 3340 512 3365 ς
528 3330 583 3372 (cst
592 3341 628 3372 p.
644 3329 721 3370 393,
735 3331 763 3369 4)
781 3327 793 3371 ΙΙ
821 3329 861 3362 18
887 3325 1142 3370 ἐνοχλήσαντος
1166 3347 1207 3352 -
1233 3329 1275 3362 20
1295 3324 1353 3371 ἅρ-

285 3376 418 3415 χοντος]
442 3384 517 3407 cum
540 3373 728 3406 institerint
752 3391 797 3397 —
820 3373 878 3415 qui
901 3383 921 3405 a
944 3374 1039 3405 nobis
1061 3373 1178 3406 statuti
1201 3374 1279 3406 sunt
1301 3373 1353 3404 iu-

286 3420 373 3451 dices
389 3431 408 3455 ς
425 3418 438 3462 ΙΙ
460 3419 513 3460 τῷ
533 3417 750 3461 ἀκροωμένῳ
767 3419 825 3459 M]
849 3416 914 3451 τὸν
933 3414 1163 3461 ἀκροώμενον
1171 3417 1254 3452 LB·
1276 3416 1354 3450 τῶν

286 3461 523 3508 ὦκροωμένων
539 3464 587 3497 Βε
618 3463 630 3503 ΙΙ
654 3465 725 3496 τοῖς
741 3482 780 3487 -
798 3464 839 3496 19
851 3466 981 3507 κυρίοις
993 3464 1046 3504 Μ]
1070 3462 1150 3496 τοὺς
1165 3482 1206 3487 -
1220 3464 1355 3507 κυρίους

219 3541 226 3548 ‚
291 3509 355 3541 ΕΒ
369 3509 403 3541 Ε
425 3522 475 3541 απ.
492 3509 504 3551 11
531 3510 574 3542 22
595 3505 721 3541 αὐτοὺς
738 3509 780 3548 L,
797 3521 854 3541 om.
874 3508 919 3541 B‘
932 3522 963 3541 v.
978 3509 997 3540 l.
1011 3510 1056 3550 (ς)
1071 3507 1084 3552 ΙΙ
1096 3509 1144 3542 ’27
1159 3504 1257 3547 τάξει
1270 3507 1319 3540 B⁶
1343 3506 1354 3549 ΙΙ

288 3522 501 3585 διατιιζέντα
516 3554 584 3594 13⁶]
610 3551 843 3586 διατιθέντας
861 3553 982 3586 MLB*
1009 3553 1021 3597 ΙΙ
1058 3554 1100 3588 28
1125 3550 1354 3595 ἀποπέμπειν

291 3596 338 3628 13⁶
355 3598 368 3636 Ι
389 3598 430 3629 29
455 3596 567 3638 πάσης
590 3599 669 3638 LB,
682 3599 790 3641 Epan.
804 3612 834 3631 v.
850 3599 883 3639 L]
908 3598 1020 3631 πᾶσιν
1045 3598 1088 3631 Μ
1093 3610 1122 3640 ς,
1139 3598 1189 3632 B⁸
1201 3605 1231 3631 et
1242 3598 1351 3640 Epan-

288 3652 317 3671 ιν.
331 3640 352 3672 ἱ.
371 3641 383 3680 ll
399 3642 440 3674 32
461 3642 581 3674 αἰτίαν
598 3655 655 3676 om.
669 3643 715 3685 ς11
734 3644 775 3677 33
795 3639 901 3684 ὥστε]
926 3640 974 3675 οἱς
992 3644 1101 3687 Epan.
1121 3642 1193 3685 {134
1214 3639 1352 3683 διαζῆν]

287 3687 421 3726 propter
444 3686 565 3718 victum
590 3688 624 3725 (ἱ.
639 3700 664 3719 a.
690 3685 750 3720 διὰ
766 3688 868 3729 ζῆνῖ)
892 3699 911 3724 ς
937 3687 950 3727 ss
979 3684 1001 3730 ἢ
1024 3689 1062 3722 dn
1085 3687 1148 3721 τοῖι
1170 3689 1353 3730 μεταιτεῖν

290 3742 346 3761 om.
362 3741 380 3765 ς
396 3733 407 3770 ΙΙ
426 3731 468 3763 36
493 3728 601 3763 αὐτοῦ
621 3733 663 3764 Μ
674 3732 686 3774 ΙΙ
710 3734 750 3763 3ῖ
776 3730 904 3772 αὐτοῖς]
929 3731 1054 3766 αὐτοὺς
1077 3731 1108 3767 L

1466 3059 1487 3091 4
1502 3067 1617 3090 curare
1640 3058 1687 3090 V¹
1705 3058 1718 3100 11
1735 3059 1754 3091 5
1767 3057 1871 3090 indici
1887 3056 1935 3091 T¹
1960 3057 2067 3090 decidi
2081 3058 2172 3090 ‚Beck
2189 3057 2201 3100 ΙΙ
2220 3057 2388 3100 temporis]
2413 3058 2492 3100 ipsis

1421 3102 1469 3134 R*
1487 3101 1499 3145 ΙΙ
1517 3104 1537 3136 6
1555 3103 1620 3144 hic]
1645 3102 1681 3134 in
1700 3103 1755 3135 hic
1776 3103 1824 3135 V¹
1846 3103 1882 3134 in
1898 3103 1960 3135 hae
1974 3102 2111 3135 ciuitate
2132 3101 2181 3135 1⁷³
2199 3101 2212 3146 ΙΙ
2228 3105 2246 3135 ’ἲ
2271 3103 2344 3144 agri
2365 3105 2397 3135 et
2419 3102 2490 3135 cul-

1420 3150 1495 3180 ture
1514 3149 1558 3180 R·
1576 3147 1589 3192 11
1613 3148 1744 3181 uocatio
1761 3147 1811 3181 Τι
1834 3147 1984 3181 euocatio
2007 3147 2084 3190 T²ss
2106 3149 2144 3181 11
2166 3147 2384 3180 adinueniens
2408 3147 2456 3181 Β*
2477 3146 2491 3191 ΙΙ

1423 3194 1464 3226 12
1489 3195 1598 3225 autem
1620 3194 1649 3223 V
1664 3193 1676 3236 ΙΙ
1698 3193 1902 3235 litigantium
1926 3193 1960 3226 R.
1981 3192 1994 3236 ΙΙ
2022 3194 2062 3227 13
2086 3193 2198 3225 omnia
2220 3193 2269 3234 (in
2293 3193 2403 3244 qmnia
2424 3192 2490 3232 1³⁶>

1423 3238 1454 3270 R
1469 3237 1482 3280 ΙΙ
1502 3240 1544 3272 14
1560 3248 1702 3280 urguere
1720 3239 1752 3272 T
1771 3248 1908 3280 arguere
1927 3238 1959 3270 R
1977 3238 1990 3280 11
2015 3239 2055 3271 16
2079 3238 2188 3270 forsan
2213 3248 2287 3270 eum
2306 3236 2490 3270 institerint

1431 3283 1602 3326 VTvulq.]
1639 3283 1850 3315 constituerit
1873 3285 1961 3324 (cum
1985 3283 2169 3315 instituerit
2192 3282 2255 3323 13²)
2278 3282 2387 3315 forsan
2410 3280 2443 3314 R
2475 3279 2489 3318 ll

1424 3329 1463 3361 17
1483 3327 1674 3361 *auditores
1689 3329 1765 3362 libri
1785 3327 1993 3360 auditoribus
2009 3328 2102 3361 Beck
2117 3327 2130 3372 ΙΙ
2154 3327 2295 3360 dominis
2309 3326 2412 3366 Beck]
2429 3324 2486 3357 do-

1422 3373 1503 3405 mini
1520 3371 1597 3407 libri
1614 3372 1627 3417 ΙΙ
1643 3375 1685 3407 20
1710 3373 1795 3406 *aut
1814 3373 1885 3405 litis
1905 3375 1963 3405 aut
1983 3374 2015 3406 V
2033 3372 2104 3405 litis
2126 3374 2185 3406 aut
2205 3372 2239 3405 R
2269 3373 2328 3403 aut
2350 3369 2419 3402 litis
2437 3370 2469 3403 T
2476 3369 2486 3389 ¹

1415 3428 1441 3450 ο,
1464 3418 1533 3450 litis
1560 3418 1736 3462 T²vu19.11
1756 3419 1795 3453 21
1819 3418 1888 3461 ipse
1909 3418 1958 3451 V²
1976 3417 1988 3462 ΙΙ
2004 3418 2063 3460 qui
2086 3419 2116 3459 a]
2140 3417 2218 3459 qnia
2237 3415 2283 3448 V·
2301 3414 2314 3457 Ι
2331 3415 2374 3465 22
2386 3424 2485 3456 agen-

1421 3465 1470 3494 tes
1494 3463 1526 3495 R
1541 3462 1554 3506 ΙΙ
1584 3464 1625 3497 23
1651 3468 1684 3496 et
1707 3464 1784 3497 add.
1800 3463 1894 3497 Beck
1917 3463 1930 3506 ΙΙ
1959 3465 2001 3498 24
2022 3462 2240 3505 *disponente
2261 3459 2293 3492 V
2310 3459 2486 3502 disponen-

1421 3511 1469 3539 tes
1492 3508 1523 3540 T
1549 3508 1721 3551 disponere
1744 3508 1778 3541 R
1790 3509 1873 3551 only.
1892 3508 1905 3551 11
1923 3509 1965 3542 26
1982 3509 2130 3559 exempto
2143 3504 2206 3547 Ru
2224 3504 2484 3556 32000easi0nem

1429 3552 1479 3584 V⁰
1499 3554 1596 3596 vulo]
1630 3554 1801 3587 occasione
1824 3552 1957 3586 RV0T
1982 3553 1995 3596 ΙΙ
2027 3552 2097 3585 litu
2120 3550 2224 3590 Beck]
2263 3547 2338 3581 lites
2362 3549 2438 3582 libri
2475 3549 2486 3592 ΙΙ

1421 3599 1463 3631 35
1488 3601 1660 3640 expectent
1679 3599 1713 3631 R
1742 3598 1755 3641 ΙΙ
1781 3600 1822 3633 37
1847 3600 1996 3640 potentes
2013 3596 2140 3638 ⁴autem]
2168 3595 2327 3636 ponentes
2349 3596 2409 3626 aut
2433 3595 2485 3628 T·

1421 3645 1569 3684 potentes
1591 3644 1621 3675 V
1627 3644 1635 3662 ¹
1662 3642 1717 3676 uel
1740 3646 1889 3686 potentes
1911 3642 1961 3676 1⁷³
