2618 4010
133 160 191 190 DE
220 158 395 191 NUPTIIS

1207 143 1286 191 173

1914 147 2020 193 Nov.
2053 148 2179 190 XXII
2197 151 2299 191 33ψ-
2310 152 2362 192 36

1066 305 1222 341 CAPUT
1252 305 1423 341 XXXIII.

178 373 223 405 Εἰ
254 374 377 416 μέντοι
401 374 441 406 ἐν
466 375 585 419 προικὶ
611 369 631 415 ἢ
656 378 876 420 προγαμιαίᾳ
907 373 1027 420 δωρεᾷ
1049 373 1209 423 πραγμά-

132 431 209 450 των
233 414 511 464 οὐσούφρουκτος·
535 416 678 461 δοθείη,
713 417 817 453 οὐδὲν
843 420 1030 456 παντελῶς
1054 423 1208 462 καινίζο-

130 476 208 505 μεν,
232 461 320 496 ἀλλὰ
335 465 385 518 κτὰ
412 461 476 506 ἤδη
501 465 835 516 νενομοθετημένα,
845 470 1033 511 κρατείτω,
1067 470 1131 519 uon}¹
1149 480 1208 510 με·

1332 375 1369 408 Si
1403 377 1521 409 autem
1552 372 1590 408 in
1614 373 1696 408 dote
1719 376 1782 408 aut
1805 374 1841 408 in
1868 374 2083 418 sponsalicio.
2116 374 2279 418 largitate
2304 385 2359 408 re-

1279 431 1357 454 rum
1384 420 1609 454 ususfructus
1636 418 1749 459 detur,
1777 420 1863 454 nihil
1889 420 2028 463 penitus
2052 420 2272 463 innovamus,
2297 420 2361 455 sed

1280 465 1413 500 dudum
1439 464 1577 500 sancita
1602 466 1764 505 teneant,
1798 469 1833 498 et
1857 470 1998 498 maneat
2023 465 2118 508 apud
2142 465 2359 509 accipientes

131 511 224 541 νετω
249 521 346 555 παρα
371 512 443 543 τοῖς
467 508 652 554 εἰληφόσιν
676 522 772 554 αχρις
797 524 836 544 ου
862 513 1054 555 περιῶσιν,
1088 526 1155 545 nav
1179 511 1210 544 εἰ
1280 511 1392 545 donec
1418 511 1558 551 vivunt,
1592 510 1676 544 licet
1700 509 1818 544 decies
1845 510 1956 544 milies
1983 510 2199 544 eontrarium
2226 510 2360 554 aliquid

131 551 290 598 μυριάκις
314 556 481 588 ἐναντίον
501 568 538 587 τι
560 553 776 597 βουληθεῖεν
797 556 831 589 οἱ
849 555 1132 598 τελευτήσαντες.
1166 555 1210 590 τὸ
1246 561 1264 591 5
1280 556 1387 591 velint
1410 556 1612 590 morientes.
1669 554 1771 598 Quod
1797 555 1887 588 enim
1912 565 1955 589 ex
1980 555 2056 597 lege
2081 554 2202 589 (latum
2228 560 2282 589 est
2305 556 2359 589 lu-

130 597 198 644 γὰρ
216 600 253 652 ἐν
273 600 336 632 τοῦ
358 597 468 653 νόμου
487 597 680 643 δεδομένον
700 599 820 647 κέρδος
841 599 988 644 ἰδιώτης
1007 599 1209 647 ἀφελέσθαι
1281 612 1379 636 crum
1410 601 1570 646 privatus
1602 600 1742 635 auferre
1779 600 1890 635 modis
1922 601 2084 634 omnibus
2116 611 2187 635 non
2218 601 2357 635 valebit.

132 656 367 678 πανταπασιν
391 657 454 677 ουκ
479 644 623 686 ἰσχύσει.

1070 714 1225 749 CAPUT
1256 714 1421 749 XXXIV.

181 763 326 810 Ἐπειδὴ
357 765 395 801 δὲ
426 766 517 802 ὅλως
548 770 596 802 εἰς
627 768 772 814 μνήμην
794 771 872 804 τῶν
896 774 978 817 περὶ
1002 772 1066 804 τοῦ
1091 768 1209 804 οὗσου-
1334 769 1507 813 Quoniam
1541 770 1683 805 omnino
1716 770 1762 805 ad
1792 770 1994 805 memoriam
2028 769 2071 805 de
2095 769 2286 805 usufructu
2310 770 2359 805 le-

130 811 306 858 φροὺκτου
346 811 387 847 νό
419 827 472 847 ων
504 811 729 859 ἀφικόμεθα,
767 811 924 849 κᾶκεῖνο’
947 816 1209 861 προςαναμίξαι
1279 826 1361 859 gum
1387 816 1563 856 venimus,
1595 816 1683 850 illud
1709 826 1850 859 quoque
1873 815 2015 850 misceri
2044 815 2113 859 legi
2137 816 2269 850 bonum
2294 820 2358 857 est,

130 859 183 900 τῷ
208 856 308 901 νόμῳ
333 872 378 892 κα
402 856 461 900 όν,
494 856 581 906 ὅπερ
610 863 707 894 τισὶν
737 861 948 905 ὲμπροσθεν
973 862 1109 905 εἴρηται
1135 860 1209 894 δια·
1227 864 1265 895 10
1280 860 1375 905 quod
1411 861 1526 895 tribus
1563 861 1700 905 pridem
1746 861 1879 896 dictum
1921 863 1978 896 est
2022 860 2358 896 constitutionibus:

129 901 292 944 τάξεσιν,
326 901 374 938 οἷς
405 903 557 939 πάντων
587 902 606 939 ὁ
638 905 756 951 πατὴρ
788 907 865 939 τῶν
897 907 944 940 εἰς
967 906 1049 940 τοὺς
1079 905 1210 941 παῖδας
1279 905 1363 948 quia
1395 906 1550 940 omnium
1583 909 1686 950 pater
1716 907 1858 949 horum,
1892 916 1984 950 quae
2013 906 2059 941 ad
2090 906 2183 941 filios
2214 906 2361 940 veniunt

130 945 405 993 ἀφικνουμένων
429 950 499 984 εἴτε
520 952 558 983 ἐκ
574 949 743 996 μητρῴας
767 951 884 997 σειρᾶς
906 952 977 985 εἴτε
1002 953 1039 984 ἐκ
1058 952 1209 998 γαμικῆς
1278 951 1350 985 sive
1376 961 1419 984 ex
1440 953 1599 986 materna
1621 951 1715 986 linea
1739 953 1811 987 sive
1837 963 1882 987 ex
1906 951 2058 996 nuptiali
2075 951 2229 986 filiorum
2250 962 2360 986 causa

129 994 206 1026 τῶν
226 993 373 1028 παίδων
394 996 508 1030 αἰτίας
525 996 596 1029 εἴτε
615 993 819 1037 ἀλλαχόθεν
834 995 901 1029 τὸν
919 994 1208 1042 οὖσούφρουκτον
1279 997 1350 1030 sive
1376 996 1537 1037 aliunde,
1567 998 1827 1032 usumfructum
1852 997 1977 1037 habet,
2004 997 2089 1032 lieet
2112 997 2159 1031 ad
2183 997 2359 1032 secundas

129 1040 218 1080 ἔχει,
251 1036 318 1073 κᾶν
350 1040 380 1073 εἰ
411 1040 500 1087 πρὸς
523 1039 705 1087 δευτέρους
734 1039 840 1074 ἔλθοι
864 1038 1004 1087 γάμους.
1052 1041 1119 1084 τὴν
1141 1041 1209 1088 γὰρ
1279 1041 1396 1075 veniat
1420 1041 1574 1084 nuptias.
1618 1042 1730 1077 Usum
1754 1053 1907 1087 namque
1926 1053 2059 1085 eorum,
2087 1042 2201 1078 donec
2226 1043 2358 1084 vivunt,

129 1085 254 1126 χοῆσιν
285 1082 384 1128 αὐτῷ
419 1085 517 1130 ἀχρις
539 1084 579 1119 οὗ
612 1086 716 1132 περιῆ
742 1089 865 1130 με’νειν
889 1084 1126 1121 ἀδιάπτωτον
1149 1090 1208 1120 καὶ
1224 1090 1262 1121 15
1278 1096 1420 1120 manere
1446 1087 1521 1120 sine
1540 1096 1626 1121 casu
1652 1088 1756 1122 etiam
1780 1091 1863 1123 ante
1889 1099 1954 1123 nos
1979 1098 2100 1122 omnes
2121 1088 2246 1123 volunt
2265 1088 2359 1132 leges

131 1116 164 1162 οἳ
189 1129 259 1175 πρὸ
291 1128 395 1174 ἡμῶν
427 1128 585 1165 ἅπαντες
615 1129 680 1174 βού
705 1143 808 1165 ονται
839 1129 943 1176 νόμοι
968 1135 1028 1165 καὶ
1053 1134 1112 1167 ἐπὶ
1135 1136 1208 1166 τοῖς
1278 1133 1313 1165 et
1337 1131 1372 1166 in
1397 1132 1566 1166 maternis
1593 1138 1627 1166 et
1651 1133 1688 1166 in
1713 1133 1793 1167 aliis
1818 1134 1992 1174 omnibus,
2025 1138 2060 1168 et
2085 1143 2150 1168 nos
2175 1133 2282 1168 simul
2306 1133 2358 1168 di-

129 1172 309 1222 μητριροις
340 1178 398 1209 καὶ
430 1177 489 1209 ἐπὶ
519 1178 593 1209 τοῖς
621 1174 737 1210 ἄλλοις
759 1173 892 1219 ἅπασι,
925 1180 983 1210 καὶ
1004 1174 1099 1220 ἡμεῖς
1123 1175 1206 1221 σύμ·
1278 1177 1400 1211 cimus.
1451 1176 1693 1211 Castrensium
1718 1183 1800 1212 vero
1826 1181 1863 1214 et
1884 1178 2224 1223 quasicastrensium
2248 1189 2358 1223 pecu-

131 1234 258 1265 φαμεν.
306 1218 325 1254 ὁ
357 1219 396 1253 δὲ
425 1222 502 1254 τῶν
536 1221 764 1256 castrensium
787 1225 847 1255 καὶ
872 1222 1207 1267 quasicastrensiwv
1276 1221 1404 1256 liorum
1431 1221 1630 1266 excipiatur
1654 1223 1756 1258 ratio.

131 1265 327 1299 πεκουλίων
351 1265 542 1311 ἐξῃρήσθω
567 1264 666 1312 λόγος

1075 1335 1231 1370 CAPUT
1262 1335 1410 1369 XXXV.

176 1387 306 1435 Μήτηρ
336 1392 460 1432 μέντοι
493 1387 727 1435 δωρησαμένη
759 1404 795 1425 τι
827 1392 880 1434 τῷ
914 1390 1019 1426 παιδὶ
1053 1393 1130 1426 τῶν
1161 1393 1208 1425 οἰ·
1223 1394 1266 1426 20
1332 1391 1449 1426 Mater
1478 1395 1599 1426 tamen
1629 1391 1766 1426 donans
1800 1391 1935 1436 aliquid
1969 1392 2041 1427 filio
2080 1392 2123 1426 de
2160 1403 2224 1427 suo
2257 1393 2286 1427 Si
2315 1393 2357 1426 all

129 1439 235 1468 κείων
259 1435 358 1482 εἴπερ
391 1435 438 1469 εἰς
468 1433 650 1481 δευτέρους
679 1434 786 1469 ἔλθοι
812 1434 958 1482 γάμους,
991 1435 1055 1471 οὐκ
1079 1434 1125 1471 (ἲν
1150 1435 1206 1471 δύ·
1278 1437 1452 1472 secundas
1477 1438 1613 1471 venerit
1642 1436 1808 1481 nuptias,
1843 1448 1914 1472 non
1945 1437 2078 1482 poterit
2109 1448 2174 1482 per
2198 1438 2358 1473 occasio·

128 1493 231 1514 ναιτο
262 1480 353 1514 κατὰ
383 1479 569 1526 πρόφασιν
601 1477 805 1525 ἀχαριστίας
836 1481 878 1515 τὸ
904 1480 1098 1527 δεδομένον
1122 1481 1205 1516 ἀνα·
1274 1492 1355 1516 nem
1388 1482 1653 1526 ingratitudinis
1684 1493 1852 1517 revocare
1886 1483 1980 1527 quod
2014 1483 2135 1517 datum
2165 1487 2229 1517 est.
2277 1483 2360 1518 Non

127 1528 284 1571 τρέπειν.
331 1523 370 1559 οὐ
395 1528 461 1572 γὰρ
487 1528 524 1559 ἐκ
548 1526 715 1572 καθαρᾶς
739 1524 836 1560 δοκεῖ
857 1527 1001 1573 γνώμης
1032 1528 1098 1571 τὴν
1123 1525 1205 1570 ἀχα-
1275 1528 1367 1562 enim
1393 1538 1436 1562 ex
1462 1538 1553 1572 pura
1574 1528 1714 1563 videtur
1732 1529 1916 1563 voluntate
1940 1528 2229 1572 ingratitudinem
2246 1528 2358 1563 intro-

129 1574 273 1614 ριστίαν
297 1570 460 1617 εἰςάγειν,
493 1567 579 1605 ἀλλὰ
612 1573 677 1605 τὸν
702 1569 868 1619 δεύτερον
894 1571 1010 1617 γάμον
1035 1574 1207 1607 ἐννοοῦσα
1279 1573 1426 1616 ducere,
1461 1573 1523 1607 sed
1556 1573 1731 1608 secundas
1764 1573 1908 1616 nuptias
1935 1574 2164 1609 considerans
2196 1574 2242 1608 ad
2267 1575 2359 1609 hanc

127 1618 188 1650 ἐπὶ
211 1613 347 1658 ταύτην
372 1615 496 1650 ἐλθεῖν
518 1615 586 1660 τὴν
610 1618 743 1661 σκῆψιν
769 1616 1020 1662 προείληπται.
1059 1617 1153 1661 πλὴν
1178 1619 1262 1652 εἰὶὶὸ
1278 1618 1417 1653 venisse
1451 1618 1699 1662 cogitationem
1732 1619 1930 1662 putabitur.
1979 1619 2060 1654 Nisi
2089 1621 2207 1653 tamen
2237 1623 2360 1663 aperte

127 1659 175 1705 μὴ
198 1661 373 1708 καθαρῶς
404 1658 421 1695 ὁ
446 1665 530 1696 παῖς
560 1659 685 1708 ἢπερὶ
709 1661 776 1705 τὴν
807 1662 904 1705 ζωὴν
929 1661 1041 1706 αὐτὴν
1066 1666 1205 1708 ἐπιβοιν-
1277 1663 1371 1698 filius
1409 1668 1471 1698 aut
1509 1664 1604 1698 circa
1649 1664 1756 1698 vitam
1799 1664 1914 1708 ipsam
1950 1664 2120 1699 insidians
2156 1665 2261 1699 matri
2297 1667 2360 1699 aut

129 1705 242 1740 λεύων
265 1708 310 1754 τῇ
341 1710 448 1753 μητρὶ
480 1705 500 1750 ἢ
532 1710 647 1753 χεῖρας
669 1705 878 1750 ἐπιβάλλων
911 1707 1049 1753 ἀσεβεῖς
1078 1706 1101 1752 ἢ
1126 1713 1207 1752 περὶ
1277 1720 1402 1743 manus
1427 1709 1586 1743 inferens
1617 1708 1744 1754 impIas
1777 1714 1840 1744 aut
1871 1710 1968 1744 circa
2001 1709 2223 1745 substantiae
2248 1711 2358 1745 totius

128 1751 196 1794 τὴν
218 1749 424 1831 τῆςδοῦσίας
447 1749 527 1796 ὅλης
550 1751 739 1800 ἀφαίρεσιν
764 1751 940 1797 πράττων
972 1768 1007 1788 τι
1033 1752 1118 1788 κατ’
1148 1755 1205 1787 αὖ·
1277 1755 1493 1789 ablationem
1526 1765 1634 1798 agens
1668 1755 1839 1789 adversus
1874 1765 1949 1789 eam
1985 1755 2118 1800 aliquid
2144 1756 2357 1790 declaretur.

128 1809 189 1840 ’ἵης
212 1811 283 1832 (1πο
309 1811 497 1833 Εὖκνυθιτθ.

1063 1867 1182 1902 CAPU
1190 1867 1219 1901 T
1254 1867 1418 1903 XXXVI.

179 1919 228 1956 Οὐ
259 1920 332 1966 μὴν
363 1923 613 1969 συγχωροῦμεν
644 1924 723 1957 ταῖς
753 1923 892 1969 γυναιξὶ
925 1922 1013 1970 πρὸς
1042 1922 1209 1969 δεύτερον
1224 1928 1265 1958 30
1324 1924 1406 1959 Non
1442 1927 1559 1959 tamen
1592 1925 1830 1969 permittimus
1863 1925 2073 1960 mulieribus
2106 1926 2152 1960 ad
2184 1926 2360 1961 secundas

127 1965 402 2013 ἀφικνουμέναις
431 1966 546 2015 γάμον
581 1969 635 2002 ἔτι
666 1965 871 2012 βούλεσθαι
902 1974 979 2003 ταῖς
1010 1971 1088 2003 τῶν
1120 1968 1205 2015 πρό·
1276 1970 1502 2005 venientibus
1532 1971 1676 2015 nuptias
1707 1971 1826 2006 adhuc
1858 1971 1946 2005 velle
1969 1971 2127 2015 priorum
2151 1972 2359 2007 maritorum

172 2060 243 2091 cap.
254 2048 427 2081 XXXIV
437 2044 596 2081 Πάντων
614 2049 691 2082 τῶν
705 2050 772 2091 (11)
789 2076 795 2083 .
809 2075 817 2083 .
829 2076 835 2082 .
847 2075 854 2082 .

260 2125 427 2161 XXXIII.
489 2126 529 2160 Si
555 2132 672 2162 tamen
696 2127 734 2162 in
759 2128 876 2162 dotem
901 2127 958 2163 vel
979 2136 1063 2163 ante
1087 2128 1236 2174 nuptias
1260 2127 1494 2162 donationem
1518 2138 1640 2163 rerum
1664 2127 1901 2171 ususfructus
1924 2127 2032 2162 datus
2055 2129 2114 2170 sit,
2141 2129 2233 2164 nilu'l
2248 2130 2360 2176 plane

128 2173 349 2214 innovamus,
373 2171 437 2207 sed
459 2182 553 2223 quae
576 2172 648 2206 iam
671 2174 812 2208 sancita
836 2178 921 2207 sant
944 2172 1141 2214 obtineant,
1172 2176 1207 2207 et
1231 2173 1332 2218 apud
1355 2183 1429 2214 eos,
1456 2172 1519 2217 qui
1543 2183 1623 2208 eum
1648 2177 1885 2217 acceperunt,
1918 2178 2064 2208 maneat
2086 2174 2212 2219 quoad
2233 2186 2359 2221 super-

127 2218 227 2253 stites
260 2222 361 2258 sunt,
398 2220 463 2252 etst
498 2218 687 2252 sescenties
723 2218 899 2252 contrarii
935 2217 1023 2262 quid
1059 2217 1238 2252 voluerint
1275 2217 1449 2262 defuncti.
1513 2217 1670 2251 Lucrum
1709 2217 1802 2251 enim
1838 2228 1887 2252 ex
1919 2217 1996 2263 leqe
2035 2218 2158 2253 datum
2191 2220 2360 2265 privatus

128 2264 277 2309 auferre
300 2261 401 2296 nullo
419 2266 533 2307 pacto
558 2261 696 2297 valebit.
1287 2306 1289 2308 q

261 2306 426 2341 XXXIV.
483 2305 661 2348 Quoniam
686 2317 769 2342 vero
802 2307 947 2341 omnino
973 2306 1022 2341 ad
1044 2306 1257 2341 ‘mentionem
1283 2306 1399 2351 lequm
1425 2317 1519 2352 quae
1542 2306 1587 2341 de
1609 2307 1805 2351 usufructu
1829 2311 1946 2351 ayunt
1969 2307 2081 2342 delati
2103 2319 2237 2352 sumus,
2269 2310 2360 2345 illud

130 2363 270 2397 quoque
294 2351 491 2386 admiscere
516 2351 588 2396 leqi
609 2362 682 2396 par
706 2355 769 2393 est,
803 2351 902 2396 quod
925 2351 1169 2386 anterioribus
1193 2351 1406 2396 quibusdam
1431 2351 1748 2386 constitutionibus
1778 2351 1912 2386 dictum
1937 2357 2011 2387 est:
2045 2357 2087 2388 ut
2103 2358 2216 2400 pater
2238 2366 2359 2390 rerum

131 2397 299 2438 omnium,
324 2407 417 2442 quae
440 2395 490 2431 ad
512 2395 642 2430 liberos
665 2397 738 2432 sive
761 2407 811 2431 ex
834 2400 999 2431 materna
1024 2396 1119 2432 linea
1144 2397 1218 2431 sive
1238 2407 1288 2432 ex
1308 2396 1468 2442 nuptiali
1489 2406 1600 2431 causa
1622 2395 1816 2431 liberorum
1840 2397 1913 2430 sive
1934 2397 2080 2433 aliunde
2097 2405 2357 2444 pervenerunt,

130 2441 395 2485 usumfructum
419 2439 566 2482 habeat,
598 2441 737 2475 etiamsi
761 2441 810 2475 ad
831 2441 1009 2476 secundas
1033 2442 1170 2477 venerit
1193 2442 1351 2487 nuptias.
1429 2440 1702 2486 Usumfructum
1726 2442 1819 2476 enim
1844 2442 1878 2476 ei
1903 2442 2076 2487 quamdiu
2099 2454 2142 2478 su
2154 2450 2282 2479 n’rstes
2305 2450 2359 2480 est

131 2498 274 2522 manere
304 2487 485 2532 inteqrum
518 2489 589 2520 tam
623 2486 661 2520 in
692 2487 865 2521 maternis
896 2497 1003 2531 quam
1027 2487 1065 2520 in
1090 2486 1217 2521 ceteris
1242 2486 1406 2521 omnibus
1430 2490 1464 2521 ct
1489 2497 1611 2521 omnes
1643 2490 1727 2521 ante
1751 2497 1818 2521 nos
1842 2486 1938 2522 latae
1963 2489 2059 2533 teqes
2084 2499 2126 2524 vo
2143 2494 2210 2524 unt
2232 2494 2268 2525 et
2290 2501 2359 2526 nos

131 2532 381 2567 consensimus.
443 2530 685 2566 Castrensium
712 2536 830 2566 tamen
853 2536 889 2567 et
912 2531 1255 2566 cuasicastrensium
1277 2531 1504 2577 peculiorum
1528 2531 1625 2566 ratio
1652 2531 1870 2577 excipiatur.

264 2575 412 2612 XXXV.
471 2575 592 2611 Mater
623 2580 740 2611 tamen
772 2588 866 2622 quae
893 2543 973 2621 {illio
1005 2588 1054 2612 ex
1081 2577 1157 2611 suis
1188 2576 1294 2611 rebus
1324 2576 1465 2622 aliquid
1495 2576 1655 2618 donavit,
1685 2577 1718 2610 si
1747 2576 1797 2611 ad
1825 2576 2005 2612 secundas
2036 2579 2173 2613 venerit
2197 2581 2356 2627 nuptias,

130 2634 201 2659 non
252 2622 360 2656 oterit
381 2621 446 2657 sub
464 2625 666 2668 praetextu
690 2622 963 2666 inyratitudinis
987 2622 1086 2668 quod
1108 2622 1231 2657 datum
1256 2626 1336 2657 erat
1358 2632 1539 2668 revocare.
1596 2621 1722 2667 Neque
1745 2622 1838 2656 enim
1863 2633 1912 2657 esc
1933 2633 2029 2668 puro
2056 2625 2207 2660 consilio
2231 2626 2356 2672 inqra-

130 2668 196 2703 titu
224 2668 315 2702 inem
340 2666 501 2713 alleqare
520 2666 670 2708 videtur,
694 2667 758 2701 secl
781 2666 959 2702 secundas
983 2667 1131 2713 nuptias
1148 2667 1345 2712 respiciens
1370 2667 1418 2701 ad
1440 2666 1536 2702 ltunc
1553 2671 1794 2713 praetextum
1817 2668 1954 2702 venisse
1971 2671 2233 2714 praesumitur.
2277 2672 2359 2707 Nisi

131 2724 215 2749 vero
240 2712 453 2763 manifesto·
465 2711 642 2758 probetur
667 2712 786 2757 filium
815 2712 872 2747 vel
899 2713 971 2757 ipsi
999 2714 1127 2747 matris
1152 2713 1243 2747 vitae
1272 2712 1425 2747 insidias
1447 2716 1587 2747 struere
1619 2712 1675 2747 vel
1697 2723 1827 2747 manus
1856 2713 1988 2758 impias
2012 2714 2045 2749 ei
2067 2714 2210 2759 inferre
2234 2717 2288 2752 vel
2311 2717 2360 2752 ad

877 2062 914 2082 ex
929 2050 962 2081 Β
984 2058 1161 2093 excerptum
1177 2057 1264 2083 extat
1282 2052 1314 2083 in
1338 2057 1477 2084 tractatu
1499 2052 1537 2083 de
1555 2051 1692 2093 peculiis
1705 2050 1899 2091 (Heimbaclz
1917 2047 2050 2084 Ἀνέκδ.
2066 2052 2113 2084 II.
2126 2052 2248 2094 222513)

130 2758 367 2794 substantiam
390 2768 592 2793 universam
617 2757 855 2801 auferendam
879 2758 1021 2803 aliquid
1045 2761 1174 2792 contra
1198 2758 1316 2803 ipsam
1341 2757 1472 2792 moliri.

263 2802 428 2837 XXXVI.

194 2887 208 2918 1
243 2886 405 2929 προικίου
437 2884 484 2916 L¹
523 2882 535 2927 Η
571 2886 589 2916 2
627 2879 908 2928 οὖσούφρουκτος
940 2884 1000 2923 M]
1038 2884 1159 2931 χρῆσις
1190 2879 1211 2924 ἢ

131 2930 283 2963 καρπῶν
313 2930 344 2962 L
377 2929 496 2972 χρῆσις
528 2929 563 2960 Β
602 2929 612 2970 ΙΙ
650 2925 744 2974 δοθῇ
776 2930 826 2961 Bs
861 2928 872 2972 ΙΙ
911 2925 1030 2961 οὐδενὶ
1062 2930 1154 2961 LBs‘
1201 2928 1212 2972 ΙΙ

131 2979 151 3009 4
176 2961 339 3019 δτεριῶσι]
365 2976 518 3018 περίεισι
541 2974 592 3005 Bt
615 2976 776 3017 περίεστι
802 2974 847 3005 ΒΖ
871 2975 882 3015 Η
910 2975 928 3006 7
956 2971 1091 3014 ἰσχύσει
1117 2973 1209 3014 Mbg]

132 3016 242 3061 ἰσχύει
257 3020 385 3052 MaLB
404 3018 450 3062 118
476 3018 539 3050 τοῦ
562 3016 667 3050 οὔσου
693 3017 800 3063 ἤγουν
824 3018 885 3059 τῆς
903 3015 1058 3063 χρήσεως
1083 3017 1208 3064 φρούκ-

132 3078 193 3097 του
209 3065 238 3096 L
263 3064 323 3105 τῆς
334 3062 488 3108 χρήσεως
504 3064 536 3095 Β
553 3062 565 3107 Η
588 3065 626 3096 10
650 3066 760 3103 τισὶν]
785 3063 892 3095 tribus
915 3066 949 3104 (i.
964 3076 989 3096 e.
1003 3067 1134 3106 τρισὶν)
1157 3077 1175 3101 ς
1199 3064 1210 3108 Η

133 3106 350 3148 διατάξεων]
381 3110 457 3141 Cod.
473 3111 561 3148 6,(31,
576 3115 592 3140 6
611 3112 649 3146 §1
665 3110 720 3150 (cf.
736 3110 776 3141 ib.
794 3110 835 3149 s).
852 3116 929 3150 60‚4
947 3108 958 3151 ΙΙ
991 3111 1030 3141 ’12
1056 3108 1126 3141 εἴτε
1150 3112 1209 3141 καὶ

133 3157 170 3187 ἐκ
191 3151 358 3207 μητρώας
381 3154 411 3185 L
440 3153 450 3195 ΙΙ
487 3154 525 3185 13
559 3150 625 3195 τὴν
656 3153 782 3197 χρῆσιν
811 3155 840 3184 Β
871 3153 883 3195 ΙΙ
913 3155 953 3187 14
984 3151 1078 3199 ἔλθῃ
1103 3155 1152 3187 13⁸
1198 3153 1210 3199 ΙΙ

136 3203 175 3233 15
199 3199 310 3240 αυτῷ]
337 3194 458 3231 αὐτῶν
482 3198 535 3232 ᾖς
553 3197 564 3241 ΙΙ
580 3199 696 3243 περιῇ]
722 3199 839 3230 vivunt
861 3209 880 3233 ς
894 3198 905 3241 ΙΙ
928 3200 967 3232 18
989 3200 1209 3232 navstrcsiwn

133 3247 192 3278 καὶ
218 3245 535 3286 ᾳυῆείκανςρεσίων
560 3243 606 3275 M
635 3247 881 3289 καστρενσίων
911 3245 969 3274 καὶ
994 3240 1118 3276 κουάσι
1149 3257 1208 3276 κα-

134 3292 335 3334 στρενσίων
349 3290 435 3327 Am,
466 3290 713 3332 κανστρεσίων
737 3290 796 3320 καὶ
822 3284 955 3320 ὡσανεὶ
979 3286 1114 3329 (κουάσι
1136 3287 1208 3331 ΒΣ)

135 3336 383 3379 κανστρεσίων
415 3334 546 3372 Themi„
576 3329 630 3364 BE
680 3330 886 3366 ἰδιοκτίτων
924 3336 983 3365 καὶ
1024 3344 1208 3366 κουασικα-

135 3382 278 3413 στοένσι
300 3380 330 3412 L
355 3375 568 3418 ἰδιοκτητων
588 3380 646 3409 καὶ
668 3376 776 3410 οἱονεὶ
799 3374 1013 3418 ἰδιοκτὴτων
1033 3379 1093 3412 Bfl
1123 3376 1209 3413 ἰδιο-

136 3411 277 3467 κτῆτων
301 3425 350 3458 Β8
374 3423 385 3468 ΙΙ
417 3426 454 3457 19
481 3419 590 3468 λόγος]
616 3425 674 3454 καὶ
697 3423 830 3468 ἑτέρων
853 3423 969 3456 τινῶν
994 3425 1069 3456 add.
1095 3425 1164 3457 LB
1200 3424 1211 3469 ΙΙ

137 3472 179 3503 20
198 3466 364 3514 Ἡμήτηρ
379 3470 412 3501 Β
432 3468 443 3512 ΙΙ
461 3471 500 3501 21
524 3467 588 3500 τὸν
603 3481 658 3499 οη).
671 3469 721 3500 La
737 3469 747 3509 Η
768 3470 809 3502 25
830 3470 960 3511 σκέψιν
973 3469 1008 3501 Β
1025 3468 1037 3521 Ι]
1055 3470 1097 3502 26
1116 3471 1209 3514 περὶι

137 3516 203 3560 πὲρ
227 3516 274 3548 L²
302 3514 312 3558 ΙΙ
341 3517 381 3548 27
415 3511 603 3557 ἐπιβαλών
628 3513 674 3544 B!
705 3512 717 3556 ΙΙ
747 3515 788 3546 28
822 3509 940 3555 αὐτῆς]
969 3525 1100 3555 ταυτης
1124 3515 1154 3547 L
1201 3514 1212 3559 Η

138 3561 179 3594 29
203 3557 457 3593 ἀποδείκνυται
485 3558 530 3591 Bl
570 3555 830 3591 ἑπιδεικνύοιτο
851 3559 903 3591 ΒῙ
930 3559 942 3600 H
970 3561 1007 3591 31
1036 3556 1211 3605 πρότερον

138 3605 236 3646 MBl]
262 3606 450 3650 προτέρων
477 3604 561 3637 ΕΒΓ
864 3604 866 3607 ’

186 3741 198 3773 1
226 3739 450 3781 sponsalitiam
469 3740 658 3781 largitatem
678 3750 755 3771 usus
771 3750 879 3771 rerum
894 3739 1045 3781 ufructus
1058 3739 1129 3780 (sic)
1153 3740 1184 3771 V
1204 3738 1214 3781 Η

487 2803 613 2847 Neque
636 2813 719 2837 vero
745 2803 972 2837 concedimus
995 2802 1203 2838 mulieribus
1227 2802 1276 2836 ad
1298 2802 1476 2837 secundas
1499 2802 1648 2848 nuptias
1673 2802 1963 2845 transeuntibus,
1996 2808 2037 2838 ut
2055 2805 2226 2850 priorum
2251 2808 2358 2842 mari-

1282 2886 1299 2916 3
1326 2884 1484 2915 sanctitas
1509 2883 1558 2915 R*
1577 2883 1588 2926 ΙΙ
1606 2885 1638 2916 et
1660 2885 1792 2915 maneat
1817 2884 1877 2924 R1]
1912 2887 1945 2916 et
1969 2888 2126 2917 maneant
2150 2886 2236 2919 R2T
2258 2889 2357 2931 vala,

1282 2942 1338 2961 om.
1364 2928 1416 2972 VH
1437 2931 1456 2962 4
1483 2929 1614 2960 uiueret
1638 2929 1688 2961 R¹
1720 2929 1876 2960 uiuerent
1900 2928 1979 2973 1221!
2004 2930 2135 2963 milium
2158 2931 2211 2976 Vfl
2230 2932 2358 2974 aliquid

1281 2987 1339 3007 om.
1360 2974 1416 3015 Vn
1433 2977 1452 3008 5
1477 2974 1666 3014 morientes]
1690 2973 1725 3005 Si
1750 2984 1815 3015 qua
1838 2977 1987 3016 suscepta
2011 2975 2237 3017 legitimorum
2255 2977 2357 3019 (lega-

1279 3022 1389 3051 torum
1413 3019 1479 3057 Ra)
1504 3019 1752 3051 naturaliumue
1777 3018 1882 3050 tutela
1906 3022 2022 3052 eontra
2045 3025 2285 3055 sacramentum
2309 3035 2357 3055 se-

1280 3065 1388 3096 cundo
1413 3064 1521 3105 nubit,
1546 3064 1728 3096 subiacebit
1752 3064 1846 3105 penis
1874 3064 2009 3096 inflictis
2029 3069 2062 3098 et
2085 3066 2139 3099 illi
2163 3078 2260 3108 quam
2285 3068 2357 3109 (sic)

1279 3109 1377 3141 nubit
1401 3110 1489 3141 infra
1509 3112 1638 3151 tempus
1670 3109 1764 3140 luctu
1789 3110 2024 3150 praestitutum
2048 3113 2124 3144 add.
2147 3112 2197 3144 Β*
2225 3113 2236 3154 ΙΙ
2268 3114 2357 3150 Quid

1280 3155 1328 3186 [ἐι
1345 3154 1356 3197 ΙΙ
1376 3155 1479 3195 legem
1505 3155 1553 3186 R¹
1582 3157 1592 3196 ΙΙ
1622 3155 1740 3186 Srubr.
1767 3154 1816 3185 De
1840 3153 1937 3186 rebus
1962 3157 2119 3188 maternis
2143 3157 2197 3189 uel
2223 3159 2356 3200 nuptia-

1280 3199 1368 3231 libus
1400 3199 1503 3232 lucris
1534 3209 1617 3240 quae
1653 3198 1694 3230 ad
1725 3198 1954 3231 filiosfamilias
1988 3204 2223 3242 peruenerunt.
2261 3205 2292 3235 et
2317 3203 2356 3236 de

1280 3244 1435 3276 castrensi
1465 3246 1497 3276 et
1528 3244 1784 3285 quasieastrensi
1814 3244 1965 3285 peceulio
1994 3246 2027 3278 R
2047 3259 2106 3289 my.
2137 3246 2149 3290 ΙΙ
2179 3247 2355 3289 Quoniam]

1282 3300 1356 3321 vero
1382 3289 1558 3330 addvulq.
1576 3287 1587 3331 ΙΙ
1606 3289 1742 3320 moriam
1755 3288 1803 3321 R¹
1820 3290 1831 3330 ΙΙ
1854 3291 1893 3322 10
1919 3289 2036 3331 tribus]
2060 3291 2183 3323 bonum
2206 3296 2253 3324 est
2278 3295 2355 3326 add.

1280 3335 1331 3366 Ra
1347 3333 1358 3378 ΙΙ
1379 3336 1427 3366 est
1447 3334 1572 3365 dictum
1589 3333 1618 3364 R
1637 3333 1648 3376 Η
1667 3335 1704 3366 11
1731 3334 1809 3374 quia
1830 3334 1873 3374 V]
1897 3335 1985 3375 quod
1998 3336 2032 3368 R
2046 3338 2129 3380 vuly.
2150 3335 2162 3380 fl
2181 3338 2219 3370 14
2243 3349 2357 3371 eorum

1281 3393 1338 3412 om.
1358 3379 1432 3421 R¹11
1462 3381 1500 3411 15
1526 3388 1621 3409 mane
1644 3378 1693 3411 V²
1717 3377 1728 3422 Η
1754 3379 1852 3410 etiam
1876 3382 1950 3421 post
1973 3391 2097 3412 annum
2121 3392 2226 3414 annos
2245 3395 2357 3416 omnes

1282 3425 1329 3456 R¹
1346 3423 1357 3468 ss
1381 3426 1417 3456 17
1440 3434 1520 3455 uero
1538 3425 1570 3455 et
1591 3424 1901 3464 quasicastrensium
1921 3425 2036 3457 om.R¹
2052 3425 2063 3469 ΙΙ
2081 3427 2288 3468 peculiorum
2310 3430 2353 3470 V]

1280 3470 1344 3501 iam
1374 3468 1581 3510 peculiorum
1606 3469 1638 3500 R
1659 3470 1743 3512 vuly.
1776 3469 1787 3511 ΙΙ
1816 3470 1857 3502 20
1878 3471 1964 3502 rubr.
1998 3470 2034 3502 Si
2058 3471 2179 3504 mulier
2201 3484 2252 3506 res
2276 3484 2357 3516 quas

1282 3514 1395 3545 liboris
1420 3513 1558 3545 donauit
1582 3514 1675 3554 quasi
1707 3514 1746 3545 ab
1771 3514 1912 3555 ingratis
1940 3518 2014 3557 post
2042 3517 2200 3550 secundas
2224 3521 2356 3562 nuptias

1282 3569 1438 3591 reuocare
1460 3558 1615 3590 maluerit
1639 3558 1672 3590 R
1685 3571 1746 3602 my.
1767 3557 1777 3601 ΙΙ
1795 3562 1903 3591 tamen
1929 3573 1986 3592 om.
2009 3561 2039 3593 V
2051 3560 2063 3605 ΙΙ
2082 3562 2121 3594 de
2146 3564 2206 3596 del.
2220 3564 2272 3596 R³
2289 3565 2301 3607 ΙΙ
2317 3567 2355 3605 si]

1282 3604 1336 3636 sed
1358 3604 1404 3636 V¹
1425 3603 1436 3645 ΙΙ
1453 3604 1490 3636 21
1520 3604 1654 3645 nuptias
1675 3605 1805 3636 uenerit
1828 3605 1880 3646 Vl}
1901 3606 1942 3637 23
1964 3605 2098 3639 uidetur
2122 3618 2162 3640 ex
2184 3619 2270 3651 pura
2289 3610 2323 3642 R

1282 3648 1457 3680 uoluntate
1482 3650 1514 3681 et
1536 3649 1776 3689 gratitudinem
1798 3649 1847 3681 12¹¹
1863 3648 1874 3693 ΙΙ
1906 3651 1946 3683 25
1973 3653 2203 3693 cognationem
2227 3649 2356 3688 uenisse

1283 3693 1342 3733 R2‚
1368 3693 1619 3735 cogitationem,
1645 3707 1703 3727 om.
1725 3694 1853 3726 uenisse
1879 3694 1955 3737 13²1!
1977 3697 2017 3728 27
2044 3698 2353 3734 totiuublationem

1293 3738 1348 3781 Vn
1366 3740 1406 3772 28
1431 3738 1615 3771 oblationes
1639 3739 1686 3771 R*
1706 3739 1716 3781 ΙΙ
1739 3740 1904 3780 adversus]
1929 3740 1971 3773 ad
1995 3742 2044 3774 12¹
