2618 4010
281 111 388 156 Nov.
417 112 557 157 XVIII
587 115 696 156 3-—5
810 80 813 84 .
1353 109 1435 159 130
1931 129 1992 162 ns
2019 129 2216 172 mm,
2238 130 2297 163 m
2325 131 2504 165 snmssn

286 223 419 271 πατρὸς
440 221 673 277 minem-8:22&
697 226 756 258 καὶ
779 221 921 271 μητρός,
941 228 1002 260 καὶ
1019 221 1171 261 πάππου
1191 226 1250 257 καὶ
1273 236 1357 270 προ-
1426 236 1506 261 mus
1529 236 1602 261 non
1622 226 1660 261 in
1682 229 1786 271 patre
1802 228 1891 272 solo.
1914 229 1979 266 sed
1994 233 2031 266 et
2045 234 2160 266 matre
2175 234 2212 267 et
2231 241 2296 267 avo
2312 233 2350 268 et
2370 240 2504 277 proavo
2562 218 2564 220 ¹

285 268 434 326 πάππου
451 271 511 323 καὶ
529 282 608 303 των
622 270 922 326 παρρζευγμένων
937 268 1076 326 ἑκάστῳ
1092 268 1248 325 2317).st
1261 280 1364 315 προς·
1432 273 1484 324 et·
1497 270 1676 306 adiunctis
1706 271 1900 318 unicuique
1927 274 2137 312 feminarum
2168 275 2350 322 personis,
2385 276 2422 311 id
2452 279 2508 311 est

286 325 584 406 ffgffifxaxggles
595 327 730 406 ζειτζ
747 317 1061 395 ἴξνπρομαμμης,
1089 327 1160 349 ειτε
1182 325 1270 361 προς
1293 325 1362 350 πα-
1430 325 1509 351 avia
1532 318 1568 351 et
1590 315 1755 360 proavia,
1786 315 1860 354 sive
1882 321 2054 364 paternae
2077 321 2150 358 sive
2172 326 2354 357 maternae
2377 321 2460 357 sint.

1274 449 1430 486 CAPUT
1458 449 1521 486 IV.

331 515 422 553 0138&
445 519 579 552 ἐκείνου
609 517 878 565 φυλαττομένου
907 517 948 553 τὸ
975 515 1102 552 λοιπὸν
1126 518 1186 553 ἐπὶ
1211 519 1284 551 τοῖς
1308 518 1361 564 ἐγ·
1398 521 1418 552 5
1475 516 1601 562 Neque
1634 518 1696 554 illo
1731 518 1777 554 de
1812 522 1929 556 cetero
1965 523 2138 559 servando
2172 523 2211 559 in
2245 523 2436 569 nepotibus
2475 526 2510 558 et

283 561 402 611 γόνοις
423 565 484 597 καὶ
506 561 747 618 προεγγόνοις,
770 567 843 599 τοῖς
858 561 934 606 οὐχὶ
953 565 1013 597 καὶ
1030 573 1124 597 sums·
1140 565 1201 596 καὶ
1215 560 1362 602 ὗπεξου-
1432 563 1691 609 pronepotibus
1722 575 1793 599 non
1818 565 1893 600 suis
1918 567 1955 601 et
1977 567 2044 603 sub
2069 571 2267 613 potestate,
2296 568 2414 604 minus
2437 571 2508 603 ter-

285 612 391 651 σίοις,
418 605 507 644 nien
530 621 628 655 παρα
656 608 698 644 τὸ
722 613 847 658 τρίτον
871 610 966 651 ἔχειν
990 605 1118 642 αὐτοὺς
1140 608 1202 650 τῆς
1227 611 1362 653 μοίρας,
1431 607 1518 643 tiam
1577 612 1690 644 artem
1721 619 1783 645 eos
1817 610 1968 654 habere,
2004 623 2110 658 quam
2143 623 2264 649 eorum
2300 613 2509 660 parentibus

289 650 309 664 ⁰
352 656 427 689 τοῖς
450 650 574 688 αὐτῶν
589 655 731 702 γονεῦσι
750 655 937 701 περιοῦσιν
960 650 1033 687 ἔδει
1054 651 1267 687 καταλιπεῖν
1283 652 1365 686 τοὺς
1431 653 1563 689 viventi
1587 664 1630 690 us
1654 655 1842 700 oportebat
1859 656 2058 702 relinquere
2080 660 2280 695 testatores.
2315 658 2398 694 Non
2418 658 2509 693 enim

285 667 532 753 παθεμένους.
581 698 630 734 Οὐ
661 698 729 747 γὰρ
765 699 972 744 ἐξαιροῦμεν
1006 699 1062 732 ἔτι
1092 697 1173 732 τοὺς
1203 694 1365 745 ἐγγόνους
1436 699 1639 744 excepimus
1663 700 1811 736 ulterius
1836 705 1994 754 nepotes,
2019 702 2080 747 qui
2099 713 2145 739 ex
2163 703 2234 740 filio
2250 704 2410 750 paternis
2435 703 2509 739 avis

286 743 368 780 τοὺς
397 741 470 781 ἀπὸ
503 743 631 780 παιδὸς
653 747 727 779 τοῖς
758 744 846 790 πρὸς
878 741 1012 789 πατρὸς
1036 741 1200 778 πάπποις
1218 745 1364 797 γενομέ-
1381 746 1421 778 10
1433 748 1662 788 accrescunt,
1694 748 1735 780 ut
1766 745 1818 781 illi
1842 747 1984 791 quidem
2012 747 2185 793 integram
2216 749 2397 795 accipiant
2426 758 2510 793 par-

287 801 385 833 νους,
414 786 502 824 §m
527 791 678 824 ἐκείνους
705 791 771 834 μὲν
800 787 935 823 τέλειον
966 786 1165 832 λαμβάνειν
1189 802 1231 823 το
1263 791 1365 835 μέρος
1433 793 1515 832 tem,
1540 793 1710 835 quantam
1733 801 1856 826 eorum
1879 794 1983 836 pater
2005 792 2184 838 acciperet
2205 794 2335 837 vivens,
2359 797 2509 838 nepotes

287 831 376 870 ὅσον
398 831 444 869 ὃν
468 831 487 869 ὁ
513 832 636 869 αὐτῶν
660 834 779 882 πατὴρ
807 833 937 878 ἔλαβεν
961 832 1110 880 περιιόν,
1141 833 1223 868 τοὺς
1246 831 1287 868 δὲ
1309 835 1364 880 ἐγ·
1433 835 1553 870 autem
1577 836 1622 870 ab
1647 845 1713 871 avo
1737 846 1802 881 per
1825 836 1976 872 mediam
2000 837 2110 872 filiam
2130 839 2320 882 venientes,
2345 841 2409 874 aut
2433 837 2512 875 avia

286 877 411 928 γόνους
430 879 511 914 τοὺς
533 877 605 914 ἀπὸ
628 881 692 914 τοῦ
716 878 867 915 πάππου
891 877 951 912 διὰ
973 882 1079 923 με’σης
1104 877 1286 927 θυγατρὸς
1308 892 1364 926 γε·
1434 883 1585 925 paterna
1607 884 1671 916 aut
1694 885 1872 923 materna,
1904 882 2020 918 minus
2056 882 2197 918 tertiam
2219 884 2413 929 accipiant:
2450 882 2513 918 sed

287 928 456 971 νομένους
478 923 500 967 ἢ
525 923 605 959 τοὺς
627 922 700 959 ἀπὸ
723 926 784 967 τῆς
829 923 944 968 άμμης
967 922 1055 971 πρὸς
1076 923 1210 972 πατρὸς
1234 923 1256 967 ἢ
1279 938 1306 960 π
1330 922 1366 958 ὸς
1435 935 1546 960 unum
1580 926 1738 962 ordinem
1773 927 1811 962 in
1848 928 2012 962 omnibus
2079 928 2218 963 onimus
2252 928 2442 974 nepotibus
2477 930 2515 962 et

288 970 420 1015 μητρὸς
449 969 547 1015 παρὰ
569 970 612 1004 τὸ
635 974 760 1016 τρίτον
814 967 1007 1014 αμβάνειν·
1039 966 1129 1004 ἀλλὰ
1150 973 1239 1014 μίαν
1262 968 1307 1004 τά
1330 982 1366 1003 ιν
1383 972 1421 1005 15
1436 971 1709 1016 pronepotibus,
1745 982 1817 1008 non
1853 972 2008 1008 ferentes
2055 973 2207 1008 eminam
2235 983 2259 1008 a
2286 973 2446 1009 masculo
2477 972 2514 1007 in

291 1013 349 1061 ἐφ’
376 1013 491 1050 ἅπασι
515 1016 670 1094 ‘ti-9311&
693 1012 851 1061 ἐγγόνοις
874 1017 934 1048 καὶ
957 1012 1196 1062 προεγγόνοις,
1220 1012 1283 1049 οὐκ
1305 1012 1366 1049 ἂν·
1435 1015 1569 1052 talibus
1592 1016 1715 1052 minui.
1763 1017 1888 1062 Neque
1912 1018 2005 1053 enim
2029 1018 2209 1053 masculus
2232 1019 2308 1063 ipse
2327 1019 2366 1054 in
2389 1027 2427 1053 se
2451 1027 2512 1052 ne-

290 1060 449 1104 εχόμενοι
471 1058 513 1094 τὸ
539 1060 591 1103 θῆ
613 1074 634 1093 υ
656 1062 720 1094 τοῦ
744 1058 889 1104 ἄρρενος
913 1061 953 1093 ἐν
975 1063 1048 1094 τοῖς
1070 1058 1244 1094 τοιούτοις
1266 1058 1365 1094 ἐλατ·
1460 1071 1505 1096 ue
1528 1061 1660 1097 femina
1684 1062 1798 1097 solum
1823 1063 1868 1097 ad
1894 1063 2090 1098 nativitatis
2122 1063 2415 1108 propagationem
2437 1062 2513 1098 suf-

290 1107 387 1139 τοῦν.
432 1103 514 1139 οὔτε
543 1105 610 1153 γὰρ
643 1104 686 1139 τὸ
715 1104 822 1151 ἄρρεν
853 1102 940 1139 αὐτὸ
972 1101 1062 1139 καθ’
1097 1102 1183 1139 αὐτὸ
1215 1102 1296 1139 οὔτε
1325 1103 1366 1139 τὸ
1435 1072 1559 1142 iiciens
1589 1110 1661 1150 est,
1699 1107 1760 1143 sed
1793 1108 1886 1143 sicut
1921 1113 2109 1153 utrumque
2141 1108 2320 1153 coaptavit
2351 1107 2438 1143 deus
2469 1106 2515 1142 ad

291 1149 385 1194 θῆλυ
415 1149 529 1194 μόνον
552 1149 641 1196 πρὸς
663 1153 898 1196 τεκνογονίαν
927 1148 1112 1197 αὔταρκες,
1142 1147 1223 1184 ἀλλ’
1251 1147 1368 1197 ὥςπερ
1435 1152 1675 1195 generationis
1700 1163 1807 1197 opus,
1842 1153 1895 1189 ita
1919 1157 1954 1188 et
1980 1164 2047 1188 nos
2076 1153 2223 1189 eandem
2253 1153 2415 1198 utrisque
2439 1162 2513 1188 ser-

291 1193 458 1242 έκὰτερον
481 1193 702 1251 συνήρμοσεν
726 1191 745 1229 ὁ
770 1194 857 1229 θεὸς
881 1195 969 1242 πρὸς
995 1196 1061 1239 τὴν
1083 1197 1146 1240 τῆς
1167 1207 1366 1243 γενεσιουρ-
1381 1198 1423 1230 20
1435 1206 1559 1232 vamus
1584 1198 1847 1243 aequalitatem.

289 1245 368 1289 γίας
398 1243 531 1287 χρείαν,
563 1238 660 1274 ου’τω
684 1243 743 1275 καὶ
774 1237 871 1297 ἡμεῖς
894 1241 961 1282 τὴν
988 1239 1100 1285 αὐτὴν
1123 1241 1281 1288 ἑκατέρῳ
1305 1255 1367 1287 φυ-

290 1287 311 1322 1
357 1283 535 1331 λάττομεν
559 1284 717 1330 ἰσότητα.
784 1283 878 1320 Αλλ’
904 1283 987 1320 οὐδὲ
1008 1289 1110 1332 μέχρι
1132 1283 1262 1321 τούτου
1286 1284 1367 1330 στὴ-
1436 1288 1457 1323 1
1503 1287 1574 1323 Sed
1608 1297 1674 1323 nec
1709 1299 1823 1333 usque
1857 1288 1895 1324 in
1927 1289 1996 1324 hoc
2026 1289 2212 1325 statuimus
2247 1289 2372 1334 legem.
2419 1288 2517 1324 Haec

292 1343 402 1375 σομεν
423 1330 490 1366 τὸν
513 1330 633 1376 νόμον.
680 1329 796 1365 ταύτὰ
818 1330 885 1378 γάρ
907 1344 1027 1377 φαμεν
1047 1335 1107 1365 καὶ
1131 1330 1193 1366 ἐπ’
1221 1333 1369 1366 ἐκείνων
1438 1332 1531 1367 enim
1561 1332 1709 1368 dicimus
1735 1335 1769 1368 et
1801 1333 1838 1368 in
1866 1334 1935 1369 illis
1967 1333 2066 1377 filiis,
2098 1335 2158 1379 qui
2188 1345 2232 1370 ex
2261 1334 2399 1378 nuptiis
2430 1336 2517 1370 sunt

291 1377 370 1412 τῶν
387 1375 544 1419 παίδων,
569 1376 671 1423 οἵπερ
688 1378 726 1409 ἐκ
771 1374 877 1421 άμων
895 1377 963 1410 εἰσὶ
986 1379 1159 1424 γνησίων,
1183 1376 1214 1410 εἰ
1237 1379 1296 1411 καὶ
1319 1375 1369 1421 μὴ
1437 1377 1619 1421 legitimis,
1652 1378 1737 1413 licet
1760 1389 1832 1414 non
1856 1379 1926 1414 sint
1951 1382 2097 1415 secutae
2127 1380 2271 1425 nuptias
2296 1379 2418 1423 dotes,
2452 1378 2517 1414 sed

291 1424 434 1468 προῖκες
449 1425 522 1456 τοῖς
536 1420 660 1469 γάμοις
677 1389 975 1464 ἄκοῖουθήσαιεν,
991 1419 1080 1455 ἀλλὰ
1097 1419 1261 1456 διάθεσις
1276 1418 1368 1482 ὠέιο-
1383 1424 1424 1456 25
1439 1422 1588 1458 affectus
1611 1422 1834 1459 indubitatus
1859 1428 1895 1459 et
1913 1424 2124 1460 manifestus
2143 1425 2236 1460 inter
2256 1425 2425 1469 coniuges
2441 1424 2516 1459 exi-

293 1467 467 1515 λογημένη
490 1471 551 1501 καὶ
575 1465 689 1512 σαφὴς
718 1466 853 1511 μεταξὺ
884 1467 963 1501 τῶν
992 1466 1260 1501 συνοικούντων
1279 1479 1370 1502 ουσα
1439 1471 1537 1503 stens
1568 1467 1660 1503 filios
1690 1472 1849 1512 praestet
1884 1479 1963 1505 esse
1994 1469 2178 1514 legitimos.
2225 1470 2355 1505 Dotem
2388 1469 2518 1504 etenim

291 1515 366 1547 τοῖς
388 1515 492 1547 παισὶ
517 1510 631 1556 διδοίη
655 1511 697 1546 τὸ
721 1509 879 1558 γνήσιον.
927 1514 1058 1560 προῖκα
1086 1514 1153 1557 μὲν
1207 1511 1252 1559 ἀρ
1282 1509 1369 1547 ἀπο·
1440 1513 1622 1548 celebrant
1643 1513 1809 1558 nuptiae,
1834 1525 1883 1549 nu
1909 1514 1978 1550 tias
2003 1517 2122 1550 autem
2145 1515 2247 1550 dotes
2272 1525 2344 1550 non
2366 1513 2518 1556 faciunt,

293 1556 388 1592 τελεῖ
404 1557 524 1614 γάμος,
547 1556 663 1613 γάμον
684 1554 724 1591 δὲ
739 1560 880 1603 προῖκες
898 1553 938 1591 οὗ
956 1558 1134 1599 ποιοῦσιν,
1154 1554 1176 1591 ἀ
1199 1555 1232 1591 λ’
1255 1554 1370 1601 ἡτῶν
1439 1558 1503 1594 sed
1536 1558 1807 1594 coniunctorum
1836 1570 1859 1594 a
1887 1562 1998 1595 ectus.
2046 1560 2125 1595 Hoc
2157 1559 2251 1596 idem
2287 1559 2450 1595 obtineat
2482 1560 2520 1593 et

293 1614 561 1638 συνοικουντων
584 1605 759 1646 αμοιβαία
781 1599 955 1637 διάθεσις.
997 1600 1112 1636 Ταύτὸ
1133 1600 1172 1636 δὲ
1194 1606 1372 1647 κρατείτω
1440 1604 1477 1638 in
1501 1603 1568 1646 his,
1593 1603 1654 1648 qui
1677 1612 1721 1638 ex
1743 1604 1940 1649 posteriore
1963 1604 2095 1640 affectu
2119 1615 2200 1640 cum
2225 1604 2367 1640 dotibus
2391 1613 2518 1638 secun-

293 1651 354 1683 καὶ
377 1650 438 1684 ἐπὶ
460 1649 539 1683 ’τῶν
559 1650 597 1682 ἐκ
617 1651 917 1694 μεταγενεστέρας
934 1645 1136 1682 διαθέσεως
1157 1648 1248 1692 μετὰ
1271 1660 1370 1695 προι-
1386 1651 1427 1683 30
1442 1648 1524 1683 dum
1552 1652 1694 1684 nostras
1725 1650 1996 1685 constitutiones
2027 1650 2172 1695 legitimi
2202 1649 2304 1685 fiunt.
2350 1649 2400 1685 Et
2429 1649 2518 1683 haec

294 1692 404 1738 κῴων
434 1692 527 1728 κατὰ
554 1691 618 1728 τὰς
645 1690 815 1739 ἡμετέρας
848 1691 1027 1733 διατάξεις
1053 1695 1260 1740 γενομένων
1289 1707 1371 1741 γνη-
1441 1693 1487 1729 sit
1510 1694 1647 1730 sanctio
1674 1694 1851 1739 legitimae
1874 1695 1999 1732 soboli.

294 1742 398 1794 σίων.
445 1741 519 1772 Καὶ
547 1729 649 1772 οὗτος
678 1739 745 1783 μὲν
774 1740 869 1772 ἔστω
896 1736 1004 1782 νόμος
1026 1741 1105 1772 ταῖς
1132 1742 1295 1785 γνησίαις
1317 1751 1374 1786 γο-

294 1795 383 1819 ναις.

1293 1874 1449 1910 OAPUT
1481 1875 1525 1911 V.

341 1942 544 1989 Did-pamma
563 1939 604 1976 δὲ
618 1939 714 1985 δήτι
735 1944 797 1975 καὶ
820 1940 909 1988 πρὸς
929 1939 1047 1984 μόνην
1069 1939 1137 1984 τὴν
1160 1938 1271 1987 φύσιν
1292 1941 1369 1988 φιλ·
1485 1942 1759 1978 Consideremus
1783 1946 1903 1978 autem
1927 1943 2062 1988 aliquid
2088 1945 2125 1979 et
2148 1943 2195 1978 ad
2218 1943 2330 1979 solam
2353 1943 2520 1978 naturam

296 1987 513 2035 ἄνθρωπον.
554 1985 681 2023 πολλοὶ
702 1984 771 2034 γὰρ
795 1984 1000 2028 ἐνοχλοῦσιν
1020 1983 1108 2030 ἡμᾶς
1131 1984 1197 2028 ἀεί,
1222 1990 1281 2020 καὶ
1306 1986 1371 2021 ius·
1387 1991 1427 2022 35
1442 1987 1606 2023 clemens.
1654 1987 1760 2023 Multi
1783 1998 1936 2033 namque
1959 1989 2099 2024 molesti
2131 1993 2216 2024 sunt
2243 1989 2345 2024 nobis
2370 1997 2444 2024 sem
2472 1997 2520 2030 er,

297 2037 390 2070 τεῖαι
420 2035 547 2077 συχναὶ
577 2035 636 2066 καὶ
667 2029 882 2079 δακρύοντες
910 2029 1048 2067 παῖδες·
1081 2034 1141 2065 καὶ
1169 2029 1224 2065 ἀεὶ
1247 2034 1313 2077 μέν
1336 2045 1372 2066 τι
1440 2043 1635 2078 precesque
1660 2033 1806 2068 crebrae
1823 2037 1859 2068 et
1881 2033 2008 2069 flentes
2025 2033 2107 2069 filii:
2132 2036 2168 2069 et
2192 2043 2332 2078 semper
2355 2033 2441 2077 equi
2465 2043 2520 2068 em

298 2078 567 2127 φιλάνθρωπον
583 2074 759 2124 ὁρίζομεν,
783 2073 863 2111 ἀλλ’
885 2072 943 2111 ὅτι
957 2075 1006 2120 μὴ
1024 2075 1114 2121 μετὰ
1133 2074 1244 2121 νόμου
1264 2078 1372 2112 τοῦτο
1441 2078 1595 2114 clemens
1628 2078 1761 2122 aliquid
1793 2078 1998 2122 definimus,
2030 2078 2093 2114 sed
2123 2079 2207 2123 quia
2236 2089 2308 2114 non
2337 2079 2407 2114 hoc
2441 2088 2519 2113 cum

298 2195 343 2229 de
360 2197 469 2239 patre
485 2191 578 2234 solo,
599 2190 663 2227 sed
682 2191 790 2226 etiam
811 2188 855 2224 de
874 2194 1000 2241 matre,
1025 2194 1061 2224 et
1077 2201 1145 2225 avo
1167 2194 1202 2225 et
1213 2201 1360 2236 proavo
1382 2195 1418 2226 et
1436 2191 1638 2227 coniunctis
1655 2191 1850 2237 unicuique
1870 2190 2058 2236 femininis
2073 2190 2257 2237 personis,
2282 2190 2364 2226 avia
2386 2189 2522 2225 scilicet

299 2243 334 2274 et
349 2236 522 2285 proavia,
545 2237 618 2272 sive
641 2246 704 2271 eae
720 2238 902 2282 paternae
924 2244 997 2270 sive
1020 2238 1206 2270 maternae
1227 2235 1309 2270 sint.

432 2281 495 2317 IV.
543 2281 599 2316 Ne
620 2279 714 2315 illud
740 2278 884 2326 quidem
906 2279 944 2313 in
968 2283 1161 2326 posterum
1192 2279 1231 2314 in
1259 2279 1451 2326 nepotibus
1474 2284 1510 2316 et
1520 2280 1810 2328 pronepotibus,
1832 2280 1897 2327 qui
1919 2291 1994 2316 non
2015 2280 2074 2316 sui
2096 2284 2133 2316 et
2153 2280 2193 2315 in
2218 2282 2399 2332 potestate
2418 2283 2517 2321 sunt,

300 2328 517 2370 observetur,
546 2330 587 2361 ut
609 2325 727 2361 minus
751 2324 857 2360 tertia
877 2328 987 2370 parte
1010 2322 1167 2360 babeant
1188 2324 1265 2360 eius
1284 2325 1490 2371 portionis,
1520 2336 1629 2371 quam
1650 2324 1869 2372 parentibus
1896 2336 2020 2361 eorum
2041 2325 2294 2371 superstitibus
2315 2324 2520 2371 relinquere

301 2376 491 2409 testatores
515 2371 714 2418 oportebat.
762 2369 888 2416 Neque
918 2369 1011 2404 enim
1043 2369 1199 2416 amplius
1221 2370 1425 2417 excipimus
1449 2373 1608 2417 nepotes,
1640 2370 1704 2416 qui
1727 2380 1777 2406 ex
1797 2369 1876 2415 filio
1897 2370 1975 2406 avis
1994 2370 2160 2417 paternis
2182 2369 2260 2406 nati
2286 2373 2382 2412 sunt,
2404 2373 2448 2405 ut
2464 2369 2522 2404 illi

299 2417 443 2466 quidem
465 2416 647 2464 inteqram
672 2414 856 2461 accipiant
882 2418 1027 2461 partem
1050 2418 1224 2461 quantam
1248 2419 1362 2462 pater
1393 2426 1517 2451 eorum
1540 2419 1725 2462 superstes
1755 2418 1972 2462 accepturus
2002 2419 2111 2458 esset,
2147 2418 2296 2495 njpotes
2325 2418 2444 2450 autem
2463 2413 2523 2450 avi

299 2475 349 2500 ex
368 2462 450 2509 fitia
480 2463 561 2498 nati
590 2461 647 2498 vel
673 2465 823 2508 nepotes
846 2460 949 2496 aviae
972 2464 1155 2507 paternae
1177 2464 1242 2496 aut
1263 2464 1449 2497 maternae
1471 2460 1589 2496 minus
1621 2460 1728 2497 tertia
1751 2466 1865 2507 parte
1887 2460 2091 2507 accipiant.-
2124 2471 2164 2496 se
2217 2470 2329 2495 unum
2359 2457 2524 2494 ordinem

299 2509 339 2544 in
367 2507 530 2544 omnibus
559 2506 751 2543 statuimus
782 2505 974 2553 nepotibus
1003 2508 1039 2540 et
1061 2506 1348 2553 pronepotibus,
1378 2516 1444 2541 nee
1466 2505 1635 2552 patimur
1655 2505 1831 2551 feminam
1862 2505 1902 2540 in
1932 2505 2064 2541 talibus
2093 2505 2190 2541 mari
2216 2503 2351 2541 cedere.
2398 2502 2525 2550 Neque

299 2554 393 2590 enim
415 2552 598 2589 masculus
622 2562 694 2599 per
715 2562 754 2587 se
775 2550 855 2598 ipse
882 2561 997 2602 neque
1018 2551 1158 2596 femina
1184 2550 1270 2603 sola
1300 2551 1350 2587 ad
1379 2550 1575 2587 liberorum
1589 2551 1895 2631 ‘procreationem
1924 2550 2084 2596 sufficit,
2114 2549 2181 2586 sed
2208 2550 2304 2602 sicut
2332 2553 2525 2629 utrumque

299 2601 321 2636 1
365 2598 558 2635 coniunxit
585 2597 675 2634 deus
697 2595 747 2632 ad
767 2599 1015 2643 qenerattoms
1038 2606 1147 2642 opus,
1178 2599 1232 2631 ita
1261 2607 1330 2632 nos
1353 2607 1497 2643 quoque
1519 2607 1588 2632 ean
1614 2607 1668 2632 em
1699 2599 1845 2641 utrique
1878 2606 2063 2631 servamus
2093 2594 2358 2642 aequalitatem.
2479 2593 2526 2629 ed

299 2656 346 2681 ne
367 2643 437 2680 hoc
457 2642 600 2690 quidem
625 2641 777 2678 termino
805 2641 919 2688 leqem
948 2641 1198 2677 coercebimus.
1246 2640 1501 2678 Eademenim
1523 2641 1632 2677 etiam
1652 2640 1697 2676 de
1718 2639 1792 2676 illis
1814 2639 1936 2676 liberis
1959 2639 2122 2682 dicimus,
2154 2639 2218 2686 qui
2244 2650 2295 2676 ex
2317 2638 2454 2686 nuptiis
2475 2638 2523 2674 le-

331 2690 435 2728 'timis
457 2689 539 2725 nati
557 2691 654 2730 sunt,
678 2686 819 2723 etiamsi
845 2685 948 2722 dotes
977 2686 1124 2732 nuptias
1146 2690 1292 2723 secutae
1318 2698 1393 2723 non
1414 2686 1508 2728 sint,
1531 2685 1597 2722 sed
1618 2685 1773 2738 affectus
1795 2685 2012 2732 manifestus
2034 2689 2071 2721 et
2092 2692 2213 2721 certus
2235 2684 2330 2720 inter
2352 2683 2524 2730 coniuges

326 2745 369 2771 oc
393 2733 516 2771 liberis
570 2735 722 2775 raestet,
752 2735 794 2767 ut
816 2731 967 2778 leqitimi
988 2731 1071 2767 sint.
1118 2730 1248 2768 Dotem
1275 2732 1369 2768 enim
1400 2731 1550 2778 nuptiae
1581 2730 1724 2777 quidem
1754 2730 1997 2774 constituunt,
2027 2730 2175 2777 nuptias
2205 2740 2289 2766 vero
2318 2729 2421 2765 dotes
2449 2739 2524 2764 non

297 2780 466 2827 faciunt,
495 2745 568 2814 sed²
587 2778 781 2824 coniuqum
812 2779 957 2812 mutuus
982 2776 1146 2822 affectus.
1194 2775 1295 2813 Idem
1319 2781 1439 2813 autem
1463 2775 1624 2812 obtineat
1646 2776 1754 2812 etiam
1777 2775 1816 2810 in
1839 2775 1884 2811 iis
1933 2775 1970 2810 ui
1996 2786 2046 2811 ex
2063 2775 2276 2824 posteriore¹
2294 2774 2447 2826 affectu·
2451 2784 2525 2821 per

300 2824 439 2862 dotalia
461 2824 700 2860 instrumenta
722 2821 916 2858 secundum
939 2826 1085 2857 nostras
1109 2822 1383 2859 constitutiones
1403 2821 1501 2868 facti
1521 2825 1608 2857 sunt
1630 2819 1790 2867 leqitimi.
1837 2818 1888 2855 Et
1907 2787 1999 2856 quaec
2022 2819 2165 2867 quidem
2188 2820 2251 2856 lex
2272 2819 2323 2856 sit
2345 2818 2525 2866 leqtttmae

297 2869 399 2918 proli
422 2869 627 2906 constituta.

435 2913 480 2951 V.
527 2912 608 2950 Iam
639 2923 725 2949 vero
762 2911 1027 2948 consideremus
1056 2912 1212 2958 aliquid,
1244 2911 1345 2959 quod
1373 2911 1567 2948 humanum
1599 2910 1648 2947 sit
1676 2910 1715 2946 in
1741 2909 1859 2946 solam
1886 2914 2065 2946 naturam.
2114 2909 2222 2946 Multi
2251 2910 2345 2946 enim
2375 2920 2422 2946 ne
2448 2909 2523 2946 otia

300 2960 405 2998 nobis
422 2970 564 3008 semper
584 2959 792 3006 facessunt,
817 2968 1018 3005 precesque
1041 2957 1189 2994 crebrae
1212 2961 1249 2994 et
1271 2956 1502 2993 lacrimantes
1526 2955 1651 2992 liberi:
1673 2966 1717 2992 ac
1738 2966 1879 3003 semper
1902 2955 2046 3002 quidem
2069 2955 2212 3002 aliquid
2233 2955 2380 2991 liumani
2449 2965 2524 2991 cer-

349 3077 365 3111 1
390 3071 534 3121 μητρὸς]
558 3073 618 3108 ἐπὶ
638 3070 771 3118 μητρὸς
795 3074 896 3116 (μητε
921 3083 960 3106 ας
973 3073 1017 3114 L)
1035 3073 1105 3106 LB
1124 3071 1137 3117 ΙΙ
1153 3074 1233 3115 3sq.
1255 3071 1380 3105 εἵτε-
1448 3073 1487 3106 31
1515 3067 1705 3112 διατάξεις]
1744 3070 1821 3105 Ccd.
1846 3072 1879 3112 5,
1903 3077 1950 3111 27,
1974 3078 2019 3104 10.
2045 3078 2072 3104 11
2099 3069 2112 3110 ΙΙ
2136 3070 2178 3103 32
2208 3066 2315 3112 νόμος
2336 3070 2433 3103 ἔστω
2459 3069 2492 3102 Β
2512 3068 2525 3113 ΙΙ

302 3120 385 3164 εἴτε]
409 3120 480 3154 εἴτε
502 3121 564 3153 καὶ
582 3137 628 3143 -
650 3117 720 3151 εἴτε
741 3119 800 3151 καὶ
824 3119 872 3151 Β*
896 3117 901 3162 Ι
930 3120 950 3150 5
971 3130 1020 3161 eq.
1045 3119 1087 3162 qfi
1117 3118 1195 3152 C'od.
1221 3119 1252 3158 6,
1277 3126 1324 3159 55,
1350 3125 1378 3151 9.
1445 3118 1583 3163 γενεαῖς
1608 3117 1644 3150 Β
1663 3115 1675 3161 ΙΙ
1692 3118 1736 3151 34
1748 3128 1797 3159 eq.
1818 3127 1890 3159 cap.
1916 3117 1936 3149 5
1962 3128 2021 3148 om.
2046 3115 2116 3148 LB

303 3175 352 3209 20,
376 3174 409 3201 1⁹
431 3165 445 3209 Ι
470 3167 491 3200 6
514 3165 575 3198 καὶ
597 3164 687 3196 mois
711 3163 767 3204 M]
791 3166 950 3209 γνησίοις
974 3164 1016 3196 Μ
1035 3175 1062 3196 ε.
1086 3175 1127 3204 υ.,
1151 3163 1221 3196 LB
1239 3161 1252 3206 ΙΙ
1268 3164 1286 3195 ’1
1311 3159 1379 3204 τὴν
1456 3176 2520 3188 ——-——-————-——

302 3213 433 3257 μοῖραν
446 3210 498 3244 ΒΓ
508 3208 522 3254 fl
540 3211 561 3244 9
585 3205 858 3251 διατιθεμένους
879 3209 926 3242 Β*
942 3207 955 3252 ΙΙ
971 3205 1052 3242 τοὺς
1075 3220 1133 3242 om.
1150 3207 1200 3241 ΒΓ
1213 3207 1225 3252 ΙΙ
1248 3210 1285 3242 10
1306 3209 1379 3240 τοῖς
1496 3210 1511 3243 1
1537 3208 1594 3241 sed
1618 3209 1662 3248 et]
1687 3209 1737 3240 set
1757 3207 1855 3240 etiam
1877 3206 1915 3239 in
1936 3205 2012 3247 1⁷²1!
2032 3207 2051 3239 2
2075 3215 2289 3249 personarum
2306 3204 2438 3237 feminis
2450 3199 2525 3246 R¹fl

303 3269 341 3291 π.
365 3268 404 3291 π.
429 3253 591 3290 πάπποις
615 3254 725 3294 ΜΒς]
755 3253 817 3286 τοῦ
842 3265 881 3287 π.
904 3264 944 3287 π.
969 3250 1120 3287 πάππου
1145 3253 1177 3286 L
1199 3254 1212 3295 ss
1231 3254 1376 3309 γενομέ-
1446 3253 1482 3287 id
1506 3254 1566 3295 est]
1609 3251 1664 3286 ide
1701 3252 1800 3296 RVn
1825 3254 1844 3286 5
1866 3253 1958 3285 rubr.
1991 3250 2273 3288 Quemadmodum
2301 3249 2343 3282 ab
2369 3249 2524 3299 intestato

303 3312 377 3335 νοις
400 3301 503 3335 L·B·
533 3298 546 3344 ΙΙ
577 3301 612 3334 11
648 3295 835 3341 λαμβάνην
858 3295 994 3331 τέλειον
1018 3298 1050 3332 L
1081 3297 1095 3342 ss
1121 3295 1163 3331 τὸ
1190 3307 1295 3342 μερος
1319 3310 1375 3330 om.
1447 3297 1548 3333 liberi
1579 3307 1639 3341 per
1662 3297 1859 3330 femininum
1881 3306 1994 3329 sexum
2026 3295 2258 3329 descendentes
2285 3293 2354 3327 suis
2377 3294 2522 3336 parenti-

307 3347 356 3379 13!
370 3346 383 3391 ΙΙ
402 3348 441 3380 12
462 3342 693 3389 ἐλάμβανιΒ
743 3346 780 3377 13
805 3344 871 3387 μέσ
895 3354 910 3376 ς
929 3343 990 3386 τῆς
1009 3340 1190 3389 θυγατρὸς
1206 3344 1236 3376 L
1251 3342 1264 3387 11
1281 3354 1377 3389 γενο-
1447 3344 1508 3376 bus
1538 3343 1712 3376 succedere
1735 3342 1875 3376 debeant
1904 3341 1939 3375 R
1963 3355 2023 3386 my.
2051 3340 2064 3386 ΙΙ
2094 3343 2115 3375 6
2145 3340 2245 3373 tertia
2273 3339 2367 3382 parte
2393 3337 2476 3381 only.
2513 3340 2523 3380 13

304 3392 409 3433 ,ub-‘ns
436 3390 487 3424 ΒΓ
511 3390 524 3434 ΙΙ
557 3391 598 3424 18
627 3385 696 3423 *οὗ
721 3389 739 3421 ε’
761 3407 805 3413 -
829 3385 868 3421 οὗ
894 3389 911 3420 ὲ
941 3390 1018 3423 libri
1046 3388 1059 3432 ΙΙ
1092 3385 1187 3422 καθ’
1212 3386 1318 3421 ἑαυτὸ
1342 3388 1378 3421 Β
1448 3391 1469 3424 9
1487 3387 1668 3430 excipimus
1688 3386 1865 3432 υα19.1113
1888 3389 1947 3419 aut
1969 3389 2118 3419 materna
2135 3397 2193 3418 om.
2208 3383 2267 3427 R}
2285 3381 2383 3416 tertia
2402 3383 2488 3426 woly.
2513 3384 2524 3425 11

305 3433 461 3468 καταυτὸ
485 3436 518 3468 L
542 3434 556 3478 ΙΙ
579 3437 618 3469 21
641 3432 710 3476 τὴν
738 3431 910 3476 τοιαύτην
933 3434 969 3467 Β
1037 3434 1079 3468 23
1104 3433 1249 3467 *ταῦτα
1270 3434 1346 3466 libri
1366 3432 1379 3477 ΙΙ
1450 3435 1490 3467 15
1514 3443 1534 3465 a
1557 3446 1615 3467 om.
1638 3432 1686 3465 R¹
1705 3432 1719 3478 ΙΙ
1737 3435 1778 3467 16
1797 3442 1857 3465 neo
1874 3432 1962 3465 enim
1983 3432 2038 3475 Vn
2058 3431 2098 3464 18
2117 3428 2159 3462 ad
2179 3441 2237 3462 om.
2254 3426 2336 3469 13¹.
2354 3428 2392 3460 19
2411 3427 2523 3459 eadem

306 3481 349 3513 25
370 3491 398 3512 π
421 3492 495 3512 ocu·
518 3479 596 3513 τῶν
613 3477 742 3526 γάμων
771 3479 838 3517 (τῶ
864 3474 968 3524 γάμω
1022 3478 1049 3521 ²)
1073 3474 1379 3520 ἆκουλουθήσαιεν
1446 3477 1525 3521 13¹1}
1543 3479 1586 3511 22
1605 3478 1710 3522 Haec]
1735 3478 1798 3511 hoc
1821 3476 1899 3520 13¹1!
1917 3478 1959 3511 23
1984 3478 2018 3509 et
2036 3481 2154 3520 puncto
2176 3479 2266 3506 notat
2286 3471 2348 3515 R!
2366 3472 2409 3505 24
2433 3471 2524 3504 dotes

309 3524 338 3556 L
363 3522 377 3567 Ι
425 3527 445 3557 6
469 3525 594 3569 σαφῶς
617 3526 650 3558 L
672 3523 685 3569 ΙΙ
712 3525 752 3559 27
779 3520 895 3566 διδοίη
920 3524 1022 3564 ΜΒἾ
1054 3520 1135 3566 δοίη
1159 3522 1212 3557 ΒΓ
1231 3519 1379 3556 δεδοίως
1447 3535 1507 3556 om.
1526 3523 1575 3556 R*
1593 3522 1606 3566 ΙΙ
1629 3524 1671 3557 25
1696 3522 1877 3556 consistens
1908 3522 1941 3555 V
1958 3521 1971 3564 ΙΙ
1993 3523 2037 3555 26
2059 3519 2202 3563 prae-tet
2224 3517 2303 3558 esse]
2326 3518 2523 3568 praeteriisse

310 3568 357 3601 Ι)
379 3564 543 3602 δεδωκώς
555 3569 604 3602 L²
625 3570 631 3611 Ι
650 3571 693 3605 28
717 3568 1012 3616 προῒκοποιοῦσιν
1034 3569 1079 3602 L¹
1097 3563 1207 3612 Ιᾶλλ’
1233 3564 1266 3610 ἡ]
1291 3564 1379 3601 ἀλλὰ
1448 3566 1526 3644 ΒἾίι
1543 3568 1585 3601 28
1607 3568 1839 3601 connintorum
1857 3566 1892 3600 R
1908 3565 1922 3610 1
1936 3565 2072 3604 affectu·
2096 3575 2155 3616 om.
2175 3562 2224 3614 R}
2241 3561 2255 3605 fl
2270 3560 2443 3613 obtineant
2465 3561 2524 3639 VAE'

310 3612 359 3645 B·
378 3612 449 3655 229
472 3609 579 3657 ἂμοιβ
627 3612 670 3648 ὸν
682 3614 734 3648 ΒΓ
748 3615 761 3658 ΙΙ
774 3613 934 3648 ταῦταὶι
952 3612 965 3657 ΙΙ
981 3614 1022 3646 29
1035 3626 1082 3657 sq.
1108 3613 1148 3647 In
1168 3613 1294 3647 Iuliani
1312 3614 1379 3656 epi-
1446 3613 1489 3646 30
1524 3612 1636 3645 uerint
1657 3612 1714 3656 V!
1730 3613 1771 3647 3⁴
1791 3614 1879 3646 rubr.
1898 3612 1947 3645 De
1965 3607 2172 3644 natanhbm
2191 3606 2306 3638 liberis
2325 3606 2359 3639 R
2371 3619 2432 3649 my.
2449 3605 2462 3649 n
2480 3616 2500 3658 ⁸.

310 3665 394 3690 torna
425 3658 473 3691 Ιιίε
506 3659 614 3692 aliena
638 3661 809 3693 substituta
832 3666 906 3692 sunt
931 3659 983 3700 (ex
1004 3671 1074 3693 nov.
1104 3659 1250 3692 CXVII
1271 3659 1378 3702 potius
1446 3670 1504 3691 om.
1528 3658 1576 3691 V¹
1593 3656 1605 3701 ΙΙ
1625 3660 1666 3691 36
1690 3667 1868 3701 precesque
1891 3656 1986 3689 nobis
2007 3652 2139 3688 crebrae
2170 3651 2202 3685 V
2222 3651 2235 3695 ss
2258 3650 2422 3693 eqludem]
2445 3661 2520 3693 qun-

310 3702 507 3746 deprompea,
532 3705 572 3746 cs.
589 3704 722 3746 leeod.)
740 3703 753 3748 ΙΙ
769 3706 811 3738 30
835 3698 1019 3750 neone-'mv
1036 3703 1082 3736 L¹
1107 3704 1269 3749 προικῶν
1288 3703 1336 3736 L¹
1365 3701 1379 3744 ΙΙ
1445 3701 1518 3734 dem
1541 3702 1592 3735 V³
1608 3702 1622 3746 ΙΙ
1638 3704 1678 3736 37
1705 3702 1784 3734 haee
1807 3702 1836 3734 V
