2618 4010
138 140 393 173 LYCAONIAE

139 240 199 275 διὰ
224 241 286 275 τας
308 240 447 275 ἀδικίας
469 239 532 275 τὰς
556 242 678 282 ἐκεῖσε,
704 242 859 282 συνεχῶς
883 240 922 275 δὲ
946 238 1032 285 ἡμῖν
1055 240 1222 283 ἐνοχλεῖν.

138 283 219 320 ἀλλ’
247 281 352 320 αὐτὸς
375 283 549 331 ἀκροατὴς
571 285 737 331 γινέσθω
762 284 941 333 πρότερον
969 287 1046 320 τῶν
1070 298 1221 333 προςαγ-

137 329 364 378 γελλομένων
387 334 446 364 καὶ
467 331 582 364 ταῦτα
607 330 831 378 διακρινέτω,
858 334 916 365 καὶ
938 328 992 364 ἀεὶ
1015 329 1221 375 μεμνήσθω

137 377 198 419 τῆς
221 373 514 421 παραδεδομένης
539 372 638 418 αὐτῷ
664 374 754 422 παρ)
778 374 881 421 ἡμῶν
907 376 1018 420 τιμῆς,
1043 380 1103 409 καὶ
1124 373 1221 410 οὕτω

136 417 290 475 χρήσθω
315 423 388 454 τοῖς
411 416 565 466 ἀρχικοῖς
589 419 723 462 πόνοις,
749 419 797 454 ῶς
822 420 1016 464 ἐπαινετὴν
1041 418 1140 464 αὐτῷ
1162 424 1221 454 καὶ

137 464 393 500 ανυπεύθυνον
417 466 590 511 γίνεσθαι
622 464 689 508 τὴν
714 463 840 512 ἀρχὴν·
866 469 980 500 ἐκεῖνο
1000 467 1125 511 σαφῶς
1144 467 1220 501 ἐπι-

138 508 311 554 στάμενος
344 508 400 551 ως,
433 511 465 543 εἰ
495 513 562 554 μέν
592 522 645 544 τις
677 510 783 545 ἔλθοι
815 511 904 558 πρὸς
937 509 1024 555 ἡμᾶς
1046 510 1096 555 μὴ
1119 523 1220 556 προς-

138 554 299 601 αγγείλας
338 553 436 599 αὐτῷ
478 555 523 588 τα
563 556 675 589 οἰκεῖα
714 556 818 599 πάθη
857 560 915 590 καὶ
958 554 1221 602 ἀποπειραθεὶς

137 601 208 654 εἴγε
239 598 407 646 τυγχάνοι
439 601 516 634 τῶν
540 598 703 641 δικαίων,
737 603 865 635 τοῦτον
900 598 999 644 αὐτῷ
1029 604 1221 646 πεζιιψομεν

1210 125 1287 173 199

1998 130 2104 174 NOV.
2137 130 2257 174 XXV
2281 133 2319 173 3.
2350 136 2376 174 4

1293 244 1442 285 propter
1465 240 1658 276 iniustitias
1688 249 1781 284 quae
1812 240 1861 275 ibi
1892 240 1994 284 fiunt,
2030 242 2235 286 frequenter
2255 245 2375 277 autem

1293 296 1357 321 nos
1383 286 1524 321 adeant.
1582 284 1652 321 Sed
1676 285 1754 330 ipse
1778 285 1884 320 iudex
1916 286 1962 320 sit
1991 286 2091 331 prius
2123 287 2250 322 horum
2283 297 2374 331 quae

1291 330 1560 375 denuntiantur,
1593 332 1629 365 et
1651 330 1742 365 haec
1768 331 1977 366 determinet
2009 341 2217 385 semperque
2241 342 2374 367 memor

1293 376 1340 411 sit
1365 376 1487 411 traditi
1520 375 1588 411 sibi
1620 385 1642 411 a
1675 375 1780 410 nobis
1812 375 1969 417 honoris,
2003 381 2037 411 et
2061 387 2113 411 sic
2137 380 2258 412 utatur
2281 377 2373 412 iudi-

1258 421 1410 457 5ciariis
1436 421 1635 463 laboribus,
1670 422 1711 455 ut
1733 419 1923 456 laudabilis
1955 421 1986 455 ei
2018 426 2053 455 et
2085 422 2160 456 sine
2184 425 2285 457 reatu
2311 421 2374 456 fiat

1291 466 1569 502 administratio:
1592 465 1681 501 illud
1701 467 1826 510 aperte
1847 465 1963 500 sciens
1981 466 2075 510 quia,
2097 467 2127 501 si
2146 467 2288 511 quidem
2308 468 2371 502 ali-

1291 511 1369 555 quis
1394 511 1530 547 venerit
1562 512 1608 547 ad
1637 521 1703 546 nos
1729 521 1800 545 non
1825 510 2011 545 insinuans
2042 511 2074 545 ei
2098 513 2261 555 proprias
2288 523 2372 556 pas-

1291 556 1409 591 siones
1435 559 1470 592 et
1495 556 1659 601 operiens
1684 558 1804 590 utrum
1829 559 2009 590 mereatur
2032 567 2124 600 quae
2155 558 2250 591 iusta
2277 563 2371 597 sunt,

1290 601 1387 636 hunc
1411 602 1443 637 ei
1463 601 1674 637 remittimus
1692 611 1906 646 responsum
1931 601 1963 635 ei
1982 602 2194 645 praebentes
2217 602 2370 646 nullum;

136 649 357 690 αποκρίσεως
389 642 489 689 αὐτῷ
521 644 738 689 μεταδόντες
762 644 944 698 οὐδεμιᾶς·
983 647 1022 699 εἰ(
1047 645 1086 679 δὲ
1117 658 1218 691 προς·
1237 650 1276 682 10
1292 646 1321 680 si
1354 657 1437 682 vero
1470 647 1749 688 denuntiaverit,
1779 645 1906 681 deinde
1938 655 2030 690 quae
2061 646 2154 680 iusta
2187 651 2270 681 sunt
2300 658 2372 682 non

138 689 342 736 αγγείλειεν,
365 690 442 723 εἶτα
465 692 540 724 τῶν
562 689 714 725 δικαίων
733 690 783 735 μὴ
799 705 919 733 τυχων
937 691 987 724 ἐἰς
1005 693 1092 735 ημᾶς
1111 705 1218 724 κατα-

137 733 275 779 δράμοι,
304 735 388 769 τότε
411 732 507 779 ἡμεῖς
532 733 594 768 οὐκ
620 739 744 779 ἐκείνῳ
769 735 811 770 τὸ
837 734 976 776 λοιπόν,
1007 733 1090 769 ἀλλ’
1118 734 1218 779 αὐτῷ

136 782 188 823 τῷ
214 780 281 823 τὴν
305 778 416 827 ἀρχὴν
440 783 558 823 ἔχοντι
588 779 755 814 δικασταὶ
780 780 1021 827 γενησόμεθα,
1071 784 1129 813 καὶ
1156 777 1217 814 ὥς·

136 838 204 871 περ
229 824 326 877 αὗτῷ
351 827 500 868 μείζονα
526 824 771 870 πεποιήκαμεν
795 825 862 869 τὴν
886 823 1003 869 τιμήν,
1038 822 1133 859 οὕτω
1158 829 1218 859 καὶ

1289 691 1440 735 adeptus
1463 692 1508 727 ad
1529 702 1594 727 nos
1613 691 1814 733 recurrerit,
1840 693 1926 726 tunc
1951 701 2017 725 nos
2042 702 2111 725 non
2138 691 2199 733 illi,
2227 693 2287 726 sed
2309 693 2371 726 ad-

1290 737 1586 772 ministrationem
1612 737 1758 772 habenti
1782 736 1919 771 iudices
1940 736 2082 771 erimus.
2132 737 2181 770 Et
2205 736 2300 771 sicut
2323 737 2372 771 illi

1289 782 1459 816 maiorem
1483 782 1632 817 fecimus
1657 782 1838 823 honorem,
1866 782 1917 821 ita
1941 785 1977 816 et
1998 781 2027 815 si
2053 781 2289 816 invenerimus
2311 793 2371 815 ne-

1288 827 1482 870 glegentem
1508 830 1544 862 et
1569 827 1709 862 traditis
1735 826 1910 862 desidiose
1940 828 2097 860 utentem
2123 826 2373 860 auxiliabimur

135 872 234 914 εἴπερ
260 884 421 924 ευροιμβεν
456 872 695 926 ῥᾳθυμοῦντα
728 875 786 904 καὶ
819 874 891 905 τοῖς
915 868 1426 916 παραδεδομένοιςὶῦωςίὺυε
1461 875 1497 907 et
1528 875 1772 917 competenter
1801 882 1881 907 eum
1912 871 2181 915 castigabimus:
2219 875 2255 906 et
2278 871 2389 906 sicutv

136 915 289 959 ἐκμελῶς
312 929 511 971 χρωμιειιοτι,
544 918 747 960 αμυνοῦμεν
780 919 853 949 τοῖς
881 916 1002 959 νόμοις
1034 919 1093 949 καὶ
1118 927 1219 963 προς·

136 959 295 1002 ηκόντως
315 962 425 994 αυτὸν
443 960 750 1005 μετελευσόμεθα·
777 964 835 994 καὶ
854 958 969 1008 ὥςπερ
990 962 1119 994 ἐκεῖνος
1138 959 1220 994 οὔτε

135 1004 214 1038 τοῖς
239 1004 424 1049 ἡμετέρους
450 1005 570 1052 λόγους
603 1006 683 1039 οὔτε
714 1004 794 1039 τοὺς
818 1004 946 1050 νόμους
978 1005 1060 1038 οὗτε
1092 1005 1134 1039 τὸ
1159 1006 1220 1048 τῆς

135 1049 238 1097 ἀρχῆς
272 1052 426 1097 ἐρυθριᾷ
456 1054 589 1095 σχῆμα,
621 1048 734 1104 οὕτως
766 1048 850 1083 οὐδὲ
882 1049 977 1095 ἡμεῖς
1009 1049 1120 1084 αὗτὸν
1145 1052 1218 1097 ἐρυ-

1290 916 1347 950 ille
1380 927 1494 961 neque
1524 922 1648 952 nostra
1682 918 1791 952 verba
1823 927 1937 960 neque
1967 916 2063 960 leges
2094 926 2209 960 neque
2242 917 2372 960 cinguli

1290 962 1433 995 erubuit
1454 962 1614 1006 figuram,
1641 963 1692 998 sic
1714 972 1828 1007 neque
1848 972 1912 996 nos
1934 972 2013 996 eum
2033 962 2287 1003 erubescimus,
2310 961 2373 995 sed

1292 1006 1474 1041 obviamus
1500 1007 1531 1041 ei
1556 1007 1751 1042 secundum
1776 1007 1919 1042 modum
1952 1017 2021 1051 quo
2047 1007 2199 1051 turpiter
2223 1007 2370 1041 admini-

1289 1051 1472 1086 strationis
1506 1053 1619 1086 utitur
1650 1053 1775 1095 rebus;
1814 1056 1850 1086 et
1880 1052 1953 1087 sive
1987 1051 2151 1087 manibus
2177 1062 2248 1086 non
2272 1051 2372 1096 puris

139 1096 348 1149 styliaaopeaf,
382 1094 463 1129 ἀλλ’
498 1096 752 1150 ἀπαντησομεν
786 1093 884 1138 mireo
916 1094 1009 1128 καθ’
1038 1092 1081 1128 ὂν
1114 1093 1219 1129 αὐτο,-
1234 1099 1274 1129 20
1289 1106 1366 1129 eum
1388 1100 1544 1131 utentem
1565 1098 1746 1141 capiamus
1773 1099 1826 1132 vel
1847 1097 1893 1131 ad
1910 1098 2067 1141 aliquam
2087 1097 2292 1142 passionem
2317 1106 2372 1131 re-

135 1154 273 1185 τροπον
298 1145 370 1174 τοῖς
394 1143 455 1183 τῆς
479 1139 584 1187 ἀρχῆς
614 1153 798 1187 πραγμασι
828 1140 1014 1186 χρήσεται·
1064 1143 1122 1173 καὶ
1148 1141 1219 1174 εἴτε

134 1189 255 1230 χερσὶν
279 1185 319 1219 οὐ
341 1186 520 1231 καθαραῖς
545 1183 656 1219 αὐτὸν
680 1185 869 1230 χρώμενον
894 1183 1065 1229 λάβοιμεν
1087 1182 1108 1228 ἢ
1129 1185 1218 1231 πρός

134 1244 170 1264 τι
203 1230 323 1265 πάθος
359 1228 615 1275 ἀποβλέποντα
647 1227 667 1272 ἢ
702 1233 782 1264 τοὺς
815 1228 1001 1276 ἡμετέρους
1037 1234 1215 1275 παραβαί-

134 1288 247 1310 νοντα
272 1273 417 1329 νόμους,
448 1273 542 1329 ἡμεῖς
576 1272 676 1318 αὐτῷ
709 1274 801 1309 κατὰ
833 1274 945 1319 νόμον
978 1277 1217 1320 ἐπιστήσομεν

1288 1142 1496 1185 spicientem
1522 1147 1584 1176 aut
1609 1147 1750 1177 nostras
1777 1143 2097 1186 transgredientem
2121 1143 2226 1186 leges,
2252 1152 2318 1176 nos
2340 1142 2372 1175 ei

1288 1187 1481 1221 secundum
1507 1187 1601 1231 leges
1622 1187 1808 1222 inferimus
1834 1188 1998 1222 ultiones.
2047 1187 2171 1231 Neque
2191 1187 2284 1221 enim
2310 1196 2372 1230 pe-

1287 1231 1655 1311 ffissssreffiffimimus
1687 1243 1752 1267 nec
1785 1233 1889 1267 alteri
1913 1232 2087 1274 omnium,
2121 1237 2160 1266 ut
2190 1232 2371 1267 subiectos

134 1321 195 1354 τὰς
225 1318 390 1354 εὐθυνας.
446 1333 528 1354 ουτε
558 1318 629 1367 γὰρ
659 1319 856 1377 χρημάτων
879 1318 1106 1375 ἐίφεισάμεθα
1136 1319 1273 1355 οὖτεῖὃ

134 1366 254 1410 ἑτέρου
278 1367 355 1399 τῶν
380 1362 532 1400 πάντων
556 1362 710 1407 οὐδενος,
736 1379 795 1399 ινα
820 1379 861 1399 το
883 1378 1042 1409 υπηκοον
1064 1365 1216 1410 περισώ-

135 1423 266 1444 σωιιεν.

1128 1502 1286 1537 CAPUT
1313 1502 1373 1537 IV.

179 1571 242 1602 Δεῖ
266 1567 305 1602 δὲ
329 1566 441 1603 αὐτὸν
474 1572 531 1602 καὶ
557 1570 618 1612 τῆς
650 1570 726 1603 τῶν
751 1567 896 1604 πόλεων
921 1568 1108 1613 εὐκοσμίας
1133 1583 1218 1617 προ·

133 1617 247 1647 νοεῖν·
292 1618 351 1647 καὶ
388 1616 535 1660 πρῶτον
573 1617 639 1658 μὲν
675 1612 834 1648 στάσεως
873 1613 1118 1650 ἀπαλλάττειν
1157 1614 1219 1649 τὰς

1335 1571 1484 1615 Oportet
1509 1581 1650 1615 quoque
1683 1581 1762 1606 eum
1795 1573 1831 1606 et
1863 1571 2044 1607 civitatum
2077 1571 2220 1605 ornatui
2253 1571 2371 1615 provi-

1288 1616 1386 1650 dere:
1418 1617 1459 1650 'et
1491 1617 1644 1659 primum
1676 1618 1818 1661 quidem
1848 1617 2024 1652 seditione
2057 1618 2210 1651 liberare
2241 1616 2308 1650 sub
2335 1627 2372 1651 se

132 1655 196 1693 ὑπ’
225 1656 323 1712 αὐτῷ
349 1663 568 1705 τεταγμένας
592 1658 730 1700 πόλεις,
763 1660 829 1702 τὴν
854 1660 1003 1703 ἰσότητα
1030 1662 1216 1703 πανταχοῦ
1232 1663 1273 1695 30
1287 1660 1423 1704 positas
1447 1661 1618 1703 civitates,
1645 1663 1861 1705 aequitatem
1882 1664 2014 1707 ubique
2038 1667 2249 1703 servantem,
2276 1665 2311 1695 et
2333 1664 2373 1695 ut

134 1703 363 1746 διασωζοντα
393 1708 451 1738 καὶ
482 1705 545 1738 τοῦ
569 1703 682 1749 μηδὲν
712 1709 784 1738 τοῖς
811 1703 979 1748 ὑπηκόοις
1004 1705 1121 1739 ἐνδεῖν
1149 1708 1218 1740 πᾶ-

137 1753 145 1782 l
204 1760 274 1782 σαν
298 1749 494 1793 τιθέμενον
519 1749 706 1796 πρόνοιαν.
752 1749 857 1783 Ἀλλὰ
880 1749 970 1795 μηδὲ
996 1753 1074 1784 τῶν
1098 1753 1216 1797 ἔργων

132 1795 208 1827 τῶν
227 1792 370 1828 πόλεων
394 1792 547 1838 ἀμελεῖν,
573 1793 671 1830 ὅπως
694 1794 740 1829 ἄν
760 1794 851 1839 μηδὲ
875 1794 966 1829 κατὰ
987 1797 1094 1830 τοῦτο
1116 1796 1217 1830 ἐλατ-

133 1842 253 1873 τοῖντο
276 1837 364 1883 μήτε
388 1839 422 1873 οἱ
445 1841 523 1874 τῶν
547 1837 692 1892 ᾗδάτων
716 1840 814 1896 ολκοέ
838 1839 926 1896 μήτε
952 1841 991 1875 αἱ
1011 1842 1087 1875 τῶν
1105 1855 1214 1887 γεφυ-

1287 1705 1375 1739 nihil
1400 1706 1570 1740 subiectis
1595 1706 1697 1747 desit,
1724 1718 1863 1742 omnem
1889 1718 2021 1752 ponere
2045 1707 2316 1752 providentiam.

1287 1752 1307 1785 1
1355 1750 1424 1785 Sed
1448 1761 1515 1785 nec
1540 1762 1651 1796 opera
1676 1752 1859 1787 civitatum
1884 1755 2078 1797 neglegere,
2110 1758 2284 1796 quatenus
2310 1762 2371 1786 ne-

1286 1806 1355 1840 que
1391 1796 1588 1830 secundum
1626 1798 1695 1832 hoc
1733 1798 1939 1833 minuantur
1975 1808 2089 1842 neque
2125 1798 2371 1841 aquaeductus

1287 1851 1399 1884 neque
1419 1842 1581 1885 pontium
1607 1843 1778 1878 transitus
1804 1853 1918 1887 neque
1935 1854 2116 1878 murorum
2143 1842 2285 1877 cautela
2308 1852 2370 1876 ne-

133 1885 209 1929 ρῶν
241 1883 396 1931 πάροδοι
426 1883 516 1929 μήτε
548 1899 568 1928 η
597 1887 675 1919 τῶν
704 1899 835 1927 τειχων
867 1885 1044 1931 ασφάλεια
1074 1886 1164 1931 μήτε
1196 1883 1272 1928 ἡ35
1286 1896 1355 1931 que
1379 1887 1547 1921 itinerum
1579 1887 1777 1931 diligentia,
1812 1889 1873 1924 sed
1898 1889 2016 1923 omnia
2049 1889 2226 1931 corrigere
2259 1890 2295 1922 et
2326 1887 2371 1921 ad

132 1930 210 1965 τῶν
234 1927 331 1963 ὁδῶν
357 1929 556 1973 ἐπιμέλεια·
585 1928 678 1964 ἀλλὰ
696 1933 817 1965 πάντα
842 1933 1088 1977 ἐπανορθοῦν,
1114 1929 1215 1975 ἢκαὶ
1286 1942 1350 1967 nos
1388 1932 1572 1974 nuntiare,
1617 1939 1794 1977 quatenus
1829 1934 1901 1968 alia
1944 1934 2086 1978 quidem
2128 1943 2172 1967 ex
2210 1932 2371 1968 civilibus

133 1976 180 2008 εἰς
213 1972 300 2019 ἡμᾶς
327 1974 493 2019 μηνύειν,
525 1972 623 2010 ὅπως
652 1975 698 2009 ἂν
729 1975 774 2009 τὰ
805 1979 872 2020 μὲν
902 1979 940 2010 ἐκ
969 1978 1047 2011 τῶν
1079 1977 1215 2012 πολιτι-
1286 1977 1507 2021 quaestibus,
1539 1978 1608 2012 alia
1632 1989 1713 2013 vero
1739 1989 1782 2013 ex
1807 1979 1910 2014 nobis
1934 1980 2052 2014 valeat
2076 1987 2254 2023 reparare.

133 2020 209 2053 κιῦν
242 2019 385 2065 πόρων,
420 2020 466 2054 τὰ
501 2018 540 2054 δὲ
576 2022 614 2061 ἐξ
650 2018 753 2063 ἡμῶν
785 2023 1019 2068 ἐπανορθοῦν
1053 2022 1212 2064 ἰσχύσειε.

132 2065 156 2099 2
209 2067 437 2112 Παρατηρεῖν
470 2063 509 2098 δὲ
539 2064 580 2099 τὸ
609 2065 701 2110 μηδὲ
732 2069 805 2100 τοῖς
838 2069 950 2100 ἐκεῖσε
975 2069 1154 2112 φοιτῶσιν
1178 2069 1216 2100 ἐκ
1285 2068 1308 2102 2
1357 2068 1490 2103 Cavere
1523 2072 1641 2102 autem
1674 2068 1747 2103 illic
1777 2069 1966 2104 venientes·
1989 2079 2011 2104 a
2041 2069 2217 2104 iudicibus
2243 2077 2370 2103 execu-

131 2111 209 2144 τῶν
225 2108 413 2155 ἀρχόντων
434 2108 654 2156 πράκτορσιν
670 2110 797 2144 ἄδειαν
814 2112 907 2145 εἶναι
929 2113 1008 2146 τοὺς
1027 2110 1214 2157 ἡμετέρους
1229 2116 1270 2146 40
1286 2115 1395 2155 tores,
1430 2124 1475 2147 ne
1499 2114 1643 2148 licentia
1667 2113 1713 2147 sit
1737 2114 1787 2148 eis
1813 2118 1956 2148 nostros
1980 2115 2161 2148 subiectos
2190 2115 2226 2148 in
2250 2114 2370 2158 aliquo

131 2154 304 2198 ὑπηκόους
336 2156 426 2188 κατά
457 2170 491 2189 τι
523 2157 674 2200 ζημιοῦν
702 2154 724 2199 ἢ
746 2154 929 2202 βαρύνειν,
961 2155 1052 2202 μηδὲ
1079 2159 1213 2191 ταύτας
1283 2162 1347 2192 aut
1370 2158 1512 2193 laedere
1542 2163 1605 2192 aut
1629 2168 1795 2199 onerare,
1830 2169 1944 2203 neque
1975 2159 2066 2194 haec
2096 2159 2261 2193 videlicet
2285 2169 2369 2194 con-

132 2257 248 2291 iurias
272 2257 320 2291 ibi
344 2261 513 2302 acceptas
533 2258 717 2302 reqionem
742 2257 910 2292 deserant
934 2261 969 2291 et
993 2258 1187 2291 continuas
1211 2257 1314 2292 nobis
1339 2258 1522 2292 molestias
1543 2258 1742 2302 facessant.
1804 2257 1877 2292 Sed
1899 2258 1977 2303 ipse
1993 2259 2104 2303 prius
2128 2271 2253 2294 eorum
2277 2270 2371 2305 quae

132 2302 182 2336 ad
204 2313 284 2336 eum
308 2301 528 2346 deferuntur
551 2302 719 2347 coqnitor
739 2302 809 2346 fiat
832 2311 946 2345 eaque
970 2301 1153 2343 diiudicet,
1178 2313 1222 2336 ac
1246 2313 1387 2347 semper
1411 2301 1562 2336 lionoris
1586 2313 1689 2347 quem
1714 2303 1747 2337 ei
1773 2302 1963 2337 tribuimus
2006 2313 2141 2337 memor
2170 2304 2220 2338 sit
2246 2305 2371 2349 itaque

134 2347 292 2381 muneris
316 2347 471 2391 neqotiis
499 2347 693 2392 funqatur,
727 2351 767 2380 ut
791 2346 963 2380 laudatus
994 2346 1069 2391 ipsi
1098 2351 1133 2380 et
1153 2347 1293 2392 inteqer
1326 2347 1373 2381 sit
1397 2347 1643 2391 maqistratus.
1700 2348 1818 2392 Atque
1847 2346 1940 2381 illud
1970 2351 2069 2382 certo
2101 2348 2196 2382 sciat
2225 2359 2303 2389 nos,
2336 2350 2371 2383 si

135 2391 276 2436 quidem
301 2392 383 2437 quis
406 2401 474 2425 nos
502 2390 645 2433 adierit,
676 2392 741 2436 qui
763 2402 836 2425 non
868 2390 917 2425 ad
947 2390 1047 2424 illum
1072 2390 1242 2426 detulerit
1274 2392 1431 2425 iniurias
1461 2402 1548 2425 suas
1576 2402 1691 2436 neque
1723 2402 1771 2426 an
1803 2392 1860 2426 ius
1889 2398 2171 2436 consequeretur
2194 2397 2370 2439 expertus

134 2437 190 2479 sit,
221 2436 315 2470 bunc
347 2435 396 2470 ad
418 2447 497 2470 eum
522 2436 695 2470 missuros
727 2446 804 2470 esse
836 2435 936 2470 nullo
968 2446 1145 2481 responso
1180 2436 1267 2470 dato
1276 2448 1289 2476 ,·
1326 2436 1384 2470 sin
1406 2441 1525 2470 autem
1555 2436 1725 2471 detulerit
1756 2447 1822 2472 nec
1853 2447 1937 2471 vero
1972 2437 2030 2471 ius
2053 2443 2266 2472 consecutus
2296 2443 2369 2472 tum

134 2481 272 2516 (temam
298 2492 363 2516 nos
387 2481 506 2522 adeat,
531 2485 615 2515 tunc
638 2491 706 2514 nos
730 2481 802 2515 iam
826 2491 899 2514 non
922 2480 988 2520 illi,
1017 2480 1082 2515 sed
1103 2480 1175 2526 ipsi
1199 2481 1262 2525 qui
1286 2481 1540 2527 maqistratum
1563 2482 1660 2527 qerit
1688 2481 1825 2516 iudices
1855 2492 1932 2516 esse
1959 2482 2121 2527 futuros.
2177 2481 2226 2516 Et
2248 2483 2369 2528 quem-

135 2526 328 2560 admodum
353 2526 524 2560 bonorem
549 2527 582 2559 ei
606 2526 818 2571 ampliorem
842 2525 1074 2567 reddidimus,
1100 2526 1153 2559 ita
1177 2527 1296 2567 etiam,
1327 2527 1359 2559 si
1383 2537 1461 2560 enm
1486 2526 1610 2561 leviter
1634 2537 1743 2572 aqere
1769 2531 1804 2561 et
1828 2527 1872 2560 iis
1894 2537 1987 2571 quae
2010 2527 2048 2560 in
2071 2527 2189 2573 ipsum
2215 2528 2367 2563 contuli-

134 2582 212 2605 mus
236 2571 468 2616 neqleqenter
491 2571 545 2605 uti
568 2570 819 2611 invenerimus,
845 2570 983 2616 leqibus
1004 2581 1107 2616 opem
1127 2571 1290 2614 feremus
1314 2576 1347 2605 et
1368 2571 1495 2605 merito
1526 2571 1564 2605 in
1585 2583 1663 2606 eum
1686 2571 2030 2606 animadvertemus:
2066 2577 2175 2617 atque
2195 2572 2289 2607 sicut
2307 2572 2369 2607 ille

133 2626 199 2650 'lec
223 2616 329 2650 verba
363 2619 490 2650 nostra
523 2626 588 2650 nec
620 2616 716 2661 leqes
752 2626 816 2650 nec
845 2615 1082 2660 maqistratas
1110 2616 1264 2660 speciem
1297 2620 1452 2657 veretur,
1485 2616 1537 2650 ita
1570 2627 1614 2650 ne
1646 2626 1714 2651 nos
1743 2616 1887 2661 quidem
1919 2618 2037 2662 ipsum
2063 2617 2273 2659 verebimur,
2306 2618 2370 2652 sed

133 2661 257 2696 eodem
282 2672 361 2694 eum
388 2660 622 2695 tractabimus
644 2660 751 2695 modo
777 2671 849 2706 quo
874 2661 953 2705 ipse
977 2660 1214 2706 maqistratus
1238 2661 1393 2705 neqotiis
1415 2661 1568 2705 fiinclus
1592 2662 1682 2703 erit;
1717 2668 1751 2696 et
1775 2662 1848 2697 sive
1871 2672 1949 2696 eum
1974 2662 2082 2707 puris
2105 2661 2271 2696 manibus
2295 2674 2368 2696 non

133 2706 188 2741 uti
209 2706 283 2741 sive
306 2705 462 2751 affectus
493 2705 647 2740 alicuius
679 2707 857 2740 rationem
882 2705 1013 2740 nabere
1035 2705 1108 2740 sive
1136 2710 1283 2739 nostras
1315 2705 1411 2750 leqes
1441 2706 1579 2741 violare
1603 2706 1851 2747 invenerimus,
1884 2716 1952 2740 nos
1975 2707 2008 2741 ei
2035 2707 2231 2741 secund-um
2255 2707 2368 2752 leqem

133 2752 294 2786 rationes
319 2749 562 2795 reposcendas
586 2751 849 2786 intentabimus.
912 2749 1037 2795 Neque
1061 2750 1152 2785 enim
1172 2750 1341 2795 pecuniis
1372 2761 1488 2794 neque
1519 2751 1585 2784 ulli
1610 2751 1756 2785 omnino
1789 2751 1843 2786 rei
1864 2752 2108 2797 pepercimus,
2141 2757 2180 2786 ut
2204 2752 2369 2787 subditos

132 2806 366 2831 servaremus.

269 2841 328 2876 IV.
389 2840 586 2875 Praeterea
624 2844 768 2886 oportet
801 2852 879 2875 eum
917 2841 1100 2875 civitatum
1137 2839 1351 2884 disciplinae
1387 2839 1600 2885 providere,
1638 2852 1681 2876 ac
1707 2842 1868 2886 primum
1900 2841 2042 2886 quidem
2079 2853 2102 2876 a
2133 2841 2368 2877 seditionibus

134 2886 288 2922 liberare
321 2885 483 2920 civitates
512 2885 581 2919 sibi
610 2885 792 2927 subditas,
824 2885 877 2919 ita
908 2890 948 2920 ut
980 2886 1199 2930 aequitatem
1230 2883 1362 2928 ubique
1390 2889 1507 2919 servet
1538 2896 1748 2931 omnemque
1777 2896 1902 2920 curam
1932 2885 2118 2928 adhibeat,
2149 2897 2194 2921 ne
2224 2887 2300 2921 ulla
2328 2898 2368 2922 re

133 2935 153 2967 1
201 2935 350 2966 careant
369 2930 514 2965 subditi.
564 2930 690 2975 Neque
711 2941 794 2965 vero
818 2941 931 2976 opera
950 2929 1099 2976 publica
1118 2929 1302 2964 civitatum
1328 2929 1508 2974 παρίεμαι,
1530 2934 1570 2964 ut
1590 2942 1634 2965 ne
1655 2930 1722 2965 hoc
1743 2930 1886 2976 quidem
1905 2932 1942 2965 in
1962 2942 2094 2975 qenere
2114 2931 2172 2966 vel
2189 2942 2367 2977 aquarum

134 2976 263 3011 ductus
295 2976 350 3011 vel
401 2975 538 3009 ontium
572 2975 744 3009 traiectus
774 2975 830 3010 vel
858 2986 1043 3009 nzurorum
1069 2974 1234 3009 custodia
1267 2973 1323 3008 vel
1346 2974 1482 3008 viarum
1513 2985 1602 3008 cura
1627 2976 1874 3017 imminuatur,
1903 2977 1967 3010 sed
1991 2976 2111 3010 omnia
2136 2977 2286 3021 reficiat,
2315 2977 2368 3011 vel

133 3021 157 3056 2
203 3021 310 3055 etiam
334 2985 397 3054 af
405 3030 474 3054 nos
496 3019 649 3064 reserat,
683 3026 723 3054 ut
746 3020 821 3054 alia
845 3030 894 3054 ex
918 3019 1093 3054 reditibus
1117 3018 1290 3060 civilibus,
1323 3018 1398 3052 alia
1422 3029 1472 3053 ex
1495 3020 1632 3053 nostris
1657 3031 1696 3054 re
1725 3030 1804 3055 cere
1825 3019 1952 3055 valeat.
2027 3020 2156 3056 Caveat
2177 3026 2295 3056 autem
2324 3032 2369 3056 ne

134 3064 388 3106 eoeactoribus,
419 3064 482 3109 qui
505 3064 592 3099 illuc
616 3069 815 3099 commeant
839 3075 861 3098 a
886 3063 1161 3109 maqistratibus
1184 3063 1295 3104 missi,
1331 3064 1475 3097 licentia
1505 3063 1610 3098 detur
1638 3075 1681 3099 su
1706 3064 1801 3099 ditos
1829 3068 1976 3099 nostros
2005 3065 2043 3098 in
2068 3065 2144 3099 ulla
2174 3076 2214 3100 re
2235 3066 2367 3101 damno

1342 3168 1355 3198 1
1385 3167 1494 3196 autem
1519 3176 1576 3197 om.
1603 3165 1633 3196 V
1655 3164 1667 3207 ΙΙ
1699 3166 1718 3197 2
1742 3166 1785 3196 sit
1811 3166 1857 3205 T]
1883 3168 1942 3197 aut
1974 3167 2004 3197 V
2031 3165 2089 3198 fiat
2113 3166 2207 3198 Beck
2236 3164 2248 3208 Η
2276 3165 2368 3207 prius

1287 3210 1393 3249 Beck]
1419 3210 1546 3250 primus
1572 3210 1649 3241 libri
1674 3208 1687 3252 ΙΙ
1717 3211 1735 3242 3
1757 3219 1915 3250 seperque
1948 3210 1981 3243 V
2001 3210 2013 3253 ll
2045 3213 2064 3243 5
2089 3213 2127 3242 ut
2150 3209 2266 3242 labiles
2300 3211 2329 3242 1⁷

1287 3255 1344 3286 fiat
1367 3253 1623 3286 amministratio
1646 3253 1704 3285 fiat
1728 3253 1783 3297 VH
1808 3256 1827 3287 6
1852 3254 1960 3296 aliqui
1981 3254 2037 3298 VH
2063 3257 2079 3287 7
2107 3255 2257 3286 insinuat
2281 3255 2333 3287 Va

1287 3301 1306 3332 8
1329 3299 1443 3341 opiens
1473 3299 1528 3338 Vll
1552 3300 1572 3331 9
1598 3299 1802 3331 remittemus
1826 3300 1911 3342 vuly.
1937 3299 1949 3343 ΙΙ
1976 3301 2012 3333 11
2041 3300 2168 3341 adeptis
2198 3299 2292 3332 V²T
2311 3300 2367 3332 ad-

194 3168 208 3199 1
244 3161 332 3208 ἡμᾶς
357 3165 387 3197 L
415 3164 427 3207 ΙΙ
458 3167 477 3198 2
509 3162 692 3211 ἀκροατὴς]
727 3165 826 3196 iudex
852 3176 870 3200 ς
901 3165 912 3205 ll
939 3164 1107 3210 γενέσθω
1145 3166 1170 3197 L
1207 3164 1218 3208 Η

136 3214 155 3245 6
178 3211 311 3243 έκεῖνο*
329 3210 374 3242 L¹
395 3210 406 3253 ΙΙ
423 3212 440 3242 ’7
465 3209 506 3250 εἰ]
524 3207 544 3251 ἡ
564 3211 609 3242 L¹
628 3210 640 3253 ΙΙ
659 3212 677 3242 8
700 3208 987 3253 ἀποπειρασθεῖς
1002 3209 1048 3241 L⁰
1069 3210 1079 3250 ΙΙ
1096 3212 1115 3242 9
1137 3221 1216 3254 τυγ-

135 3254 223 3298 χάνη
239 3256 268 3288 L
288 3254 299 3299 ΙΙ
322 3258 358 3287 10
382 3252 635 3297 μεταδιδόντες
656 3255 691 3287 Β
715 3253 764 3297 μὴ
783 3251 1000 3297 μεταδόντες
1022 3254 1069 3286 L2
1088 3254 1099 3296 ΙΙ
1116 3254 1146 3286 εἰ
1167 3250 1217 3294 δὲ]

136 3315 194 3335 om.
216 3301 262 3333 L¹
294 3299 324 3331 εἰ
349 3296 390 3331 δέ
411 3310 464 3332 τις
488 3296 587 3332 αὐτῶ
612 3300 661 3332 L2
686 3299 697 3342 ΙΙ
726 3301 766 3332 12
790 3295 864 3339 οὐκ]
893 3312 954 3328 *u
984 3298 1058 3342 [1¹11
1083 3297 1124 3331 τὸ
1147 3296 1217 3331 λοι-

136 3345 208 3379 πὸν
234 3353 262 3378 et
286 3342 385 3386 αὐτῷ
412 3358 468 3377 om.
489 3356 508 3379 ς
524 3343 535 3387 ΙΙ
561 3346 596 3377 16
618 3340 755 3387 ἀμελῶς
780 3343 828 3376 L2
844 3344 855 3386 l}
874 3340 1115 3386 προσήκοντος
1140 3344 1181 3376 L¹
1207 3342 1218 3388 ΙΙ

137 3393 175 3424 21
203 3392 287 3431 τοῖς]
318 3388 386 3431 τὴν
412 3390 456 3421 L¹
487 3389 498 3432 ΙΙ
528 3386 696 3431 χρήσεται
721 3389 801 3428 LB]
833 3387 1008 3433 χρήσηται
1038 3389 1079 3420 Μ
1109 3390 1120 3431 ΙΙ
1148 3388 1218 3421 εἴτε

139 3435 240 3478 ῙοΒς]
266 3434 302 3467 εἴ
319 3448 355 3467 τι
382 3434 427 3466 Μ
443 3434 455 3477 ΙΙ
474 3436 515 3467 23
541 3436 810 3479 παραβαίνοντι
836 3434 882 3465 L¹
899 3434 910 3475 ΙΙ
939 3435 981 3466 24
1009 3428 1131 3476 *ἡμεῖς
1153 3434 1183 3466 L
1209 3432 1219 3477 [1

137 3479 233 3521 ἡμεῖς
256 3498 302 3503 -
326 3476 439 3521 νόμον
465 3492 522 3511 om.
538 3479 573 3510 B
590 3478 601 3522 ΙΙ
621 3477 753 3520 νόμον]
779 3478 868 3519 leges
893 3489 912 3513 ς
937 3477 948 3520 ΙΙ
973 3479 1014 3511 25
1040 3474 1151 3510 *οὐδὲ
1175 3498 1217 3501 —

137 3521 220 3557 οὐδὲ
242 3526 318 3558 libri
332 3524 344 3568 ΙΙ
364 3526 406 3557 26
431 3524 508 3557 τῶν
532 3520 730 3568 παρόντων
755 3523 786 3555 L
805 3522 870 3565 1131
908 3519 1025 3554 ἐνδεῖν
1051 3523 1139 3563 ΜΒ]
1165 3523 1217 3555 ἐν·

138 3566 280 3602 διδόναι
310 3570 342 3602 L
371 3569 383 3614 ss
415 3571 456 3602 34
478 3582 527 3611 sq.
560 3566 678 3610 *μηδὲ
701 3587 743 3591 -
767 3564 858 3610 μηδὲ
882 3587 924 3590 -
949 3563 1040 3610 μηδὲ
1064 3586 1105 3590 ——
1130 3564 1220 3610 μηδὲ

140 3615 217 3647 libri
240 3614 252 3656 ΙΙ
279 3612 315 3646 οἱ
335 3627 394 3648 om.
410 3615 458 3646 B⁰
483 3612 496 3657 ss
524 3615 566 3647 36
591 3609 612 3654 ἢ
634 3615 705 3653 καὶ]
732 3615 765 3644 et
788 3623 807 3648 ς·
826 3614 837 3650 ΙΙ
867 3614 908 3645 39
934 3614 1157 3657 παρατηρεῖν
1181 3609 1220 3644 δὲ

139 3655 219 3690 τοὺς
248 3659 358 3691 ἐκεῖσε
384 3659 429 3691 L¹
465 3656 514 3701 μὴ
543 3659 775 3703 παραχωρεῖν
805 3654 844 3690 δὲ
877 3659 948 3690 τοῖς
981 3659 1092 3689 ἐκεῖσε
1119 3657 1164 3690 [⁴²
1211 3657 1221 3700 {j

145 3705 183 3736 14
210 3704 369 3746 ζημιοῦν]
395 3707 452 3735 aut
477 3703 606 3735 laedere
631 3715 650 3738 ς

1284 3342 1404 3385 emptis
1425 3342 1473 3375 V¹
1491 3342 1503 3385 ΙΙ
1526 3342 1567 3374 ad
1589 3356 1645 3375 om.
1670 3343 1726 3384 Vll
1754 3345 1794 3377 13
1818 3343 1847 3375 si
1870 3343 2097 3375 inuemremus
2124 3343 2157 3376 T
2176 3342 2242 3375 sibi
2266 3354 2367 3376 uene-

1284 3387 1388 3419 rimus
1410 3387 1441 3419 V
1454 3386 1466 3429 ΙΙ
1494 3389 1533 3419 14
1554 3388 1664 3419 utenti
1686 3388 1740 3431 Vl}
1759 3388 1995 3420 auxiliabimus
2018 3389 2050 3420 V
2067 3387 2287 3420 auxiliabitur
2307 3389 2337 3420 T
2356 3387 2368 3430 ΙΙ

1292 3436 1330 3467 15
1356 3433 1591 3474 castigauimus
1623 3431 1679 3475 Vn
1703 3435 1736 3464 et
1760 3433 1858 3473 sicut]
1883 3432 1938 3464 sed
1962 3433 2048 3464 sicut
2075 3432 2152 3465 libri
2175 3431 2188 3476 ss
2218 3434 2258 3466 16
2282 3432 2368 3474 legis

1300 3479 1327 3509 V
1334 3479 1376 3510 al.
1395 3477 1406 3520 ΙΙ
1426 3476 1553 3517 cinguli
1570 3477 1613 3517 T]
1635 3476 1766 3509 uinculi
1789 3477 1866 3510 Val.
1883 3476 1896 3521 ΙΙ
1921 3478 1957 3510 18
1983 3476 2292 3518 administrationis]
2310 3478 2368 3510 ad-

1289 3521 1590 3553 ministrationibus
1616 3522 1693 3555 libri
1716 3522 1727 3564 ΙΙ
1762 3523 1797 3554 19
1822 3523 1928 3563 puris]
1953 3522 2046 3564 prius
2079 3522 2113 3554 V
2130 3520 2142 3566 ss
2167 3523 2208 3555 22
2235 3524 2293 3565 leq.
2319 3533 2367 3554 se-

1290 3567 1435 3598 cundum
1448 3565 1577 3607 legem?
1597 3567 1608 3608 11
1625 3567 1667 3599 28
1687 3566 1872 3608 providere]
1897 3569 1929 3598 et
1940 3566 2117 3608 prouidere
2138 3565 2195 3610 Vll
2211 3568 2254 3601 30
2275 3568 2368 3608 equi-

1289 3614 1372 3643 tates
1390 3611 1448 3643 ubi
1469 3612 1654 3643 seruantem
1676 3611 1733 3653 Vll
1751 3613 1792 3645 35
1817 3611 1982 3643 itenerum
2004 3611 2056 3644 Va
2074 3610 2087 3655 ΙΙ
2104 3612 2144 3644 37
2171 3622 2369 3655 praeparare

1297 3657 1326 3689 T
1344 3656 1357 3699 ΙΙ
1381 3658 1421 3690 39
1448 3656 1630 3696 uenientes]
1656 3656 1828 3688 uenientes
1852 3659 1963 3688 autem
1989 3657 2015 3690 V
2038 3656 2250 3689 uenientibus
2278 3657 2309 3690 T
