2618 4010
273 154 381 200 Nov.
417 155 512 199 0111
540 167 602 210 pr.
1336 149 1420 199 496
1777 168 1839 201 nn
1865 167 2154 202 Pnooonsnm
2181 159 2490 210 PAnAns'rmAn

783 299 834 343 ‘ff
1905 311 1986 348 om
2194 312 2303 348 Auth.
2318 310 2485 347 xxxm.

382 373 559 427 ΠΕΡΙ
596 373 740 427 TOY
777 373 1239 428 ANeYnATOY
1489 376 1542 426 R
1571 378 1664 426 DE
1699 338 2139 432 PRoooNsULE
2175 381 2414 431 PALAE-

542 441 1076 494 ΠΑΛΑΙΣΤΙΝΗΣ
1794 444 2042 497 sTmAE
2069 449 2123 498 R

271 516 425 565 Ἐγριὶφη
446 516 599 567 Ἰωάννῃ
629 521 681 562 τῷ
708 518 934 562 ἐνδοξοτάτῳ
963 519 1109 564 ἐπάρχῳ
1141 521 1218 554 τῶν
1241 520 1349 566 ἱερῶν
1720 521 1819 556 Idem
1841 522 1932 567 Aug.
1954 522 2103 560 Iohanni
2125 535 2184 570 pp.

336 568 572 611 πραιτωρίων
594 563 638 599 τὸ
663 563 716 609 β’,
741 562 813 598 ἀπὸ
839 562 994 599 ὑπάτων
1016 568 1076 598 καὶ
1100 569 1289 610 πατρικίῳ.
1384 566 1404 599 5

324 635 380 674 (Π
385 631 618 677 ροοίμιον.)
659 629 748 675 Ἤδη
771 633 838 676 μὲν
861 634 922 665 καὶ
942 630 1050 666 ἄλλοις
1072 632 1200 666 ἐθνῶν
1223 630 1348 679 ἡγεμο-
1474 630 1765 677 (Praefatio.)
1811 633 1886 668 Iam
1903 633 2043 678 quidem
2059 638 2095 670 et
2109 635 2198 671 alios
2213 637 2370 681 gentium
2386 646 2487 681 prae-

269 680 346 711 νίας
381 679 520 721 μείζους
555 675 827 721 κατεστήσαμεν
863 676 1057 720 χθαμαλάς
1095 690 1135 711 τε
1171 677 1349 722 πρότερον
1418 675 1554 711 sidatus
1585 677 1735 712 maiores
1768 679 2018 714 constituimus
2049 679 2196 716 humiles
2226 681 2389 726 primitus
2414 681 2486 716 exi-

268 721 376 756 οὗσας
397 725 458 756 καὶ
482 720 657 768 πράττειν
679 719 759 756 οὐδ’
779 719 905 756 ὁτιοῦν
928 723 1006 756 τῶν
1029 724 1349 768 έρρωμενεστέρων
1418 725 1551 757 Stentes
1575 727 1610 757 et
1633 732 1738 766 agere
1761 723 1848 758 nihil
1873 723 2125 759 validissimum
2147 728 2325 778 potentes,
2357 730 2393 762 et
2415 731 2488 761 tam

269 765 486 811 δυναμένας,
513 770 573 801 καὶ
595 768 703 801 τοῦτο
726 769 793 811 μὲν
817 767 1046 812 spectabilius
1068 767 1348 811 κατεστήσαμεν,
1418 766 1630 819 spectabiles
1655 768 1842 803 statuimus
1871 777 1977 813 quam
2002 768 2107 804 etiam
2137 778 2187 804 els
2211 780 2369 807 annonas
2392 772 2488 807 adie-

268 814 375 846 τοῦτο
400 810 440 846 δὲ
463 809 587 846 αὐταῖς
609 809 814 857 ηὐξήσαμεν
836 811 901 846 τὰς
918 813 1073 855 σιτήσεις
1098 811 1286 855 παρέδροις
1309 826 1348 846 τε
1366 815 1404 848 10
1420 821 1530 847 cimus
1556 813 1840 858 consiliariisque
1863 818 1898 849 et
1922 813 2052 855 officio,
2082 817 2119 848 et
2141 813 2211 849 alia
2233 815 2351 850 omnia
2372 815 2490 862 largiti

268 861 328 891 καὶ
350 856 469 899 τάξει,
499 861 558 891 καὶ
587 857 634 891 τὰ
658 856 749 891 ἄλλα
773 856 897 892 πάντα
921 857 1259 903 ἐφιλοτιμησάμεθα
1287 859 1347 903 ἐφ-
1416 867 1549 900 sumus,
1582 860 1617 892 et
1639 858 1896 902 appellationes
1927 858 2051 894 audire
2074 858 2244 900 dedimus,
2277 861 2314 895 et
2336 870 2487 904 procon-

268 902 382 936 ἐσεών
404 915 444 936 τε
468 899 612 936 ἀκούειν
636 900 862 945 δεδώκαμεν
895 906 955 935 καὶ
987 903 1051 936 τὰς
1073 905 1141 947 μὲν
1164 906 1241 937 ταῖς
1271 905 1348 937 τῶν
1417 902 1533 937 sulum
1568 902 1708 955 quidem
1745 903 1992 939 adornavimus
2028 904 2179 945 honore,
2214 914 2338 940 eorum
2370 909 2489 942 autem

269 946 502 982 ἀνθυπάτων
526 947 820 991 έπεκοσμήσαμεν
843 951 961 991 τιμαῖς
985 946 1049 982 τὰς
1072 946 1111 981 δὲ
1131 949 1208 981 τῶν
1224 947 1344 981 καλου-
1417 947 1477 991 qui
1501 952 1646 983 com1tes
1670 950 1855 991 vocantur,
1880 952 1916 984 et
1938 949 2027 984 alias
2051 951 2255 994 praetorum
2279 953 2315 985 et
2330 950 2487 986 modera-

267 996 389 1037 με’νων
418 1006 458 1027 κο
487 992 587 1036 ήτων
618 996 678 1026 καὶ
706 993 825 1038 ἐτέρας
856 992 1077 1037 πραιτώρων
1107 996 1167 1026 καὶ
1198 990 1347 1038 μοδερα-
1416 995 1533 1027 torum
1551 993 1886 1037 administrationes,
1911 998 1946 1029 et
1962 1004 2101 1039 semper
2120 994 2168 1029 ali
2193 994 2254 1029 uid
2273 994 2489 1030 invenientes

267 1037 400 1082 τώρων
423 1037 446 1070 ἅ
471 1037 550 1078 Zac,
583 1041 643 1072 καὶ
667 1035 724 1071 ἀεί
745 1051 780 1071 τι
805 1038 1151 1092 προςεξευρίσκοντες
1180 1036 1347 1083 λαμπρὸν
1364 1040 1402 1072 15
1417 1038 1552 1072 clarum
1587 1042 1731 1073 nostrae
1762 1039 1978 1085 reipublicae
2008 1050 2136 1074 novum
2191 1038 2326 1075 edimus
2355 1038 2488 1075 florem.
2520 1043 2530 1049 ”

268 1085 314 1126 τῆ
345 1080 438 1117 καθ’
464 1080 555 1127 ἡμᾶς
586 1082 751 1126 πολιτείᾳ
782 1086 864 1117 νεόν
889 1081 1096 1127 δεδωκαμεν
1127 1082 1253 1117 ἄνθος.
1301 1084 1348 1117 εἰς
1415 1082 1457 1117 In
1481 1082 1637 1118 animum
1669 1093 1809 1129 quoque
1838 1088 1997 1119 nostrum
2027 1084 2122 1119 venit
2151 1087 2187 1119 et
2209 1084 2491 1120 Gaesariensium

269 1120 358 1162 νοῦν
390 1126 429 1162 δὲ
451 1126 538 1172 ἡμῖν
562 1123 656 1171 ἦλθε
687 1131 747 1161 καὶ
777 1127 798 1171 ἡ
833 1131 1049 1173 Καισαρέων
1078 1126 1298 1174 μητρόπολις
1325 1125 1346 1171 ἡ
1415 1128 1622 1172 metropolis
1635 1127 1861 1165 Palaestinae
1878 1129 2083 1175 praesidens
2100 1129 2245 1174 primae,
2262 1139 2366 1174 quam
2384 1139 2490 1175 opor-

269 1172 511 1215 Παλαιστίνης
533 1171 709 1219 ἡγουμένη
735 1174 796 1216 τῆς
819 1172 975 1218 πρώτης,
999 1170 1046 1216 ἣν
1061 1175 1168 1219 ἐχρῆν
1191 1177 1251 1207 καὶ
1275 1173 1346 1220 πρὸ
1415 1173 1515 1208 tebat
1546 1177 1582 1208 et
1604 1177 1690 1208 ante
1713 1174 1802 1210 alias
1834 1175 1967 1210 maiore
1992 1175 2127 1210 honore
2149 1174 2238 1216 frui,
2272 1184 2315 1210 eo
2339 1174 2433 1219 quod
2455 1178 2492 1210 et

267 1219 345 1252 τῶν
361 1217 484 1253 ἄλλων
498 1221 660 1263 μείζονος
676 1216 881 1253 ἀπολαῦσαι
899 1220 1011 1262 τιμῆς,
1032 1217 1128 1253 διότι
1144 1222 1204 1252 καὶ
1220 1218 1347 1264 πρώην
1416 1218 1550 1263 pridem
1582 1219 1773 1271 proconsul
1804 1229 1881 1254 eam
1904 1219 2040 1263 habuit,
2072 1223 2109 1255 et
2135 1223 2299 1264 praeerat
2327 1220 2361 1254 ei
2383 1228 2490 1265 quae-

269 1260 485 1298 ἆνθύπατος
509 1260 624 1307 αὐτὴν
648 1264 732 1305 εἶχε,
765 1266 825 1296 καὶ
850 1263 1050 1310 ἐφειστήκει
1083 1260 1175 1310 αὐτῇ
1198 1263 1346 1305 τοιαύτη
1361 1266 1402 1298 20
1417 1263 1497 1297 dam
1528 1263 1610 1299 talis
1642 1263 1914 1306 administratio,
1951 1268 1987 1300 et
2018 1275 2099 1300 cum
2132 1268 2227 1301 esset
2257 1264 2420 1308 nobilior,
2455 1265 2491 1299 in

269 1320 322 1343 τις
354 1306 461 1354 ἀρχή,
497 1312 557 1342 καὶ
589 1311 627 1342 ἐκ
659 1311 872 1354 σεμνοτέρας
906 1309 953 1342 εἰς
988 1307 1128 1343 ἐλάττω
1162 1308 1346 1354 μετέβαλε,
1415 1309 1549 1344 minore
1580 1309 1717 1344 ratione
1748 1312 1885 1345 mutata
1914 1313 1978 1353 est,
2012 1320 2091 1345 cum
2112 1319 2185 1345 una
2219 1309 2319 1363 prius
2350 1309 2491 1355 quidem

268 1355 351 1398 μιᾶς
374 1356 441 1398 μὲν
457 1354 669 1399 ἔμπροσθεν
692 1354 755 1397 τῆς
778 1350 861 1397 ὅλης
884 1352 990 1397 οὔσης
1014 1353 1267 1396 Παλαιστίνης,
1300 1355 1348 1388 εἰς
1415 1358 1492 1388 tota
1514 1353 1642 1389 fuisset
1662 1354 1876 1398 Palaestina,
1899 1355 1936 1390 in
1959 1358 2032 1390 tres
2056 1365 2140 1391 vero
2165 1355 2277 1391 divisa
2298 1359 2429 1400 partes,
2454 1356 2491 1390 et

268 1402 360 1445 τρεῖς
391 1397 430 1433 δὲ
457 1397 699 1445 διαιρεθείσης
721 1403 861 1444 μοίρας,
893 1402 953 1432 καὶ
976 1396 1060 1433 οὐδὲ
1091 1399 1153 1443 τῆς
1177 1396 1346 1434 ἀνθ’·υπα-
1416 1408 1529 1444 neque
1551 1399 1855 1444 proconsularitas
1879 1400 1911 1435 ei
1933 1400 2141 1442 mansisset,
2177 1400 2239 1436 sed
2269 1399 2306 1435 in
2334 1400 2403 1436 hac
2425 1400 2489 1435 ad-

268 1448 364 1478 τείας
387 1442 495 1487 αὐτῆς
517 1443 695 1488 μεινάσης,
727 1441 810 1478 ἀλλ’
834 1445 881 1478 εἰς
905 1441 1018 1489 ἀρχὴν
1041 1443 1179 1487 ταύτην
1211 1442 1255 1487 δὴ
1279 1444 1347 1487 τὴν
1416 1443 1676 1480 ministratione
1720 1455 1811 1490 quae
1847 1445 2027 1481 ordinaria
2061 1449 2288 1491 nuncupatur
2330 1445 2492 1491 deposita

269 1486 482 1535 ὀρδιναρίαν
516 1488 737 1532 καλουμένην
771 1492 1063 1532 κατενεχθείσης·
1101 1493 1257 1535 καίτοιγε
1289 1486 1346 1534 ἆρ-
1361 1492 1403 1524 25
1416 1493 1488 1533 est;
1525 1500 1604 1524 cum
1635 1490 1758 1534 utique
1782 1490 1828 1526 sit
1858 1491 2005 1535 antiqua
2037 1494 2074 1526 et
2099 1500 2238 1535 semper
2261 1490 2402 1534 nobilis,
2434 1500 2490 1526 se-

268 1539 353 1577 χαία
375 1538 418 1568 τέ
438 1536 515 1568 ἐστι
538 1537 599 1567 καὶ
622 1532 677 1568 ἀεὶ
701 1534 825 1579 σεμνή,
848 1532 954 1577 ἡνίκα
974 1548 1014 1569 τε
1038 1531 1151 1578 αὐτὴν
1168 1533 1347 1580 Στράτων
1417 1535 1570 1570 cundum
1601 1545 1639 1570 se
1674 1545 1780 1580 quam
1809 1535 1928 1571 Strato
1962 1536 2150 1571 collocavit
2204 1535 2331 1578 rimus,
2364 1535 2424 1580 qui
2447 1545 2491 1570 ex

270 1578 442 1626 ἱδρύσατο
473 1581 634 1624 πρῶτος,
669 1576 708 1613 ὃς
738 1579 778 1620 ἐξ
807 1576 972 1614 Ἑλλάδος
1005 1577 1165 1614 ἀναστὰς
1202 1583 1348 1626 γέγονεν
1417 1580 1565 1615 Hellade
1595 1590 1743 1625 surgens
1775 1581 1894 1617 factus
1918 1585 1973 1617 est
1997 1581 2072 1617 eius
2097 1581 2176 1617 aedi
2204 1583 2315 1624 eator,
2347 1583 2384 1616 et
2406 1579 2490 1616 dum

271 1622 378 1668 αὐτῆς
401 1622 575 1667 οἰκιστής,
606 1622 714 1668 ἡνίκα
737 1638 775 1659 τε
801 1622 1075 1660 Οὐεσπασιανὸς
1105 1621 1124 1659 ὁ
1152 1626 1212 1668 τῆς
1244 1624 1348 1659 θείας
1416 1624 1658 1670 Vespasianus
1688 1625 1789 1661 divae
1816 1626 2005 1662 memoriae
2037 1626 2290 1680 imperatorum
2312 1625 2490 1671 probatis-

268 1669 418 1714 μνήμης,
442 1667 462 1704 ὁ
480 1671 558 1703 τῶν
574 1667 855 1715 αὐτοκρατόρων
877 1667 1177 1714 εὐδοκιμώτατος,
1203 1667 1222 1704 ὁ
1247 1673 1349 1704 Τίτου
1418 1671 1544 1714 simus,
1578 1670 1651 1706 Titi
1682 1673 1785 1715 pater
1816 1671 1917 1707 divae
1951 1681 2140 1707 memoriae
2174 1671 2282 1716 (quod
2316 1671 2351 1706 ei
2385 1670 2490 1706 etiam

269 1714 388 1761 πατὴρ
412 1715 475 1749 τοῦ
500 1717 562 1757 τῆς
585 1712 750 1759 εὐσεβοῦς
772 1714 910 1759 μνήμης
940 1711 1044 1761 (ὅπερ
1068 1712 1170 1758 αὐτῷ
1200 1718 1259 1749 καὶ
1282 1714 1347 1759 μό·
1362 1717 1403 1750 30
1418 1715 1532 1750 solum
1564 1715 1767 1751 sufficiebat
1798 1717 1844 1752 ad
1872 1717 2020 1760 gloriam
2050 1717 2260 1759 universam)
2289 1716 2336 1751 ad
2361 1716 2488 1751 Caesa·

268 1773 334 1794 νον
350 1760 448 1806 ἢρκει
471 1760 562 1804 πρὸς
585 1757 735 1795 ἅπασαν
759 1758 935 1802 εὐδοξίαν)
960 1761 1007 1794 εἰς
1030 1760 1099 1804 τὴν
1114 1762 1192 1795 τῶν
1209 1758 1347 1794 Καισά-
1415 1761 1583 1796 riensium
1600 1771 1676 1796 eam
1693 1761 1905 1797 vocabulum
1923 1762 2152 1803 nominasset,
2174 1771 2254 1797 cum
2271 1761 2371 1806 prius
2392 1761 2486 1796 Stra-

269 1818 345 1851 ρων
378 1803 492 1848 αὐτὴν
516 1802 685 1850 ὠνόμασε
712 1809 951 1852 προςηγορίαν
974 1804 1153 1852 πρότερον
1177 1804 1349 1851 Στράτω-

338 1896 530 1975 NogkCCfJIII
549 1897 605 1937 (=
627 1897 777 1930 Anthent.
800 1896 989 1938 XXXIII)
1014 1903 1100 1929 extat
1123 1898 1156 1930 in
1182 1897 1271 1938 ML,
1303 1909 1330 1930 c.
1347 1897 1432 1931 1—3
1458 1898 1490 1930 in
1516 1897 1551 1929 B
1569 1899 1657 1938 6,17.
1681 1916 1724 1921 —
1755 1898 1844 1940 Epit.
1861 1898 1980 1931 Theod.
1997 1899 2070 1937 103,
2095 1898 2213 1930 Athan.
2227 1899 2260 1937 4,
2273 1904 2320 1931 20.
2367 1897 2487 1931 Iulian.

270 1950 367 1976 const.
516 1965 524 1973 .

823 2150 925 2200 DE
956 2082 1942 2202 PROCONSUZZLPALAESTINAE.

423 2230 569 2277 Scripta
592 2234 646 2265 est
670 2227 830 2264 Iohanni
851 2229 1114 2274 qloriosissimo
1138 2229 1329 2276 praefecto
1353 2239 1460 2265 sacro
1479 2229 1671 2274 praetorio
1695 2229 1842 2271 iterum,
1871 2240 1921 2265 ex
1944 2228 2091 2265 consule
2113 2232 2148 2263 et
2168 2228 2336 2274 patricio.

382 2297 649 2343 Praefatio.
698 2295 777 2331 Iam
793 2296 936 2342 quidem
952 2296 1046 2332 alios
1062 2308 1206 2343 quoque
1216 2296 1493 2344 provinciarum
1507 2296 1695 2343 praesides
1716 2297 1871 2332 maiores
1886 2296 2117 2338 reddidimus,
2138 2296 2201 2341 qui
2217 2300 2323 2331 antea
2343 2295 2492 2332 humiles

270 2349 385 2381 essent
407 2354 472 2379 nec
496 2343 689 2389 quicquam
709 2342 852 2387 firmius
876 2352 986 2388 aqere
1001 2348 1174 2389 possent,
1209 2347 1246 2377 ec
1267 2341 1372 2377 modo
1395 2340 1609 2388 spectabiles
1631 2341 1834 2387 effecimus,
1867 2341 1974 2378 modo
2006 2351 2172 2377 annonas
2202 2342 2372 2376 auaeimus
2402 2342 2492 2388 ipsis

270 2389 559 2435 consiliariisque
582 2391 617 2422 et
640 2387 780 2433 officio,
813 2398 856 2422 ac
879 2387 949 2422 reli
974 2398 1021 2422 ua
1047 2387 1168 2422 omnia
1192 2387 1318 2433 larqiti
1339 2397 1478 2429 sumus,
1511 2391 1547 2422 et
1569 2391 1610 2421 ut
1632 2386 1677 2422 de
1700 2387 2006 2434 appellationibus
2035 2396 2077 2421 co
2106 2389 2294 2421 noscerent
2315 2388 2489 2422 concessi-

269 2447 365 2471 mus:
398 2438 508 2481 atque
531 2433 624 2468 alios
645 2431 905 2478 proconsulum
929 2443 951 2466 a
968 2433 1022 2467 ios
1045 2433 1212 2467 comitum
1244 2432 1307 2478 qui
1331 2437 1509 2467 vocantur.
1530 2431 1624 2467 alios
1639 2438 1855 2478 praetorum
1887 2432 1981 2468 alios
2003 2442 2061 2466 mo
2087 2435 2271 2482 erutorum
2294 2430 2492 2467 honoribus

270 2480 493 2523 ornavimus,
530 2487 741 2524 semperque
770 2476 953 2524 splendidi
991 2477 1132 2524 aliquid
1159 2477 1410 2524 eoecoqitantes
1440 2476 1661 2524 reipublicae
1692 2482 1840 2512 nostrae
1868 2487 1998 2513 novum
2026 2477 2154 2522 florem
2183 2475 2397 2512 addidimus.
2445 2475 2491 2512 In

270 2531 420 2562 mentem
448 2528 566 2559 autem
597 2522 701 2558 nobis
731 2522 827 2558 venit
855 2522 962 2557 etiam
989 2522 1271 2559 (laesariensium
1294 2522 1522 2569 metropolis,
1557 2532 1651 2568 quae
1674 2521 1908 2558 Palaestinae
1933 2523 2079 2569 primae
2102 2521 2353 2568 principatum
2387 2525 2492 2565 tenet,

270 2582 377 2618 quam
402 2570 509 2606 etiam
526 2579 623 2615 prae
646 2568 773 2603 ceteris
796 2568 933 2602 maiore
954 2568 1036 2613 frui
1059 2567 1197 2603 bonore
1222 2567 1424 2620 oportebat,
1457 2570 1628 2614 quoniam
1649 2567 1755 2614 prius
1778 2578 1922 2614 quoque
1939 2565 2145 2614 proconsul
2165 2577 2243 2601 eam
2267 2565 2402 2609 habuit,
2436 2571 2491 2603 at-

270 2628 339 2663 que
359 2616 580 2662 praefuerat
602 2613 635 2649 ei
660 2612 743 2648 talis
766 2613 1014 2658 maqiscratus,
1038 2618 1074 2648 et
1095 2623 1145 2648 ex
1168 2613 1343 2648 nobiliore
1366 2613 1403 2646 in
1427 2612 1638 2658 inferiorem
1660 2616 1795 2647 statum
1820 2613 1999 2648 translata
2022 2616 2087 2654 est,
2117 2622 2196 2646 cum
2220 2616 2327 2647 antea
2349 2611 2491 2658 quidem

270 2673 343 2697 una
365 2661 499 2708 fuisset
522 2658 732 2694 Palaestina
754 2658 933 2701 universa,
957 2657 1085 2694 deinde
1108 2662 1226 2693 autem
1251 2659 1288 2693 in
1313 2661 1385 2693 tres
1407 2662 1533 2703 partes
1556 2656 1671 2692 divisa
1694 2661 1797 2705 esset,
1821 2668 1865 2693 ac
1885 2668 1930 2693 ne
1948 2657 2026 2705 ipse
2049 2655 2190 2704 quidem
2206 2656 2493 2703 proconsulatus

270 2707 474 2747 mansisset,
504 2703 569 2740 secl
591 2705 627 2739 in
651 2702 903 2748 maqistratum
927 2703 1031 2738 istum
1089 2704 1129 2738 ui
1149 2707 1299 2738 vocatur
1322 2702 1531 2738 ordinarius
1560 2705 1652 2737 esset
1675 2702 1894 2738 translatus.-
1928 2702 2091 2749 quamvis
2113 2701 2264 2747 antiqua
2287 2702 2336 2737 sit
2364 2705 2400 2738 et
2421 2702 2491 2737 uti-

270 2763 340 2798 que
363 2752 564 2792 honorata,
596 2753 631 2784 et
662 2753 734 2784 tum
763 2748 909 2794 quando
942 2759 1020 2784 eam
1046 2714 1172 2784 ,sqtrato
1201 2749 1341 2801 primus
1371 2747 1573 2789 constituit,
1606 2747 1669 2826 qui
1692 2758 1711 2783 c
1730 2746 1888 2798 ,Graecia
1911 2748 2108 2799 profectus
2135 2745 2300 2799 conditor
2327 2746 2406 2782 eius
2425 2758 2490 2798 ex-

272 2798 359 2839 titit,
395 2800 430 2832 et
465 2793 611 2842 quando
649 2793 892 2839 Vespasianus
924 2793 1027 2829 divae
1063 2804 1255 2829 memoriae
1290 2794 1548 2839 imperatorum
1582 2803 1606 2838 q
1623 2792 1882 2835 oriosissimus,
1910 2797 2024 2839 pater
2054 2791 2132 2827 Titi
2164 2790 2267 2842 divae
2300 2801 2491 2827 memmae

271 2842 384 2888 (quod
403 2841 459 2876 illi
476 2840 533 2877 vel
549 2839 664 2874 solum
686 2838 894 2884 sufficiebat
914 2838 964 2874 ad
978 2849 1116 2874 omnem
1131 2839 1313 2884 storiam),
1337 2837 1532 2874 secundum
1554 2837 1747 2873 Caesarum
1769 2848 1900 2873 nomen
1923 2839 2040 2885 ipsam
2056 2836 2264 2884 appellavit,
2289 2846 2367 2871 cum
2383 2839 2491 2872 antea

339 2958 359 2988 4
381 2957 475 2987 inser.
506 2950 545 2988 ‘0
568 2949 675 2986 αὐτὸς
703 2949 870 2995 βασιλεὺς
900 2953 954 2994 τῷ
978 2948 1078 2994 αὐτῷ
1100 2954 1175 2986 Am.
1201 2953 1255 3003 (qs.
1281 2954 1312 2993 ς)
1337 2952 1348 2994 ΙΙ
1477 2955 1491 2986 1
1517 2955 1558 2995 cs.
1585 2965 1667 2996 quae
1691 2952 1828 3004 diximus
1852 2953 1899 2985 ad
1921 2964 1992 2985 nov.
2013 2949 2187 3003 CII-{1131
2211 2948 2327 2983 XXX·
2338 2950 2405 2983 111
2429 2950 2492 3040 Vn

273 2997 386 3042 6Ἔδη
398 3002 485 3055 rubr.
498 2997 711 3077 Msswfflv]
730 2996 911 3053 γενῶνὶσίι.
925 2997 1001 3051 4²¹¹·
1019 2998 1032 3040 11
1050 2996 1296 3051 espectamlias
1309 2996 1355 3030 Μ
1416 2999 1436 3031 6
1459 2998 1546 3030 Nam
1561 2997 1613 3049 ‘T'
1627 2996 1640 3040 11
1665 2997 1869 3039 praesidatos
1900 2997 1933 3048 V
1954 2996 1967 3040 fl
1997 2999 2015 3030 7
2040 2998 2195 3048 ⁹¹¹¹¹l¹²3²²³
2223 2995 2269 3036 V]
2300 3005 2394 3039 prius
2420 2995 2454 3029 T

271 3043 528 3090 περιβλεπτους
589 3044 601 3086 ΙΙ
622 3044 718 3085 l2sq.
731 3052 796 3075 τας
813 3054 880 3085 μεν
899 3052 977 3075 ταις
995 3044 1085 3084 (ταις
1101 3054 1159 3075 om.
1171 3043 1215 3082 L)
1229 3051 1348 3074 -τας
1417 3045 1435 3077 8
1461 3042 1707 3076 ualedissxmum
1728 3043 1759 3075 V
1777 3041 1790 3086 ΙΙ
1817 3043 1837 3076 9
1860 3042 2052 3083 adieounus]
2077 3039 2299 3074 adimentibus
2322 3039 2377 3072 uel
2400 3039 2490 3073 adie-

272 3089 312 3124 δὲ
325 3091 407 3131 ML]
430 3091 508 3122 ταῖς
525 3089 593 3132 μὲν
607 3107 644 3112 -
659 3089 736 3120 ταῖς
757 3084 796 3120 δὲ
813 3089 961 3120 habuisse
976 3088 1103 3121 videtur
1119 3098 1139 3124 e
1153 3087 1166 3130 ΙΙ
1188 3088 1229 3121 14
1244 3097 1274 3121 π
1297 3099 1347 3118 αι·
1416 3088 1520 3120 cimus
1545 3088 1577 3121 T
1588 3087 1602 3139 fl
1630 3088 1667 3121 11
1695 3089 1728 3120 et
1750 3086 1996 3130 proconsulum]
2021 3091 2054 3119 et
2077 3099 2135 3119 om.
2156 3084 2212 3129 Vn
2240 3085 2279 3120 13
2300 3087 2490 3128 praetorum

272 3135 414 3180 πόρων]
430 3134 506 3168 τῶν
519 3130 740 3178 πραιτώριον
753 3128 1072 3180 βΗμοδερατόρων
1086 3133 1129 3165 Μ
1141 3132 1153 3175 ΙΙ
1173 3134 1215 3166 15
1226 3128 1273 3165 ἄλ
1297 3134 1347 3172 ας]
1418 3134 1520 3174 Beck]
1545 3142 1672 3176 priores
1697 3133 1773 3166 libri
1801 3132 1813 3174 ΙΙ
1843 3134 1885 3167 14
1907 3142 2000 3179 seper
2027 3132 2061 3165 V
2126 3133 2164 3166 17
2189 3129 2371 3174 praesidem
2395 3128 2489 3175 VT!

272 3179 574 3213 administrationes
597 3179 631 3219 (i.
654 3191 679 3211 e.
705 3173 826 3221 ἀρχὰς)
850 3189 870 3213 ς
892 3177 904 3220 ΙΙ
933 3180 973 3212 17
997 3176 1170 3221 καισάρεα
1190 3177 1222 3210 L
1245 3177 1347 3218 (Και-
1415 3178 1521 3220 prime
1541 3178 1586 3218 V]
1606 3177 1781 3220 prouincia
1795 3178 1828 3211 T
1841 3177 1854 3221 ΙΙ
1872 3178 1912 3211 19
1925 3176 2019 3220 pride
2039 3177 2069 3208 V
2111 3174 2289 3219 proconsul
2304 3185 2375 3208 eam
2389 3175 2490 3210 θεαι-

272 3226 397 3258 σαόεια
422 3225 627 3265 Haloander)
653 3225 664 3265 11
690 3224 731 3256 20
757 3220 943 3267 ἐφεστήκει
967 3224 997 3255 L
1013 3222 1025 3266 ΙΙ
1053 3218 1143 3268 αὐτῇ
1163 3223 1348 3255 Zachariae
1381 3221 1383 3237 ¹
1418 3223 1569 3266 braqqen]
1589 3222 1817 3266 prooonsulem
1839 3223 1918 3256 libri
1933 3222 1945 3265 ΙΙ
1962 3223 2001 3256 21
2016 3221 2178 3254 minorem
2194 3221 2358 3254 rationem
2369 3220 2463 3254 Beck

273 3285 311 3303 ea:
321 3258 365 3312 ³5]
401 3270 445 3312 τῆ
469 3265 560 3311 αὐτῆ
586 3269 658 3301 ML
686 3268 699 3312 ΙΙ
727 3269 765 3302 21
801 3266 849 3300 εἰς
872 3265 1036 3300 ἐλάττων
1066 3263 1261 3310 μετέβαλλε
1284 3267 1316 3300 L
1339 3267 1349 3308 li
1415 3267 1508 3310 prius
1531 3280 1589 3301 om.
1607 3266 1656 3311 ΤΙ
1691 3268 1734 3302 23
1750 3267 2025 3310 proconsulariua
2044 3268 2129 3309 libri,
2148 3278 2231 3300 corr.
2245 3263 2422 3317 Beekfltei

274 3318 315 3349 22
334 3316 424 3357 *μὲν
439 3312 650 3358 ἔμπροσθεν
666 3314 720 3357 (cs.
735 3315 779 3354 ς)]
802 3314 924 3355 μέντοι
948 3311 1160 3358 ἔμπροσθεν
1173 3312 1261 3352 ML,
1283 3311 1349 3355 μὲν
1416 3315 1448 3345 et
1472 3313 1506 3346 T
1529 3311 1543 3356 ΙΙ
1570 3312 1625 3345 sed
1686 3313 1754 3354 eck]
1787 3315 1820 3345 et
1843 3313 1922 3346 libri
1948 3313 1961 3354 [1
1986 3313 2022 3344 in
2054 3312 2140 3344 hano
2170 3310 2486 3344 administrationem

272 3360 314 3393 τὸ
339 3359 549 3404 ἑζιιπροσθεν
570 3359 756 3392 Zachariae
775 3358 787 3399 ΙΙ
804 3359 846 3392 23
871 3355 980 3391 *οὔτε
999 3359 1076 3391 libri
1090 3357 1103 3401 ΙΙ
1120 3352 1350 3392 ἀνθυπατίας
1418 3358 1510 3391 Beck
1537 3357 1550 3401 ΙΙ
1580 3359 1622 3392 25
1646 3357 1768 3391 nobilis
1791 3367 1917 3400 semper
1948 3357 1982 3391 V
2004 3357 2017 3401 ΙΙ
2046 3357 2088 3392 26
2118 3366 2152 3390 se
2183 3366 2281 3398 quam
2311 3354 2414 3404 atrato
2440 3351 2484 3392 V]

273 3406 332 3446 (id.
348 3408 449 3449 infra)
466 3405 508 3438 M
521 3404 534 3449 ΙΙ
550 3405 594 3438 24
610 3398 720 3445 αὐτῆς
733 3403 817 3444 ML]
834 3397 928 3445 αὐτῆ
939 3415 977 3436 ετ
992 3414 1012 3440 ς
1029 3403 1224 3436 Haloander
1240 3410 1269 3436 et
1280 3401 1348 3435 Za·
1415 3405 1637 3444 sequaestrato
1664 3402 1696 3435 T
1719 3402 1732 3446 ΙΙ
1761 3404 1801 3437 27
1826 3402 1935 3436 ellada
1955 3403 1989 3435 V
2004 3402 2087 3435 ellat
2112 3402 2144 3435 T
2166 3401 2180 3445 Ι
2208 3401 2307 3476 2703:
2330 3395 2484 3450 liedifloa-

275 3451 415 3488 oleariae,
441 3463 505 3493 qua
526 3450 720 3483 correctione
743 3460 805 3480 non
830 3438 913 3491 opu-³⁴
935 3455 981 3481 est
998 3448 1011 3491 ΙΙ
1028 3448 1070 3481 26
1093 3443 1202 3491 ἡνίκα
1223 3446 1265 3480 τὲ
1287 3443 1349 3479 αὖ-
1417 3451 1542 3490 torum,
1566 3461 1615 3482 vv.
1640 3449 1674 3479 et
1696 3447 1776 3480 dum
1799 3466 1843 3472 -—
1866 3447 2102 3491 imperatorum
2124 3445 2246 3495 οηιίεεῖς
2299 3467 2308 3484 ,
2344 3451 2484 3494 Impera-

274 3493 341 3535 τὴν
368 3495 422 3535 Μ]
458 3491 562 3536 ἡνίκα
593 3491 634 3527 δᾶ
662 3489 777 3536 αὐτὴν
801 3493 832 3526 L
866 3493 1047 3526 seeundum
1070 3503 1104 3526 se
1132 3502 1232 3535 quam
1261 3493 1296 3534 (i.
1320 3503 1348 3525 e.
1387 3490 1525 3524 'torum
1547 3513 1562 3516 -*
1579 3513 1587 3516 -
1610 3493 1705 3525 divae
1721 3493 1897 3525 memoriae
1921 3505 1979 3526 om.
2002 3492 2057 3536 Vll
2080 3493 2123 3526 29
2145 3490 2177 3523 οἱ
2199 3490 2295 3521 eham
2317 3486 2362 3527 V]
2386 3489 2483 3519 enam

275 3535 320 3579 ἢν
344 3537 437 3571 καθ’
454 3537 621 3581 ἑαυτὴνῖ)
646 3550 666 3575 ς
691 3538 703 3582 ΙΙ
727 3539 767 3571 27
793 3533 844 3579 ὃς]
876 3534 896 3571 o‘
923 3538 964 3571 M
982 3538 994 3580 ΙΙ
1021 3538 1065 3572 28
1086 3546 1161 3582 post
1181 3534 1287 3579 ἡνίκα
1309 3547 1350 3570 τε
1417 3536 1447 3569 ei
1473 3538 1505 3570 T
1528 3538 1540 3581 ΙΙ
1570 3540 1612 3571 30
1637 3538 1873 3571 cesariunsium
1908 3537 1944 3579 V,
1981 3537 2154 3570 Caesarum
2179 3532 2271 3566 Beck

277 3586 371 3615 verba
386 3585 428 3615 26
437 3596 482 3626 sq,
499 3579 613 3626 αὐτὴν
628 3581 798 3628 στράτων
808 3601 851 3606 -
863 3580 1024 3617 ἀναστὰς
1040 3579 1148 3625 ἡνίκα
1166 3583 1206 3616 τὰ
1218 3583 1289 3624 (sic)
1302 3594 1350 3615 re-

276 3629 354 3667 petit
372 3628 412 3658 M
424 3627 436 3669 11
460 3624 752 3661 οὐειῖπεσινιανός
766 3627 813 3661 L¹
836 3623 1094 3662 οὔεσπεσιανὸς
1109 3627 1158 3661 L²
1173 3628 1187 3670 Ι
1211 3629 1251 3661 31
1273 3626 1351 3660 τῶν

280 3669 486 3716 Καισάρων]
510 3670 633 3704 αὐτῶν
657 3669 784 3714 (αὐτὴν
797 3673 857 3713 L²)
882 3671 1134 3716 uatoadpan'L
1159 3671 1349 3705 Caesarien-

278 3715 361 3746 siuln
379 3719 412 3752 (i.
426 3730 452 3747 e.
474 3718 696 3758 Ααισαρέων)
719 3729 737 3751 ς
