2586 3990
203 121 311 164 Nov.
332 119 511 163 CXVIII
541 122 578 161 5.
600 120 626 160 6
647 130 715 172 ep.

199 228 422 276 βουλόμεθα.
470 227 503 262 εἰ
525 225 566 262 δὲ
587 225 716 262 πολλοὶ
744 226 814 262 τὸν
846 223 961 262 αὐτὸν
991 226 1054 270 τῆς
1084 228 1288 272 συγγενείας

199 278 339 318 ἔχοντες
365 272 522 317 βαθμὸν
552 270 750 306 καλοῦνται
778 271 870 316 πρὸς
893 271 962 315 τὴν
985 271 1201 316 ἐπιτροπήν,
1232 283 1288 305 κε-

200 319 349 362 λεύομεν
373 314 502 351 αὐτοὺς
525 317 626 363 κοινῇ
651 314 901 351 συνελθόντας
923 315 1024 362 παρὰ
1047 316 1102 359 τῷ
1126 315 1286 361 ἄρχοντι,

199 357 232 407 ᾧ
254 362 384 397 τούτου
407 361 504 406 με’λει
526 362 592 395 τοῦ
615 364 758 406 μέρους,
781 363 848 395 ἕνα
871 358 896 404 ἢ
918 362 979 394 καὶ
1002 358 1181 404 πλείονας,
1205 355 1287 395 ὅσοι

199 408 290 453 πρὸς
321 406 390 450 τὴν
421 404 598 449 διοίκησιν
627 407 692 449 τῆς
722 404 846 440 οὐσίας
878 402 1063 449 ἀρκοῦσιν,
1094 404 1135 445 ἐξ
1163 402 1289 440 αὐτῶν

200 451 440 491 ἐπιλέξασθαι
463 454 524 484 καὶ
548 449 744 495 ὀνομάσαι,
774 453 834 485 καὶ
858 451 991 484 τοῦτον
1015 447 1039 493 ἢ
1059 448 1209 485 τούτους
1239 449 1288 484 τὰ

199 498 263 531 τοῦ
294 493 433 540 ἆνήβου
467 495 541 543 πρά
564 509 664 540 ματα
698 493 858 538 διοικεῖν,
893 495 958 529 τοῦ
993 495 1057 538 τῆς
1091 495 1289 538 ἐπιτροπῆς

199 539 366 576 κινδύνου
390 541 506 576 πᾶσιν
526 509 751 585 έζτικειμένου
774 543 848 575 τοῖς
871 539 962 585 πρὸς
992 539 1061 583 τὴν
1085 539 1289 585 ἐπιτροπὴν

199 586 442 631 καλουμένοις,
473 589 534 620 καὶ
556 587 635 620 τῶν
666 582 804 621 οὐσιῶν
828 581 954 619 αὐτῶν
982 586 1177 630 σιωπηρῶς
1200 582 1287 619 ὑπο-

199 634 377 676 κειμένων
400 631 454 674 τῷ
479 628 610 676 ἄνήβῳ
635 629 727 676 ὑπὲρ
750 628 883 674 ταύτης
902 630 966 673 τῆς
989 626 1206 673 διοικήσεως.

1275 113 1360 161 572

1679 164 1682 168 ,
1730 130 1791 160 nn
1818 129 2073 164 flammeus
2102 115 2160 162 ἈΒ
2187 129 2436 163 ιΝΤΕςΤΑΤο

1382 226 1443 263 oni
1464 226 1639 263 volumus.
1674 227 1715 263 Si
1737 229 1856 263 autem
1878 229 2022 273 plurimi
2044 229 2196 266 eundem
2216 229 2439 273 cognationis

1382 272 1529 307 abentes
1552 271 1700 315 gradum
1724 271 1772 307 ad
1788 272 1939 308 tutelam
1952 279 2136 318 vocantur,
2160 274 2324 310 iubemus
2343 285 2438 310 cem-

1356 316 1509 351 muniter
1551 316 1845 352 convenientibus
1886 319 1983 363 apud
2024 319 2196 362 iudicem,
2240 319 2298 356 cui
2333 319 2438 355 huius

1355 362 1469 406 partis
1500 360 1704 397 sollicitudo
1737 364 1809 404 est,
1841 372 1951 397 unum
1982 367 2046 399 aut
2074 364 2212 409 plures,
2246 364 2371 409 quanti
2393 364 2440 399 ad

1323 409 1343 441 5
1355 406 1649 450 gubernationem
1681 405 1903 442 substantiae
1931 407 2130 452 sufficiant,
2164 420 2208 445 ex
2237 409 2327 455 ipsis
2359 408 2440 453 eligi

1355 454 1393 486 et
1415 451 1635 492 denuntiari,
1660 454 1696 486 et
1714 461 1793 486 eum
1817 450 1872 486 vel
1895 461 1957 487 eos
1980 453 2125 490 minoris
2149 465 2206 490 res
2229 455 2439 499 gubernare,

1356 495 1493 531 tutelae
1522 495 1680 541 periculo
1713 495 1878 532 omnibus
1901 496 2103 534 imminente
2133 500 2194 552 qui
2225 500 2270 535 ad
2292 499 2439 535 tutelam

1356 544 1542 583 vocantur,
1573 544 1611 576 et
1633 541 1844 577 substantiis
1876 550 1999 576 eorum
2029 543 2157 580 minori
2186 545 2296 580 tacite
2318 544 2438 580 subia-

1358 586 1521 622 centibus
1544 596 1610 632 pro
1634 586 1837 622 huiusmodi
1859 586 2128 631 gubernatione.

1303 632 1345 665 10

1193 719 1349 756 CAPUT
1373 719 1434 757 VI.

273 789 394 824 Ταῦτα
424 786 466 823 δὲ
495 786 623 824 πάντα
653 784 726 822 ὅσα
756 790 840 832 περὶ
865 785 1047 830 διαδοχῶν
1076 787 1142 822 τοῦ
1166 790 1289 834 γένους

199 835 448 877 ἐθεσπίσαμεν
465 830 528 869 ἐπ’
547 834 692 868 ἐκείνοις
707 831 923 877 βουλόμεθα
946 835 1102 878 κρατεῖν,
1126 829 1208 867 ὅσοι
1223 833 1287 876 τῆς

199 879 398 922 καθολικῆς
430 875 630 925 ὑπάρχουσι
660 882 826 913 πίστεως.
875 879 936 912 ἐπὶ
957 878 1026 924 γὰρ
1057 880 1132 912 τοῖς
1155 877 1285 923 αἱρετι-

1401 786 1501 823 Haec
1523 790 1643 824 autem
1668 788 1787 824 omnia
1811 797 1903 833 quae
1925 788 1971 824 de
1993 788 2280 826 successionibus
2324 791 2440 827 eneris

1355 832 1554 875 sanximus,
1586 833 1718 869 inillis
1749 834 1911 870 volumus
1943 834 2120 878 obtinere,
2151 834 2214 880 qui
2245 839 2303 871 cat
2329 836 2441 871 olicae

1354 877 1439 913 fidei
1462 881 1558 914 sunt.
1608 879 1650 913 ln
1674 879 1864 914 haereticis
1892 881 2012 914 autem
2035 880 2108 914 iam
2131 890 2153 915 a
2178 880 2280 915 nobis
2304 881 2441 925 positas

199 928 272 960 κοῖς
302 924 385 959 τοὺς
415 922 484 967 ἤδη
516 920 606 969 παρ’
631 921 738 967 ἡμῶν
759 923 937 958 τεθέντας
959 921 1092 967 νόμους
1122 926 1288 968 βεβαίους
1355 923 1450 967 leges
1473 923 1594 959 firmas
1619 933 1698 959 esse
1721 924 1970 970 praecipimus,
2006 924 2141 959 nullam
2164 925 2356 962 novitatem
2379 930 2442 962 aut

199 970 293 1005 εἶναι
316 967 507 1024 κελεύομεν
529 966 668 1012 μηδένα
690 967 885 1022 καινισμὸν,
901 965 924 1011 ἢ
940 966 1144 1003 ἐλάττωσιν
1168 970 1207 1002 ἐκ
1221 968 1285 1002 τοῦ
1302 968 1635 1004 15imminutionem
1658 980 1703 1004 ex
1726 970 1907 1014 praesenti
1930 970 2201 1005 introducentes
2217 970 2304 1015 lege.
2342 970 2441 1015 Quae

200 1014 382 1061 παρόντος
405 1017 668 1060 υφισταμένσυς
691 1026 813 1058 νομου.
861 1025 953 1058 απερ
977 1017 1103 1047 τοίνυν
1126 1011 1186 1047 διὰ
1200 1010 1286 1048 ταύ-

199 1072 262 1104 της
284 1061 347 1103 τῆς
371 1057 570 1100 διατάξεως
597 1059 660 1102 τῆς
683 1059 730 1092 εἰς
761 1057 805 1093 τὸ
831 1056 988 1101 διηνεκὲς
1012 1057 1287 1103 φυλαχθησομέ-

199 1117 263 1148 νης
285 1101 307 1149 ἦ
332 1102 487 1149 ἡμετέρα
510 1104 687 1138 ἐθέσπισε
708 1102 920 1157 γαληνότης,
944 1101 1007 1137 ἐπ’
1035 1105 1182 1139 ἐκείνοις
1204 1107 1286 1148 βου-

201 1150 345 1194 λόμεθα
378 1152 525 1195 κρατεῖν
558 1152 631 1183 τοῖς
665 1149 837 1193 θέμασιν,
873 1145 985 1183 α’τινα
1016 1150 1056 1183 ἐκ
1085 1152 1288 1195 προοιμίων

1356 1014 1464 1058 igitur
1487 1024 1552 1058 per
1575 1014 1669 1049 hanc
1695 1014 1984 1049 constitutionem
2014 1015 2051 1050 in
2075 1018 2287 1059 perpetuum
2316 1017 2440 1051 obser-

1356 1058 1508 1094 vandam
1532 1060 1684 1094 sancivit
1707 1063 1832 1095 nostra
1855 1060 2106 1104 tranquillitas,
2131 1060 2169 1095 in
2184 1060 2255 1096 illis
2278 1061 2441 1097 volumus

1356 1104 1518 1139 obtinere
1543 1105 1697 1148 casibus,
1731 1106 1792 1149 qui
1816 1115 1838 1140 a
1861 1105 2045 1150 principiis
2070 1105 2152 1140 Iulii
2181 1107 2311 1142 mensis
2335 1116 2440 1151 prae-

1357 1149 1469 1184 sentis
1505 1153 1627 1185 sextae
1661 1149 1866 1185 indictionis
1901 1155 2095 1185 evenerunt
2131 1153 2196 1186 aut
2234 1156 2318 1195 post
2351 1152 2441 1187 haee

199 1196 264 1231 τοῦ
287 1192 431 1250 Ἰουλίου
463 1194 576 1249 μηνὸς
604 1194 678 1248 τῆς,
695 1191 878 1240 παρούσης
909 1195 1011 1238 ἕκτης
1045 1194 1288 1250 έπινεμήσεως
1301 1196 1344 1230 20
1356 1199 1551 1239 emergunt.
1591 1195 1851 1231 Praecedentes
1886 1205 2038 1240 namque
2074 1205 2198 1239 casus,
2235 1197 2295 1241 qui
2329 1206 2442 1241 usque

199 1243 332 1294 συνέβη
355 1253 378 1284 η
402 1243 463 1274 καὶ
485 1253 578 1284 μετα
609 1253 727 1274 ταυτα
751 1237 985 1284 συμβήσεται.
1033 1239 1080 1274 τὰ
1103 1253 1174 1287 γαρ
1200 1252 1286 1286 προ-

200 1285 364 1331 λαβόντα
396 1285 546 1329 θέματα
575 1284 623 1319 τὰ
646 1287 748 1331 μέχρι
778 1286 843 1319 τοῦ
867 1286 1184 1328 μνημονευθέντος
1205 1286 1288 1330 χρό-

199 1344 263 1366 νου
287 1327 483 1375 ἀποβάντα
505 1329 600 1366 κατὰ
623 1330 705 1365 τοὺς
729 1328 904 1365 παλαιοὺς
932 1331 1062 1374 νόμους
1085 1331 1288 1375 τέμνεσθαι

199 1375 536 1422 παρακελευόμεθα.

246 1418 554 1475 ”<Ἐπίλογος.>
599 1417 647 1455 ‘H
663 1418 864 1474 ἐνδοξότηί
885 1424 1010 1456 τοίνυν
1036 1418 1058 1465 ἡ
1084 1419 1129 1464 σὴ
1154 1420 1200 1455 τὰ
1226 1418 1286 1454 διὰ
1301 1423 1342 1456 25

198 1480 264 1502 του
297 1466 481 1512 παρόντος
511 1465 626 1510 νόμου
657 1463 750 1513 παρ’
783 1480 890 1512 ημων
922 1464 1210 1502 διατυπωθέντα
1240 1466 1288 1500 εἰς

198 1512 268 1556 τὴν
284 1509 464 1547 ἁπάντων
486 1512 627 1558 γνῶσιν
649 1510 776 1546 ἐλθεῖν
798 1509 1053 1558 προνοησάτω,
1077 1513 1139 1547 ἐπὶ
1154 1510 1289 1554 ταύτης

198 1559 266 1602 μὲν
289 1558 352 1601 τῆς
374 1555 559 1601 βασιλίδος
589 1555 730 1592 πόλεως
760 1554 912 1592 ἰδίκτων
942 1557 1035 1591 κατὰ
1059 1555 1103 1592 τὸ
1129 1553 1289 1598 σύνηθες

200 1604 492 1656 προτιθεμένων,
515 1603 555 1636 ἐν
571 1599 611 1636 δὲ
633 1605 712 1637 ταῖς
734 1603 922 1658 ἐπαρχίαις
944 1603 1176 1656 προςτιιζξεων
1199 1613 1288 1645 πεμ-

1355 1239 1403 1275 ad
1422 1243 1655 1275 memoratum
1677 1246 1818 1285 tempus
1840 1241 2135 1284 pertransierunt,
2161 1242 2358 1277 secundum
2382 1251 2440 1277 ve-

1355 1288 1451 1321 teres
1473 1285 1569 1330 leges
1592 1285 1703 1321 incidi
1727 1286 1977 1331 praecipimus.

1411 1420 1699 1466 (Epilogus.)
1744 1420 1824 1455 Tua
1855 1420 1961 1465 igitur
1983 1421 2098 1465 gloria
2128 1431 2194 1466 per
2216 1424 2442 1466 praesentem

1355 1466 1468 1510 legem
1492 1476 1515 1501 a
1537 1468 1641 1501 nobis
1666 1466 1840 1511 disposita
1863 1466 1909 1500 ad
1933 1467 2089 1502 omnium
2121 1467 2357 1511 cognitionem
2380 1477 2439 1503 ve-

1356 1511 1433 1546 nire
1449 1515 1627 1556 procuret,
1644 1511 1681 1546 in
1698 1511 1767 1546 hac
1783 1511 1924 1556 quidem
1940 1511 2038 1556 regia
2056 1512 2199 1548 civitate
2214 1511 2340 1548 edictis
2355 1523 2440 1548 eon-

1357 1559 1459 1591 suete
1483 1557 1688 1601 propositis,
1712 1557 1750 1591 in
1767 1557 1965 1601 provinciis
1989 1560 2108 1592 autem
2131 1558 2333 1602 praeceptis
2356 1557 2439 1593 diri-

1355 1601 1479 1645 gendis
1503 1602 1549 1637 ad
1566 1602 1782 1637 clarissimos
1803 1602 1985 1647 praesides
2010 1612 2141 1643 earum,
2165 1606 2206 1638 ut
2224 1603 2311 1638 nulli
2326 1603 2441 1639 nostri

199 1650 370 1691 πομένων
393 1658 484 1692 προς
498 1647 581 1682 τοὺς
597 1646 868 1701 λαμπροτατους
890 1660 1037 1682 τουτων
1050 1649 1287 1702 ξηγουμ.·ε’νους,
1301 1650 1344 1683 30
1356 1647 1494 1691 imperii
1512 1647 1756 1682 subiectorum
1773 1647 1820 1682 sit
1835 1647 1959 1692 ignota
1981 1650 2126 1683 nostrae
2151 1648 2248 1684 circa
2263 1657 2324 1684 eos
2340 1658 2439 1684 man-

199 1689 289 1728 u‘t'sw
317 1690 444 1738 μηδενὶ
475 1693 553 1727 τῶν
582 1706 627 1740 τῃ
657 1696 812 1738 ημετέρᾳ
842 1691 1009 1737 βασιλείᾳ
1039 1695 1289 1736 υποκειμένων

199 1737 392 1785 ἄγνωστον
413 1737 590 1784 γενέσθαι
613 1735 683 1781 τὴν
697 1738 760 1782 τῆς
775 1734 946 1783 ἡμετέρας
970 1736 1190 1784 ἡμερότητος
1205 1739 1288 1782 περὶ

198 1781 347 1818 τούτους
380 1781 581 1828 πρόνοιαν·
629 1778 728 1817 οὕτω
762 1786 887 1826 μέντοι
922 1779 1011 1818 ὥςτε
1049 1781 1131 1826 δι’χα
1171 1783 1288 1826 πάσης

199 1830 326 1873 ζημίας
347 1828 426 1863 τῶν
448 1826 611 1862 πολιτῶν
633 1830 694 1862 καὶ
717 1829 960 1874 ἐπαρχεωτῶν
983 1829 1025 1863 ἐν
1043 1830 1156 1864 παντὶ
1180 1828 1285 1871 τόπῳ

198 1874 268 1918 τὴν
290 1875 356 1908 τοῦ
381 1871 563 1919 παρόντος
586 1871 700 1917 νόμου
724 1871 926 1917 ἐμφάνειαν
948 1873 1133 1920 γενέσθαι.

256 1918 338 1954 Dat.
359 1929 454 1953 xvn.
479 1918 516 1954 k.
540 1918 633 1963 Aug.
660 1918 817 1998 Selptimo
841 1918 998 1954 Miliario
1028 1919 1114 1963 imp.
1140 1918 1199 1954 dn.
1223 1917 1284 1953 Iu-

198 1964 344 2000 stiniani
373 1974 434 2009 pp.
460 1964 552 2008 Aug.
577 1973 671 1998 anno
731 1963 808 1999 VII.
841 1966 927 2009 post
957 1973 1056 2000 cons.
1082 1963 1206 1999 Basilii
1228 1973 1283 1999 vc.

198 2019 292 2045 anno
315 2008 363 2044 11.
387 2008 461 2044 ind.
485 2009 545 2045 VI.
1147 2011 1191 2050 [a.
1207 2010 1285 2051 543]

266 2085 355 2122 1339.
379 2090 502 2111 summa
524 2077 600 2111 Ath.
626 2078 781 2120 repetitur
804 2079 838 2110 in
857 2078 1030 2120 paratitlis
1053 2077 1130 2110 Ath.
1147 2078 1167 2111 3
1191 2082 1252 2117 ἐξ).

1357 1691 1555 1727 suetudinis
1587 1692 1823 1737 providentia,
1855 1693 1906 1727 ita
1930 1696 2049 1728 tamen
2083 1696 2124 1728 ut
2148 1693 2224 1729 sine
2248 1693 2345 1729 omni
2368 1694 2439 1729 dis-

1355 1737 1485 1782 pendio
1512 1737 1639 1773 civium
1663 1740 1728 1772 aut
1751 1738 2021 1782 provincialium
2049 1738 2087 1774 in
2111 1739 2209 1774 omni
2231 1739 2311 1775 loco
2335 1748 2438 1785 prae-

1355 1782 1467 1818 sentis
1490 1782 1578 1827 Iegis
1601 1782 1665 1818 fiat
1686 1783 1891 1819 insinuatio.

1298 1874 1340 1909 35

1419 1918 1504 1954 Dat.
1522 1929 1579 1955 111.
1603 1917 1652 1953 id.
1670 1931 1710 1949 n
1730 1917 1799 1953 GP.
1824 1917 1907 1964 imp.
1933 1917 2124 1955 Iustiniani
2147 1927 2242 1955 anno
2260 1916 2356 1954 XVI.
2381 1928 2439 1964 pc.

1353 1963 1479 2000 Basilii
1502 1973 1596 1999 anno
1614 1963 1660 1998 II.

197 2156 303 2192 multi
332 2155 395 2201 qui
417 2154 568 2190 eundem
591 2154 820 2200 coqnationis
848 2152 1004 2200 qradum
1036 2153 1199 2190 obtinent
1229 2154 1279 2190 ad
1308 2155 1456 2191 tutelam
1488 2157 1678 2196 vocantur,
1710 2155 1871 2191 iubemus
1901 2166 1963 2191 eos
1991 2157 2227 2192 communiter
2250 2157 2441 2195 convenire

198 2201 300 2249 apud
329 2200 599 2247 maqistratum,
635 2199 696 2235 cui
724 2199 814 2235 haec
843 2209 903 2234 res
934 2209 1043 2234 curae
1074 2203 1143 2242 est,
1179 2204 1217 2236 et
1245 2211 1357 2236 unum
1386 2200 1443 2236 vel
1473 2201 1581 2236 etiam
1603 2199 1753 2246 plures,
1790 2204 1972 2246 quotquot
2002 2200 2052 2236 ad
2081 2201 2258 2237 bonorum
2288 2202 2440 2239 admini-

195 2247 408 2282 strationem
430 2245 639 2291 sufficiant,
672 2254 722 2280 ex
745 2244 836 2290 ipsis
859 2243 992 2290 eliqere
1016 2247 1051 2280 et
1072 2245 1272 2288 nominare,
1304 2249 1415 2291 atque
1442 2244 1546 2280 illum
1578 2244 1635 2281 vel
1663 2244 1747 2280 illos
1777 2256 1837 2280 res
1867 2246 2063 2292 impuberis
2092 2246 2366 2284 administrare:
2400 2253 2440 2284 ut

193 2290 395 2339 periculum
419 2290 552 2326 tutelae
575 2289 739 2325 omnibus
767 2289 952 2325 immineat
979 2289 1043 2335 qui
1066 2289 1116 2325 ad
1139 2290 1287 2326 tutelam
1311 2293 1499 2333 vocantur,
1531 2300 1727 2336 eorumque
1750 2289 1846 2326 bona
1870 2291 2003 2327 tacitae
2026 2291 2251 2338 hypothecae
2274 2294 2353 2329 iure
2375 2294 2439 2329 im-

194 2336 324 2384 puberi
374 2346 417 2371 ro
442 2334 512 2370 hac
535 2334 851 2370 administratione
875 2334 1090 2380 obliqentur.

331 2346 394 2418 51.
441 2380 546 2417 Haec
569 2385 687 2416 autem
711 2381 833 2416 omnia
884 2390 1102 2426 uaecumque
1120 2379 1164 2416 de
1179 2380 1466 2417 successionibus
1486 2380 1631 2427 qeneris
1648 2380 1851 2423 sanximus,
1875 2380 1920 2416 de
1936 2381 2011 2417 illis
2026 2382 2146 2418 valere
2162 2382 2338 2427 volumus,
2363 2385 2439 2430 qui-

196 2437 348 2472 cumque
371 2425 572 2462 catholieae
593 2428 679 2460 sunt
697 2425 797 2470 fidei.
1058 2426 1065 2432 '
2394 2430 2401 2437 '

196 2472 428 2508 novatt‘onem
443 2471 500 2507 vel
514 2470 793 2506 deminutionem
808 2480 859 2506 ex
868 2471 1060 2517 praesenti
1076 2470 1109 2507 le
1135 2482 1155 2507 e
1170 2471 1365 2507 subituras.
1411 2470 1542 2514 Quaei
1568 2471 1642 2506 itur
1659 2481 1728 2517 per
1743 2470 1838 2506 hanc
1857 2472 2148 2508 constitutionem
2168 2473 2205 2507 in
2224 2478 2439 2520 perpetuum

197 2516 457 2554 observandam
480 2516 657 2552 serenitas
679 2519 807 2551 nostra
830 2516 970 2557 sanxit,
1002 2515 1047 2551 de
1069 2515 1098 2551 il
1112 2517 1143 2552 is
1167 2516 1312 2553 casibus
1342 2516 1462 2552 valere
1492 2482 1657 2552 voqumus
1687 2517 1751 2567 qui
1775 2516 1820 2551 ab
1843 2516 1948 2552 initio
1971 2518 2102 2553 mensis
2125 2515 2215 2552 Iulii
2236 2519 2440 2563 praesentis

195 2567 323 2598 sextae
353 2561 562 2597 indictionis
592 2561 824 2607 contiqerunt
855 2560 911 2597 vel
935 2560 1043 2596 etiam
1069 2564 1201 2607 postea
1234 2562 1455 2608 continqent.
1504 2560 1698 2597 Praeteriti
1724 2561 1818 2596 enim
1851 2571 1958 2597 casus
1988 2563 2055 2609 qui
2081 2573 2196 2609 usque
2227 2563 2277 2599 ad
2300 2567 2440 2611 tempus

195 2607 303 2644 modo
328 2610 564 2643 memoratum
586 2609 781 2642 evenerunt
803 2609 845 2641 ut
865 2605 1061 2642 secundum
1083 2610 1220 2642 veteres
1243 2607 1341 2652 leqes
1364 2606 1580 2643 decidantur
1599 2606 1857 2653 praecipimus.

332 2651 444 2699 Epil
451 2663 472 2687 o
481 2662 574 2697 qus.
623 2650 701 2686 Tua
725 2651 838 2696 iqitur
860 2651 981 2697 qloria
1012 2662 1107 2697 quae
1133 2662 1204 2698 per
1232 2657 1460 2698 praesentem
1491 2653 1604 2698 leqem
1635 2662 1659 2687 a
1682 2651 1785 2687 nobis
1809 2651 2006 2687 constituta
2028 2655 2114 2687 sunt
2146 2656 2186 2688 ut
2209 2652 2259 2688 ad
2282 2654 2438 2689 omnium

196 2698 363 2734 notitiam
387 2697 533 2734 veniant
550 2696 779 2743 prospiciat,
810 2696 848 2731 in
873 2695 943 2732 hac
965 2696 1108 2742 quidem
1131 2697 1236 2743 reqia
1259 2697 1403 2733 civitate
1426 2697 1552 2733 edictis
1582 2707 1681 2733 more
1703 2696 1810 2731 solito
1827 2697 2043 2743 propositis,
2075 2697 2112 2731 in
2132 2698 2332 2743 provinciis
2354 2709 2438 2735 vero

195 2742 378 2788 mandatis
407 2741 458 2778 ad
479 2741 699 2778 clarissimos
729 2751 854 2776 earum
876 2741 1070 2787 praesides
1098 2742 1232 2783 missis,
1265 2746 1304 2777 ut
1328 2742 1463 2777 nemini
1485 2753 1608 2778 eorum
1638 2741 1702 2788 qui
1725 2742 1877 2787 imperio
1902 2744 2027 2776 nostro
2050 2742 2202 2778 subiecti
2223 2748 2309 2778 sunt
2338 2754 2437 2779 man-

194 2787 395 2824 suetudinis
427 2791 576 2823 nostrae
606 2787 706 2822 circa
730 2796 791 2822 eos
815 2785 1052 2832 providentia
1082 2787 1309 2834 incomperta
1332 2789 1379 2823 sit
1385 2800 1400 2829 ;
1440 2788 1493 2823 ita
1517 2791 1635 2823 tamen
1663 2789 1703 2822 ut
1725 2787 1802 2821 sine
1834 2786 1908 2822 ullo
1941 2786 2070 2821 civium
2101 2791 2138 2822 et
2153 2788 2437 2834 provincialium

196 2833 410 2869 detrimento
438 2831 601 2868 omnibus
626 2831 716 2867 locis
732 2831 943 2877 praesentis
967 2832 1058 2878 leqis
1082 2832 1280 2868 insinuatio
1302 2833 1382 2877 fiat.

241 2915 264 2947 4
285 2910 405 2956 μέλλει
422 2913 495 2945 ML
513 2912 527 2955 ss
546 2914 586 2946 10
610 2910 742 2952 ταύτης
762 2910 835 2952 τῆς]
860 2910 1051 2944 huiusmodi
1075 2923 1094 2948 ς
1108 2910 1122 2956 11
1143 2914 1179 2946 11
1208 2908 1284 2945 δια-

198 2956 308 3000 δοχὴν
326 2958 385 2991 M¹²
403 2957 416 3000 11
434 2958 477 2992 36
501 2959 622 2991 subscr.
644 2958 739 2990 habet
757 2956 890 2998 lathem,
916 2958 988 2990 item
1001 2957 1065 2990 Iul.
1080 2958 1149 2990 cod.
1167 2957 1254 2991 Utin.
1272 2956 1285 2999 ss

197 3013 287 3036 xvu.
305 3004 337 3036 k.
355 3012 431 3045 aug.
448 3003 537 3036 lum
555 3000 640 3047 (πρὸ
661 2999 710 3043 ιζ’
725 2997 921 3053 καλάνδων
936 2997 1167 3047 Αὐγούστων
1178 3002 1284 3044 Aeh.)]

197 3070 293 3093 sxcn
307 3058 353 3092 kl.
370 3068 438 3101 ags.
455 3055 538 3092 Iul.»
561 3067 649 3090 xum
667 3061 713 3089 W
728 3054 787 3098 (κδ
802 3059 906 3092 minus
921 3065 1006 3091 recte
1024 3058 1102 3102 leqit
1118 3066 1147 3091 et
1162 3059 1196 3091 k.
1214 3058 1282 3091 dee.

198 3102 954 3192 nzr‘sszxueraaw.¹‘·.2¹.÷³;.-t3²‘'1,·
972 3113 1284 3190 ξω

198 3174 336 3236 (miiiari
354 3195 456 3236 Utin.)
469 3192 551 3227 [κιο
571 3193 673 3233 [μοι]
698 3172 769 3236 οὲρ.
791 3203 867 3226 mm.
887 3193 929 3225 M
949 3192 1090 3236 septimo
1101 3194 1202 3234 Iutw,
1224 3206 1282 3227 om.

199 3240 280 3273 lut.»
297 3240 310 3283 fl
326 3238 421 3282 impi.
435 3239 516 3271 dnn.
532 3237 718 3271 iustiniano
734 3248 824 3271 anno
837 3237 941 3271 XVII
960 3238 1050 3272 Utin.
1076 3237 1156 3282 imp.
1171 3238 1284 3271 donno

199 3285 345 3317 iustiano
368 3295 458 3317 anno
470 3283 571 3316 XCII
594 3281 675 3316 lut!
704 3282 782 3325 imp.
797 3283 889 3316 iusti.
910 3293 999 3316 anno
1012 3282 1079 3316 VII
1096 3283 1179 3316 deci.
1194 3284 1283 3317 lum

200 3330 319 3362 domno
332 3332 434 3373 postr.
450 3327 637 3362 iustiniano
652 3329 793 3371 septimo
809 3328 937 3361 decimo
946 3328 1030 3361 Iutv
1047 3328 1126 3371 imp.
1141 3329 1195 3361 dn.
1206 3328 1283 3361 iust.

199 3384 255 3417 pp.
272 3385 347 3415 aug.
366 3375 406 3408 M
428 3371 611 3416 βασιλείας
631 3368 887 3406 Ἰουστινιανοῦ
909 3369 953 3406 τὸ
979 3372 1116 3418 ιβ’(ίερ.
1131 3370 1191 3416 ιζ)
1206 3373 1283 3407 Ath.

201 3420 272 3452 ἔτει
295 3419 358 3461 τῆς
380 3416 564 3463 βασιλείας
588 3415 632 3459 ιζ’
649 3418 771 3451 Theod.
789 3418 801 3462 ΙΙ
820 3420 861 3453 37
886 3428 980 3460 pons.
999 3418 1101 3452 consl.
1125 3418 1172 3451 fl.⁵
1187 3417 1284 3452 basili

202 3474 253 3495 uc.
277 3474 365 3496 anno
389 3463 534 3497 seeundo
556 3461 639 3497 Iul-¹³
672 3462 765 3505 μετὰ
794 3462 864 3505 τὴν
892 3459 1071 3497 ὑπατείαν
1094 3461 1285 3497 Βασιλείου

202 3506 244 3539 τὸ
260 3507 294 3550 β’
312 3510 385 3542 Aah.
398 3510 453 3551 (cs.
465 3511 508 3550 ς),
531 3518 581 3551 pc.
603 3507 702 3541 basili
722 3507 805 3540 anni
819 3509 908 3542 IuLw
931 3511 1006 3550 post
1024 3508 1123 3541 consi.
1141 3508 1285 3541 bilisarii

203 3562 290 3585 anno
307 3554 405 3585 tertio
420 3554 507 3587 Utin.
531 3556 608 3595 post
623 3552 749 3586 consul.
768 3563 857 3586 anno
873 3553 973 3586 tertio
990 3553 1073 3586 IuLP
1101 3552 1194 3595 μετὰ
1214 3552 1285 3596 τὴν

204 3592 381 3630 ὑπατείαν
396 3595 583 3630 Βασιλείου
599 3599 720 3631 Theod.
743 3597 841 3631 basili
861 3608 914 3631 ue.
932 3608 1035 3631 consa.
1051 3598 1097 3631 M
1112 3598 1126 3642 ΙΙ
1150 3599 1193 3633 38
1213 3598 1282 3632 ind.

205 3639 252 3671 vl
286 3641 342 3682 (cf.
363 3654 391 3674 v.
406 3643 475 3683 20)]
499 3640 567 3676 ἰνδ.
582 3640 611 3679 ς’
627 3643 762 3686 ΤΙιεοά.,
788 3655 848 3676 om.
869 3650 940 3678 cett.

883 2436 902 2460 e
926 2424 1118 2461 haereticis
1141 2426 1235 2461 enim
1259 2426 1357 2472 leqes
1386 2427 1458 2462 iam
1483 2437 1507 2461 a
1531 2425 1635 2461 nobis
1659 2425 1754 2461 latas
1773 2426 1902 2470 firmas
1934 2437 2011 2462 esse
2035 2427 2194 2463 iubemus
2224 2428 2362 2463 nullam
2386 2440 2438 2464 m-

1396 2913 1417 2946 6
1430 2911 1575 2945 minores
1595 2911 1644 2953 VM
1656 2910 1838 2952 gubernari
1850 2911 1900 2945 Εἰ
1913 2911 1923 2954 {l
1937 2913 1954 2945 7
1969 2911 2011 2944 ad
2026 2910 2132 2944 tulam
2146 2911 2198 2945 T²
2209 2912 2220 2951 Η
2236 2913 2273 2946 11
2287 2914 2374 2946 rubr.
2388 2914 2437 2946 De

1352 2958 1388 2989 ui
1409 2959 1442 2990 et
1466 2959 1518 2997 (ac
1531 2957 1576 2998 R)
1600 2958 1762 2999 potestate
1786 2956 2039 2990 constitutionis
2063 2957 2099 2989 in
2123 2956 2437 2998 (constitutionibus

1353 3003 1385 3034 et
1396 3002 1443 3045 R)
1457 3002 1607 3045 personis
1621 3003 1653 3035 et
1665 3001 1869 3044 temporibus
1882 3002 1951 3035 ΕΤ
1961 3004 1993 3035 in
2007 3014 2108 3045 mary.
2118 3002 2170 3043 (ex
2182 3002 2258 3043 Iul.)
2275 3001 2287 3046 ΙΙ
2308 3003 2349 3036 12
2363 3013 2437 3036 san-

1352 3047 1457 3080 cimus
1482 3048 1575 3088 libri,
1606 3046 1807 3080 sancivimus
1830 3048 1917 3090 vulq.
1933 3046 1946 3089 u
1967 3048 2008 3082 16
2032 3047 2118 3079 hanc
2141 3057 2200 3090 per
2225 3047 2281 3091 ΤΙΙ
2300 3049 2341 3082 18
2365 3048 2436 3090 qui]

1352 3092 1431 3133 quia
1453 3092 1562 3125 V²T¹
1578 3092 1590 3135 ΙΙ
1618 3102 1639 3125 a
1662 3091 1839 3135 principiis
1862 3092 1941 3124 iulii
1961 3091 2046 3134 men!
2072 3104 2133 3125 scr.
2157 3091 2208 3125 V2
2227 3094 2259 3126 in
2279 3105 2345 3126 ras.
2365 3093 2377 3136 ΙΙ
2398 3095 2436 3127 19

1351 3137 1527 3179 inditionis
1543 3136 1672 3181 RVTu
1691 3139 1884 3178 evenerunt]
1909 3147 1966 3170 sue
1990 3138 2157 3170 uenerunt
2180 3137 2214 3169 R
2236 3147 2294 3170 seu
2319 3148 2436 3170 euene-

1352 3185 1432 3214 runt
1453 3182 1515 3215 VT
1523 3183 1610 3225 vulq.
1634 3181 1646 3225 ΙΙ
1667 3184 1726 3215 aut
1747 3183 1779 3215 R
1790 3182 1868 3224 VT]
1893 3192 1950 3215 seu
1973 3183 2062 3225 vulq.
2087 3181 2100 3225 ΙΙ
2123 3182 2204 3214 haec
2230 3195 2288 3215 om.
2311 3183 2368 3226 Vss
2393 3184 2436 3217 20

1352 3227 1552 3268 emergerint
1567 3228 1599 3260 T
1606 3226 1617 3247 ¹
1638 3227 1833 3260 emerserint
1849 3226 1899 3261 Τ8
1907 3227 1995 3270 vulq.
2014 3225 2027 3271 ΙΙ
2043 3226 2195 3259 cedentes
2207 3227 2255 3259 R¹
2273 3227 2286 3270 ss
2304 3229 2344 3262 21
2361 3238 2435 3270 per-

1351 3272 1548 3305 transierint
1574 3271 1693 3316 Τ1122
1716 3272 1824 3305 decidi
1847 3273 1933 3315 vulq.
1952 3272 1965 3315 ΙΙ
1990 3273 2032 3306 26
2057 3271 2248 3314 dispositam
2272 3271 2329 3315 ΤΙΙ
2345 3271 2435 3304 omni

1354 3317 1386 3350 T
1397 3318 1409 3360 ΙΙ
1429 3319 1470 3351 27
1485 3317 1618 3359 quidem
1631 3317 1880 3361 Spanqenberq]
1895 3317 1983 3350 enim
2000 3318 2077 3351 libri
2090 3318 2102 3360 11
2121 3316 2268 3357 civitate]
2285 3315 2367 3349 urbe
2379 3316 2412 3348 R
2423 3316 2436 3356 11

1353 3363 1396 3396 28
1416 3362 1615 3405 praepositis
1638 3362 1723 3404 VTn
1742 3362 1923 3404 diligendis
1945 3362 2003 3403 Vll
2019 3364 2061 3396 30
2082 3363 2197 3394 nostra
2219 3361 2275 3404 Vll
2291 3362 2329 3394 31
2357 3370 2434 3402 pro-

1352 3407 1511 3449 videntia]
1532 3406 1745 3450 prouidentia
1769 3409 1828 3439 tua
1851 3406 1937 3440 R¹T
1949 3406 1962 3450 ss
1979 3407 2023 3440 tffi
2038 3407 2072 3440 R
2088 3406 2100 3450 ΙΙ
2119 3407 2162 3440 36
2173 3406 2433 3448 subscriptionem

1353 3464 1434 3485 unus
1459 3453 1554 3486 habet
1577 3452 1831 3496 Neoburyensis‚
1862 3464 1946 3495 quae
1970 3459 2073 3486 tamen
2097 3452 2224 3484 videtur
2246 3462 2286 3483 ez·
2307 3449 2436 3483 Iuliani

1352 3488 1586 3540 suff-scriptione
1602 3498 1830 3541 praecedentis
1847 3497 2081 3530 constitutionis
2102 3506 2272 3538 perperam
2297 3497 2433 3537 repetita

1350 3553 1420 3621 {effic
1437 3549 1478 3621 XT
1489 3543 1684 3620 inbterpolata
1700 3543 1755 3585 (cs.
1771 3543 1817 3575 ad
1829 3543 1906 3583 566,
1920 3543 1965 3583 31)
1981 3541 1994 3588 ΙΙ
2018 3539 2221 3575 iustinianus
2237 3538 2340 3572 Neob.
2361 3539 2373 3585 ΙΙ
2390 3541 2431 3577 37

1475 3599 1509 3620 eo
1533 3611 1541 3620 .
2009 3615 2011 3617 ,
