2618 4010
268 145 374 189 Nov.
403 145 446 187 II
473 157 534 200 pr.
566 148 599 187 1.
632 147 655 185 2

266 255 368 290 οὔπω
394 254 480 299 πρὸς
511 251 580 288 «lvci
603 253 639 289 ὸς
670 252 847 289 ἐλθούσας
877 253 1039 299 δευτέρου
1070 258 1222 300 μητέρας
1253 253 1344 299 μετὰ

266 302 345 334 τῶν
368 298 513 334 παίδων
536 313 579 332 κα
603 303 666 339 εῖν,
698 297 760 333 τὰς
783 297 823 333 δὲ
847 297 1021 343 δευτέροις
1045 295 1262 343 ὁμιλησάσας
1275 297 1343 355 yd-

265 356 343 388 μοις
362 340 428 377 οὐκ
452 344 517 377 ἔτι.
558 344 724 377 ἐνταῦθα
748 341 788 377 δὲ
811 348 873 378 καί
893 359 930 378 τι
953 345 1057 384 ξενον
1080 342 1243 378 ὑπεῖναι·
1266 356 1343 377 εαυ·

266 389 332 431 τὴν
354 387 422 435 γὰρ
446 387 655 433 φιλοτιμίαν
677 389 725 422 εἰς
748 387 814 422 τὸν
830 388 943 423 παῖδα
968 392 1184 466 ποιουίιένην
1206 386 1343 434 προφὰ·

1358 142 1406 188 12

1686 159 1745 190 NE
1773 160 1993 192 MULIERES
2022 160 2220 193 SECUNDO
2248 158 2478 192 mmnn'rsss

1409 259 1517 301 atque
1548 258 1678 290 matres
1709 256 1848 300 quidem
1878 258 2031 294 nondum
2062 259 2108 295 ad
2136 258 2250 294 virum
2284 257 2478 295 secundum

1410 301 1589 336 venientes
1613 310 1694 335 cum
1716 300 1798 336 filiis
1817 303 1947 346 vocari,
1970 313 2062 348 quae
2079 312 2162 339 vero
2186 302 2349 338 secundis
2369 313 2477 347 copu-

1409 344 1531 380 lantur
1553 344 1703 388 nuptiis,
1727 354 1964 392 nequaquam3
1996 347 2055 383 hic
2077 352 2196 383 autem
2217 348 2325 383 etiam
2348 347 2478 392 aliquid

1410 389 1535 424 adesse
1557 388 1798 434 peregrinum:
1830 399 1870 424 se
1897 391 1990 426 enim
2019 392 2218 436 largitatem
2240 393 2276 427 in
2298 392 2371 427 filio
2394 402 2479 426 con-

266 446 320 486 σει
338 445 400 476 της
426 432 605 484 έπιλογῆς,
628 430 853 478 ἀντιδωρεὰν
875 433 1009 478 μᾶλλον
1026 434 1057 466 εἰ
1079 436 1208 478 ηφέναι
1225 431 1344 467 δοκεῖν
1378 433 1581 468 Merentem
1605 432 1791 468 occasione
1812 433 1992 471 electionis
2015 447 2138 472 rursus
2161 437 2385 473 donationem
2414 447 2479 481 po-

266 490 357 530 ηπερ
379 476 502 511 ἁπλῶς
523 474 619 511 οὓτω
643 475 765 522 κέρδος
788 475 1045 525 ἀσυλλόγιστον
1067 478 1172 530 ἐζχειν.
1224 479 1344 511 Ταῦτα

266 526 360 565 ημεῖς
383 523 443 555 ἐπὶ
467 520 557 556 πολὺ
581 519 881 562 κατεξετάσαντες
902 526 962 556 καὶ
985 521 1053 564 τὴν
1076 520 1164 563 ὀλην
1182 522 1259 555 τῶν
1273 535 1344 556 τοι·

265 565 384 599 ούτων
408 565 589 621 έπιλογῶν
604 580 644 601 τε
663 570 724 601 καὶ
739 566 988 620 κληρονομιῶν
1003 567 1170 612 θεωρίαν
1190 565 1343 600 ἀνασκο-

1411 478 1481 512 tius
1516 477 1692 522 recepisse
1726 477 1838 513 videri
1894 489 1976 515 uam
2009 481 2062 516 sic
2095 481 2304 526 simpliciter
2343 481 2479 516 lucrum

1412 521 1655 557 irrationabile
1690 522 1832 557 habere.
1870 489 1987 559 qHaec
2021 535 2086 561 nos
2121 525 2182 560 diu
2216 529 2480 571 perscrutantes

1411 571 1447 601 ct
1470 577 1608 602 omnem
1631 566 1756 601 talium
1779 566 1990 603 electionum
2014 573 2050 604 et
2071 570 2304 606 hereditatum
2324 573 2480 606 contem-

267 610 436 655 πιούμενοι
461 610 538 644 δεῖν
554 610 730 666 ῳήθημεν
752 625 876 645 κοινον
892 614 952 646 ἐπὶ
963 610 1102 645 τούτοις
1123 609 1261 657 γράψαι
1283 611 1341 646 νό·
1411 612 1604 656 plationem
1639 611 1906 647 considerantes
1941 617 2106 656 oportere
2140 615 2350 651 credidimus
2385 626 2479 650 com-

266 669 345 697 μο-ν,
369 652 463 690 καθ’
489 653 532 690 ὃν
554 660 614 690 καὶ
638 670 660 700 η
682 658 847 703 παροῦσα
880 655 1021 699 ζήτησις
1053 654 1193 698 δέχεται
1221 658 1341 702 πέρας.
1360 659 1398 691 10
1412 667 1552 692 munem
1571 666 1679 701 super
1698 656 1754 691 his
1777 656 1934 692 scribere
1956 657 2078 702 legem.
2101 659 2293 696 secundum
2316 670 2423 705 quam
2445 663 2481 695 et

1407 712 1577 746 praesens
1602 701 1767 747 quaestio
1791 701 1950 746 suscepit
1971 702 2169 738 terminum.

1276 801 1432 838 CAPUT
1456 802 1485 838 1.

312 867 531 913 Συνείδομιν
554 873 677 903 τοίνυν
707 868 757 913 μὴ
778 870 1037 915 συγκεχυμένον
1062 869 1169 902 τοῦτο
1191 867 1233 903 τὸ
1261 872 1344 913 περὶ
1457 869 1707 914 Perspeximus
1731 869 1851 914 itaque
1874 880 1945 905 non
1970 869 2157 904 confusum
2180 869 2250 906 hoc
2273 871 2318 906 de
2340 871 2482 907 electio-

266 916 343 948 τῶν
365 913 546 959 ἐπιλογῶν
566 917 625 947 καὶ
644 910 851 959 ἀδιάκριτον
871 911 1095 963 καταλιπεῖν,
1115 911 1203 947 ἀλλὰ
1227 913 1345 947 τοιαύ-
1413 914 1518 950 nibus
1542 914 1840 959 indiscretumque
1863 915 2074 958 relinquere.
2098 914 2160 949 sed
2179 914 2380 951 huiusmodi
2399 916 2484 951 dare

264 972 332 1000 την
352 958 478 992 δοῦναι
497 960 553 1001 τῷ
571 956 755 1005 πράγματι
771 957 885 998 τάξιν,
911 954 999 991 (hm
1017 959 1079 1001 τῆς
1097 958 1228 1003 μητρὸς
1247 956 1346 1000 ἅπαξ
1413 959 1571 994 ordinem
1601 969 1749 994 causae:
1781 962 1895 994 matre
1925 960 2033 994 semel
2063 958 2109 993 ad
2138 959 2313 996 secundas
2341 961 2484 1006 nuptias

264 1005 312 1038 εἰς
342 1002 523 1048 δευτέρους
559 1000 689 1049 γάμους
719 1000 895 1044 ἐλθούσης
930 1000 1052 1047 κέρδος
1085 1000 1196 1037 εὐθὺς
1231 1000 1399 1039 &nav-15»
1413 1005 1575 1039 veniente
1596 1004 1733 1039 lucrum
1756 1015 1839 1039 mox
1867 1003 2112 1039 tantummodo
2142 1003 2296 1039 filiorum
2326 1005 2484 1050 proprie-

264 1062 340 1082 των
359 1049 437 1082 τῶν
457 1045 602 1083 παίδων
620 1046 688 1089 τὴν
709 1044 925 1081 δεσποτείαν
944 1049 1006 1090 τῆς
1029 1052 1270 1094 ποογαμιαιάς
1293 1052 1344 1096 γί-
1413 1053 1521 1084 tatem
1543 1049 1799 1093 antenuptialis
1822 1049 1899 1084 fieri
1927 1048 2147 1091 donationis,
2179 1053 2215 1084 et
2243 1048 2379 1084 nullam
2408 1059 2485 1084 esse

267 1094 400 1126 νεσθαι
423 1090 574 1137 δωρεᾶς,
606 1095 666 1125 καὶ
689 1090 869 1136 μηδεμίαν
891 1090 1017 1126 ἄδειαν
1045 1081 1138 1127 εἶναι
1166 1095 1212 1140 τῇ
1235 1097 1344 1139 μητρὶ
1413 1094 1591 1129 licentiam
1614 1094 1719 1129 matri
1743 1093 1832 1129 alios
1865 1094 2005 1138 quidem
2033 1093 2188 1128 filiorum
2220 1094 2365 1137 eligere,
2396 1093 2485 1128 alios

264 1136 344 1171 τούς
366 1139 433 1181 μὲν
456 1139 534 1170 τῶν
557 1134 702 1170 παίδων
723 1135 970 1183 ἐπιλέγεσθαι,
994 1135 1075 1172 τοὺς
1091 1136 1130 1171 δὲ
1145 1135 1342 1182 ἀτιμάζειν,
1411 1141 1531 1174 autem
1554 1139 1791 1179 exhonorare.
1816 1139 1983 1184 quoniam
2006 1138 2169 1173 omnibus
2194 1138 2298 1174 simul
2322 1138 2487 1174 secundis

265 1181 358 1216 διότι
383 1179 520 1216 πάντας
543 1177 631 1225 ὁμοῦ
655 1184 728 1215 τοῖς
748 1179 923 1225 δευτέροις
936 1179 1062 1229 ὕβρισε
1077 1180 1210 1229 γάμοις.
1240 1180 1343 1217 ’Ὠςτε
1412 1183 1546 1228 nuptiis
1569 1183 1656 1219 fecit
1678 1183 1835 1218 iniurias.
1876 1183 2100 1228 Quapropter
2122 1183 2230 1218 otiam
2252 1184 2289 1219 in
2307 1183 2486 1228 praesenti

263 1230 322 1259 καὶ
354 1228 414 1259 ἐπὶ
445 1226 507 1259 τοῦ
540 1224 719 1273 παρόντος
745 1223 767 1268 ἡ
791 1224 983 1261 δεσποτεία
1013 1228 1075 1270 τῆς
1103 1232 1343 1275 προγαμιαίας
1357 1230 1399 1261 20
1412 1229 1611 1281 proprietas
1647 1228 1901 1273 antenuptialis
1935 1228 2136 1263 donationis
2175 1232 2254 1264 tota
2292 1228 2340 1264 ad
2376 1227 2487 1263 filiam

264 1270 397 1315 δωρεᾶς
420 1266 483 1310 ὅλη
508 1269 596 1315 πρὸς
619 1270 687 1314 τὴν
711 1269 826 1305 παῖδα
850 1268 1148 1318 παραγενήσεται,
1179 1274 1241 1315 τῆς
1262 1270 1342 1318 χρή·
1412 1277 1543 1313 vemet,
1567 1283 1638 1308 usu
1661 1273 1758 1318 apud
1780 1277 1946 1314 matrem,
1976 1273 2090 1308 donec
2114 1273 2270 1315 advivet,
2302 1272 2484 1308 servando.

264 1327 352 1349 σεως
383 1314 482 1361 παρὰ
513 1316 558 1369 τῇ
588 1319 698 1361 μητρὶ
730 1318 830 1361 μέχρι
861 1320 1022 1362 περίεστι
1058 1316 1343 1362 φυλαττομένης·
1413 1318 1463 1352 Et
1497 1318 1692 1353 secundum
1727 1322 1884 1353 nostram
1926 1317 2231 1361 constitutionem,
2272 1318 2304 1353 si
2369 1317 2484 1353 uidem

264 1364 322 1393 καὶ
342 1358 433 1393 κατὰ
446 1359 512 1402 τὴν
526 1364 701 1407 ημετέραν
716 1359 892 1402 διάταξιν,
912 1362 943 1394 εἰ
953 1363 1021 1405 μὲν
1036 1359 1058 1404 ἡ
1072 1359 1189 1407 μήτηρ
1203 1374 1341 1408 προαπ-
1412 1365 1525 1397 mater
1547 1362 1824 1406 praemoriatur,
1849 1362 1942 1397 filiae
1965 1366 2042 1398 tota
2064 1363 2316 1408 antenuptialis
2365 1363 2485 1397 onatio

266 1404 387 1446 ἑλθοι,
420 1407 464 1452 τῇ
490 1403 595 1439 παιδὶ
618 1406 679 1449 τῆς
702 1403 784 1448 ὅλης
817 1409 1057 1452 προγαμιαίας
1080 1405 1215 1452 δωρεᾶς
1238 1403 1342 1451 ιὶρμο-
1413 1408 1600 1451 competit:
1632 1408 1663 1442 si
1686 1417 1769 1442 vero
1793 1407 1883 1448 filia,
1915 1412 2033 1442 manet
2056 1407 2196 1451 quidem
2218 1407 2315 1453 apud
2338 1411 2485 1442 matrem

264 1449 403 1492 ζοὺσης·
430 1451 461 1483 εἰ
481 1448 521 1482 δὲ
538 1447 559 1492 ἡ
575 1454 668 1491 παῖς,
691 1453 813 1494 μένειν
832 1452 899 1494 μὲν
921 1450 1022 1497 παρὰ
1043 1452 1089 1497 τῇ
1126 1454 1220 1496 ιητρὶ
1243 1453 1286 1486 τὸ
1306 1453 1344 1484 ἐκ
1357 1455 1399 1487 25
1412 1452 1550 1487 lucrum
1574 1462 1618 1487 ex
1641 1455 1748 1496 pacto
1773 1463 1846 1487 non
1869 1452 2093 1487 existentium
2118 1452 2288 1493 filiorum,
2311 1452 2486 1498 reliquum

263 1497 326 1528 τοῦ
348 1496 409 1537 τῆς
428 1493 599 1529 ἀπαιδίας
618 1494 814 1540 συμφώνου
832 1494 963 1540 κέρδος,
986 1494 1030 1530 τὸ
1047 1494 1087 1530 δὲ
1102 1465 1231 1531 λοιπὸν
1252 1496 1345 1530 εἶναι
1412 1507 1494 1531 vero
1525 1497 1595 1532 erit
1625 1497 1735 1539 filiae,
1767 1499 1805 1532 ct
1831 1496 1986 1532 moriens
2010 1497 2078 1532 hoc
2101 1497 2310 1533 transmittit
2331 1497 2378 1532 ad
2401 1508 2486 1532 suos

263 1541 323 1582 τῆς
347 1537 491 1580 παιδός,
523 1543 583 1573 καὶ
613 1539 840 1574 τελευτῶσαν
868 1542 975 1574 τοῦτο
1006 1543 1266 1585 παραπέμπειν
1296 1543 1345 1575 εἰς
1412 1541 1571 1584 heredes,
1596 1542 1627 1577 si
1649 1541 1711 1587 qui
1733 1552 1778 1577 ex
1800 1541 1877 1586 Iege
1900 1544 2082 1577 vocantur.

263 1583 343 1662 ἷζὺς
374 1581 481 1627 αὐτῆς
512 1583 759 1631 κληρονόμους,
795 1585 831 1618 εἴ
856 1597 950 1619 τινες
980 1587 1019 1619 ἐκ
1047 1587 1111 1619 τοῦ
1142 1584 1253 1631 νόμου
1283 1599 1344 1620 κα-

305 1643 394 1663 ιντο.

1266 1698 1423 1734 CAPUT
1446 1699 1492 1733 11.

313 1764 358 1799 Τὸ
389 1763 429 1799 δὲ
461 1764 653 1812 γινόμενον
685 1767 752 1808 μὲν
786 1762 859 1807 ἀεί,
894 1766 993 1812 ῥητῷ
1031 1763 1072 1799 δὲ
1099 1763 1203 1801 οὔπω
1240 1764 1342 1811 νόμῳ
1357 1770 1398 1801 30
1455 1766 1534 1802 Hoc
1565 1767 1685 1801 autem
1716 1766 1812 1811 quod
1846 1766 1887 1800 fit
1921 1766 2062 1811 quidem
2093 1777 2249 1812 semper,
2290 1768 2486 1813 expressim

263 1809 510 1856 διωρισμένον,
534 1810 641 1843 τοῦτο
663 1811 711 1843 εἰς
730 1808 841 1852 καλὴν
864 1810 986 1855 παραύ
1009 1813 1092 1853 ησίν
1110 1823 1150 1844 τε
1173 1814 1234 1845 καὶ
1252 1824 1305 1846 πα
1330 1831 1342 1838 -
1411 1821 1494 1847 vero
1518 1811 1674 1846 nondum
1698 1812 1774 1855 lege
1797 1812 2069 1846 determinatum
2093 1814 2165 1855 est,
2194 1813 2264 1847 hoc
2291 1813 2337 1847 ad
2361 1813 2485 1848 melius

262 1855 423 1897 ενθήκην
454 1853 601 1899 δίδομεν
631 1853 728 1897 τῷδε
758 1856 812 1898 τῷ
836 1852 951 1899 νόμῳ.
997 1856 1044 1889 Εἰ
1072 1855 1141 1903 γὰρ
1171 1854 1213 1889 οὐ
1238 1868 1305 1890 παι
1330 1860 1343 1890 ἱ
1411 1856 1668 1891 incrementum
1711 1860 1747 1891 et
1790 1856 2094 1902 interpositionem
2128 1857 2252 1892 damus
2286 1857 2370 1893 huic
2403 1858 2484 1902 legi.

262 1898 380 1942 τυχόν,
411 1897 501 1933 ἀλλά
528 1913 603 1933 τινι
627 1901 705 1933 τῶν
728 1898 873 1939 ἔξωθεν
896 1897 918 1942 ἧ
939 1898 1057 1947 μήτηρ
1086 1898 1141 1934 ἔτι
1165 1899 1343 1946 δευτέρων
1410 1901 1503 1935 Nam
1535 1901 1565 1936 si
1595 1912 1668 1936 non
1697 1901 1770 1936 filio
1799 1902 1910 1943 forte,
1943 1902 2005 1936 sed
2037 1901 2144 1936 alicui
2176 1906 2342 1937 extraneo
2374 1907 2487 1938 mater

262 1942 403 1991 ἄπειρος
426 1940 516 1981 οὖσα
535 1943 667 1996 ἴάμων
686 1944 815 1990 μοῖράν
833 1957 917 1978 τινα
935 1946 998 1988 τῆς
1015 1957 1134 1992 προγα
1148 1949 1256 1980 natas
1273 1944 1342 1980 δω·
1411 1945 1529 1981 adhuc
1559 1945 1733 1981 secundas
1763 1957 1835 1982 non
1865 1950 2014 1990 experta
2044 1947 2188 1991 nuptias
2211 1951 2351 1992 partem
2374 1957 2484 1992 quan-

262 1991 351 2043 ρεᾶς,
375 1989 397 2031 ἢ
419 2002 455 2022 τι
479 2001 627 2035 πραγμα
651 1989 690 2029 ἐξ
713 1987 828 2032 αὐτῆς,
852 1988 875 2032 ἢ
898 1992 958 2022 καὶ
981 1991 1105 2024 πᾶσαν
1129 1959 1342 2033 δωρήσεται,
1355 1995 1397 2026 35
1410 1990 1492 2026 dam
1521 1991 1775 2035 antenuptialis
1813 1991 2014 2026 donationis
2051 1995 2116 2026 aut
2151 1991 2306 2036 aliquam
2335 2002 2411 2027 rom
2442 2002 2487 2027 ex

264 2049 282 2076 η
307 2030 387 2068 κατ’
415 2032 523 2067 ἄλλον
554 2032 662 2076 τυχὸν
692 2031 875 2077 ἑκποιήσει
903 2032 1051 2081 τρόπον,
1082 2035 1161 2069 εἶτα
1185 2022 1343 2080 ἴστερον
1411 2045 1454 2070 ea
1476 2036 1532 2071 vel
1554 2038 1668 2071 totam
1692 2035 1815 2078 donet,
1840 2039 1903 2071 aut
1928 2046 1992 2080 per
2015 2036 2122 2071 alium
2146 2036 2237 2071 forte
2260 2036 2390 2072 alienet
2412 2048 2486 2072 mo-

309 2127 348 2157 14
373 2123 435 2165 τῆς
455 2120 588 2169 μητρὸς
601 2148 721 2158 ......
745 2119 869 2171 κύριον
892 2124 994 2158 ἔσται
1013 2125 1082 2167 (13,
1107 2126 1164 2168 20)
1185 2126 1304 2159 habene
1327 2126 1506 2159 Procln'ron
1531 2128 1562 2167 6,
1588 2134 1619 2165 23
1650 2127 1854 2170 Epanayoye
1882 2127 1932 2167 19,
1955 2134 1998 2161 13.

261 2224 431 2259 maritum
454 2222 613 2258 nondum
637 2223 810 2265 venerint,
835 2233 914 2259 cum
937 2222 1061 2259 liberis
1084 2234 1225 2266 vocare,
1249 2224 1334 2259 illas
1356 2228 1487 2267 autem,
1511 2235 1606 2271 quae
1627 2225 1806 2261 secundas
1829 2226 1976 2271 nuptias
1998 2225 2165 2268 inierint,
2189 2237 2262 2261 non
2285 2226 2378 2262 item.
2419 2226 2487 2262 Hic

262 2279 347 2305 vero
372 2268 523 2303 absurdi
546 2279 691 2314 quoque
709 2267 851 2314 aliquid
870 2268 1035 2304 subesse:
1055 2278 1095 2304 se
1117 2268 1223 2311 enim,
1247 2280 1342 2315 quae
1365 2269 1616 2306 liberalitatem
1635 2270 1674 2304 in
1692 2270 1810 2315 filium
1827 2282 1900 2316 per
1916 2269 2124 2306 electionem
2144 2271 2350 2314 contulerit,
2375 2271 2487 2308 videri

261 2313 586 2350 remunerationem
603 2313 742 2359 potius¹
757 2313 940 2360 accepisse
963 2324 1072 2359 quam
1095 2313 1149 2348 ita
1170 2313 1384 2360 simpliciter
1406 2314 1547 2349 lucrum
1568 2315 1786 2350 irrationale
1808 2314 1948 2350 babere.
2023 2314 2127 2350 Haec
2157 2327 2225 2350 nos
2255 2316 2318 2351 diu
2348 2317 2485 2352 exami-

262 2363 391 2393 nantes
420 2369 630 2404 omnemque
658 2357 835 2393 eiusmodi
863 2357 1077 2393 electionum
1108 2362 1145 2393 ct
1173 2357 1413 2393 hereditatum
1443 2359 1622 2394 rationem
1653 2359 1942 2401 considerantes,
1971 2370 2190 2395 communem
2220 2360 2265 2396 de
2294 2360 2351 2397 his
2373 2361 2486 2408 quem

261 2402 489 2438 scribendam
512 2413 589 2438 esse
605 2402 830 2448 putavimus,
854 2413 905 2438 ex
927 2413 1003 2447 qua
1018 2403 1211 2448 praesenti
1233 2403 1341 2439 etiam
1390 2403 1570 2439 uaestioni
1591 2403 1784 2440 discrimen
1807 2404 1973 2450 affertur.

395 2448 424 2482 Ι.
470 2446 619 2482 Placuit
640 2447 755 2493 iqitur
777 2446 882 2482 nobis
904 2446 1001 2482 hunc
1023 2446 1069 2482 de
1091 2446 1325 2483 electionibus
1355 2414 1473 2483 etcum
1495 2459 1570 2483 non
1594 2448 1788 2494 confusum
1818 2459 1883 2484 nec
1904 2448 2151 2485 indistinctum
2179 2448 2393 2496 relinquere,
2423 2451 2492 2496 secl

263 2493 369 2530 talem
400 2492 455 2528 rei
486 2492 648 2528 ordinem
679 2492 915 2534 constituere,
947 2495 990 2527 ut
1011 2496 1127 2528 matre
1156 2492 1266 2528 semel
1287 2492 1466 2528 secundas
1496 2504 1546 2528 nu
1575 2492 1645 2528 tias
1675 2493 1911 2529 contrahente
1939 2504 2063 2530 omnes
2093 2494 2196 2530 liberi
2218 2495 2486 2541 proprietatem

261 2538 472 2574 donationis
494 2537 756 2583 antenuptialis
777 2537 901 2572 statim
925 2536 1019 2572 lucri
1038 2537 1204 2583 faciant,
1235 2548 1354 2582 neque
1374 2537 1450 2572 ullo
1474 2548 1533 2572 mo
1561 2548 1582 2572 ο
1613 2537 1724 2573 matri
1754 2538 1849 2573 alios
1878 2537 2074 2573 liberorum
2097 2539 2248 2585 eligere,
2278 2539 2374 2575 alios
2400 2551 2485 2576 vero

261 2583 455 2630 aspernari
478 2582 597 2623 liceat,
622 2582 710 2627 quia
733 2581 899 2616 omnibus
920 2581 1029 2616 simul
1047 2592 1117 2628 per
1138 2581 1318 2617 secundas
1339 2592 1389 2617 nu
1418 2582 1489 2617 tias
1511 2581 1682 2617 iniuriam
1704 2581 1837 2618 intulit.
1884 2581 2000 2624 Quam
2024 2582 2068 2617 ob
2091 2594 2167 2618 rem
2189 2584 2296 2618 etiam
2319 2584 2358 2618 in
2372 2595 2484 2631 prae-

260 2628 354 2663 senti
380 2627 599 2674 proprietas
633 2625 845 2661 donationis
879 2625 1143 2672 antenuptialis
1179 2629 1258 2662 tota
1289 2626 1339 2661 ad
1405 2626 1491 2661 liam
1556 2626 1729 2669 emenia,
1766 2631 1808 2662 ut
1841 2626 2075 2678 ususfructus
2107 2628 2218 2662 matri
2251 2627 2367 2663 donec
2400 2629 2486 2665 vivit

261 2676 503 2712 conservetur,
527 2675 638 2717 atque
659 2670 856 2706 secundum
879 2670 1172 2706 constitutionem
1195 2675 1376 2714 nostram,
1406 2637 1583 2717 siquidssm
1605 2675 1721 2707 mater
1735 2675 2024 2717 praemoriatur,
2059 2674 2136 2706 tota
2159 2671 2309 2707 donatio
2326 2683 2402 2719 pro
2430 2677 2485 2709 ter

260 2717 409 2763 nuptias
428 2715 530 2761 filiae
553 2719 743 2760 competat,
767 2715 826 2750 sin
849 2726 934 2751 vero
955 2715 1048 2760 filia,
1072 2715 1213 2750 lucrum
1232 2726 1283 2752 ex
1298 2719 1415 2763 pacto
1432 2715 1599 2752 orbitatis
1618 2714 1720 2762 apud
1740 2720 1891 2751 matrem
1909 2720 2065 2758 maneat,
2088 2715 2267 2763 reliquum
2285 2728 2370 2753 vero
2382 2684 2440 2764 ἦ

260 2762 327 2804 sit,
350 2773 370 2797 e
421 2772 465 2796 ue
487 2760 646 2795 moriens
669 2760 708 2795 id
730 2760 781 2795 ad
803 2759 952 2795 heredes
974 2771 1072 2803 suos,
1095 2761 1129 2795 si
1151 2761 1215 2807 qui
1238 2772 1288 2797 εει·
1311 2761 1390 2807 leffe
1413 2765 1596 2803 vocentur,
1627 2760 1858 2796 transmittat.

433 2832 441 2840 .
479 2804 578 2840 Illud
593 2809 712 2840 autem
729 2805 830 2856 quod
843 2815 917 2841 sem
944 2815 985 2840 er
1027 2805 1146 2842 uidem
1166 2806 1356 2852 continqit,
1379 2815 1557 2852 eaepressa
1574 2815 1660 2841 vero
1680 2804 1759 2851 leqe
1780 2804 1940 2840 nondum
1959 2803 2234 2841 determinatum
2252 2809 2316 2848 est,
2366 2806 2484 2842 ulchri

260 2850 471 2886 incrementi
493 2854 530 2885 et
551 2850 769 2885 accessionis
791 2850 873 2885 loco
923 2849 982 2885 uic
1019 2851 1079 2896 σφ’
1100 2850 1287 2886 adicimus.
1334 2850 1430 2886 Nam
1451 2851 1485 2885 si
1505 2850 1609 2896 forte
1630 2853 1747 2885 mater
1775 2849 2015 2885 secundarum
2043 2850 2252 2896 nuptiarum
2275 2850 2325 2885 ad
2349 2861 2395 2886 uc
2416 2863 2481 2888 ex-

258 2907 346 2943 pers
367 2907 442 2931 non
461 2894 559 2940 filio,
588 2894 654 2930 sed
675 2898 855 2930 extraneo
880 2895 992 2930 alicui
1014 2899 1162 2943 partem
1184 2895 1345 2942 aliquam
1368 2895 1579 2931 donationis
1634 2898 1761 2940 ropter
1783 2894 1952 2940 nuptias,
1976 2894 2033 2930 vel
2053 2905 2129 2930 rem
2151 2894 2333 2941 quandam
2354 2907 2405 2932 ex
2426 2907 2482 2938 ea,

260 2940 317 2976 vel
338 2940 445 2976 etiam
471 2943 582 2975 totam
606 2939 799 2975 donaverit
821 2944 887 2975 aut
906 2940 1010 2986 forte
1033 2940 1108 2976 alio
1131 2939 1239 2976 modo
1263 2940 1495 2982 alienaverit,
1519 2950 1564 2976 ac
1610 2939 1716 2975 einde
1735 2938 1913 2975 semdas
1934 2938 2083 2985 nuptias
2106 2940 2345 2983 contraxerit,
2368 2942 2481 2975 niani-

2427 2729 2485 2754 tac

1409 3046 1438 3095 ξ
1447 3052 1495 3087 ἄν
1518 3078 1529 3089 .
1547 3078 1557 3088 .
1575 3077 1587 3088 .
1610 3054 1642 3088 A
1669 3067 1730 3099 my.
1760 3054 1772 3096 ΙΙ
1867 3053 1911 3097 ᾧ]
1950 3054 2126 3097 expressim
2176 3055 2197 3087 i.
2222 3067 2248 3088 e.
2277 3047 2407 3097 ῥητῶς)
2429 3055 2474 3096 el

1408 3102 1447 3134 31
1471 3097 1711 3145 παρενθήκην
1728 3109 1812 3132 συνε
1850 3110 1937 3142 ομεν
1955 3096 2082 3132 δοῦναι
2097 3098 2161 3132 τοῦ
2186 3109 2204 3130 ε
2219 3097 2283 3131 τοῦ
2302 3095 2415 3142 νόμου
2426 3099 2476 3143 A!

1409 3146 1451 3179 35
1486 3155 1571 3177 τινα
1599 3140 1796 3190 πράγματα
1818 3144 1946 3182 Procli„
1982 3144 2093 3186 Epan.
2455 3140 2464 3151 '

308 3056 322 3088 1
359 3051 525 3099 δευτέρου
555 3055 764 3095 συνοίκησιν
792 3055 948 3100 μητέρας
980 3051 1045 3096 κλη
1069 3050 1219 3096 ονόμους
1247 3052 1340 3098 μετὰ

259 3100 289 3133 Α
306 3098 319 3141 ΙΙ
337 3101 358 3132 2
378 3095 596 3142 ὁμιλησάσας
615 3094 792 3142 δευτέροις
805 3099 838 3132 A
855 3098 868 3142 ΙΙ
884 3101 904 3133 3
929 3099 1038 3132 emat»
1071 3112 1095 3132 α
1115 3095 1156 3132 δὲ
1175 3099 1236 3140 Μ]
1256 3095 1338 3133 κᾶν·

261 3143 395 3176 τεῦθεν
417 3145 449 3177 A
474 3143 488 3187 fl
517 3145 538 3178 4
562 3144 756 3185 ποιουμένη
776 3144 808 3177 A
834 3143 846 3186 ΙΙ
877 3145 897 3178 6
920 3143 1037 3178 ταῦτα
1066 3136 1132 3177 οὖν
1153 3139 1251 3187 ἡμεῖς
1272 3145 1303 3178 A
1324 3146 1339 3189 [Ι

260 3191 278 3221 Ί
303 3186 481 3222 τοιούτων
506 3201 566 3222 om.
588 3188 620 3222 A
649 3185 663 3231 ΙΙ
691 3190 710 3219 8
738 3185 995 3231 ἀναλεξάμενοι
1025 3185 1268 3232 διενοήθημεν
1287 3185 1338 3222 δί-

260 3245 362 3266 καιον
386 3233 446 3267 ἐπὶ
468 3230 607 3266 τούτοις
655 3228 770 3288 ράψαι
790 3243 848 3266 σοι
867 3231 979 3276 νόμον
999 3234 1030 3267 Α
1056 3233 1070 3278 ΙΙ
1105 3236 1142 3268 10
1171 3233 1338 3281 παροῦσα

260 3275 455 3319 εἰσδέχεται
482 3279 592 3322 πέρας
639 3275 818 3316 ιαταξιςΛ
841 3277 854 3321 ΙΙ
881 3280 920 3312 12
940 3280 961 3314 ἔ
982 3277 1190 3331 e't‘...Amq.
1215 3278 1229 3322 fl
1255 3288 1336 3311 συν·

259 3322 411 3398 ἶὲῗμὶἷι
430 3320 643 3401 ἷὶῗεῖῗιῖιῖιῖἶν
652 3321 1336 3411 Ἰγῆεἶέλῖἕὲένῗένῖῗᾏῖἷηῧὲοἶίρῗῖ

264 3414 303 3444 16
333 3407 465 3455 δωρεᾶς
483 3401 659 3468 γίνεσθαι
681 3411 869 3458 (γενέσθαι
892 3413 1025 3454 Procli.)
1050 3413 1177 3453 Procli„
1201 3413 1311 3456 Epan.
1325 3411 1337 3457 Ι

260 3457 297 3488 21
338 3455 411 3496 τῆςΙ
446 3468 560 3498 μονον
594 3457 656 3499 τῆς
685 3459 716 3490 A
744 3457 755 3497 ll
787 3459 829 3491 23
862 3458 934 3498 καὶ]
961 3459 1022 3489 καὶ
1055 3457 1087 3490 εἰ
1109 3458 1140 3490 A
1166 3458 1179 3501 ΙΙ
1208 3457 1241 3490 εἴ
1270 3458 1337 3500 μὲν

261 3512 318 3531 om.
341 3500 372 3532 A
398 3498 412 3543 ΙΙ
442 3499 670 3544 προαπέλθοι
688 3502 767 3535 τῶν
787 3497 1052 3546 ἀνθρωπίνων,
1075 3502 1121 3548 τῇ
1145 3499 1250 3536 παιδὶ
1273 3503 1304 3534 Α
1325 3503 1336 3544 Η

261 3545 302 3576 24
331 3539 424 3584 ὅλης]
447 3542 562 3586 πάσης
581 3548 611 3578 A
627 3546 639 3590 ΙΙ
658 3549 700 3581 25
722 3546 753 3579 εἰ
771 3566 814 3571 -
827 3549 913 3580 παῖς
935 3559 993 3579 om.
1019 3548 1050 3581 A
1076 3546 1088 3590 ll
1110 3549 1234 3590 μένειν
1253 3547 1334 3591 μὲν]

259 3590 359 3639 stenes?
378 3589 406 3620 A
434 3587 447 3629 ΙΙ
477 3591 519 3621 26
542 3591 606 3621 τοῦ
629 3604 687 3624 om.
711 3593 742 3625 A
772 3590 785 3635 ΙΙ
811 3587 1009 3636 σῦμφωνον
1032 3594 1062 3624 A
1091 3590 1103 3635 ΙΙ
1133 3594 1173 3625 27
1197 3587 1335 3631 παιδὸς,

264 3642 357 3664 (nou
385 3635 442 3664 καὶ
472 3631 698 3667 τελευτῶσαν
722 3638 980 3670 παοαπείιπειν
1005 3632 1093 3669 αὐτὸ
1117 3636 1164 3669 εἰς
1188 3633 1272 3670 τούς
1295 3637 1335 3668 ἐκ

265 3676 324 3708 τοῦ
336 3674 447 3716 νόμου
470 3676 702 3719 καλουμένους
727 3669 832 3721 αὐτῆς
855 3677 1092 3724 κληρονόμους
1109 3682 1140 3713 Α
1165 3679 1178 3724 ΙΙ
1201 3683 1243 3714 30
1275 3678 1333 3721 Τὸ]

2122 3143 2135 3184 ΙΙ
2160 3138 2183 3185 ἢ
2211 3142 2336 3177 πᾶσαν
2366 3140 2479 3190 δωρη-

1407 3198 1515 3230 σηται
1535 3189 1640 3222 Proch
1653 3213 1663 3229 ‚
1686 3190 1798 3233 Epan.
1819 3188 1833 3233 Ι
1856 3190 1900 3224 36
1921 3185 2042 3230 τυχὸν]
2061 3185 2144 3221 τινὰ
2165 3188 2196 3221 A
2217 3186 2230 3231 ΙΙ
2247 3185 2480 3231 εκποιήσηται

1406 3234 1537 3273 Procli„
1561 3233 1671 3276 Epan.
2389 3231 2395 3240 ⁵

1451 3291 1471 3324 3
1492 3290 1573 3323 hino
1596 3289 1656 3334 Vll
1675 3292 1696 3324 4
1716 3290 1760 3333 se]
1785 3290 1842 3323 sed
1864 3290 1983 3323 RVai
2010 3289 2103 3333 ΤΙΙὸ
2127 3289 2281 3332 recipisse
2299 3289 2399 3332 1217
2421 3290 2478 3321 hn-

1406 3334 1499 3368 beret
1530 3335 1613 3368 VT·
1631 3334 1644 3378 ΙΙ
1662 3337 1698 3368 11
1726 3348 1788 3368 scr.
1811 3334 1975 3377 suscipit?
1992 3333 2006 3378 ΙΙ
2024 3336 2063 3368 12
2088 3344 2156 3367 non
2179 3346 2238 3366 om.
2258 3332 2314 3366 V¹
2330 3331 2344 3376 fl
2362 3334 2400 3366 15
2424 3332 2476 3364 lu-

1405 3390 1499 3412 crum
1531 3378 1600 3418 (uel
1628 3390 1725 3412 usum
1749 3379 1799 3413 12³
1826 3391 1854 3413 s.
1876 3381 1921 3421 v.)
1952 3379 1986 3412 R
2016 3378 2148 3412 luorum
2176 3376 2232 3410 uel
2260 3375 2329 3417 (uel
2357 3377 2422 3410 dcl.
2446 3378 2477 3415 2)

1405 3434 1501 3456 usum
1524 3423 1563 3458 V
1577 3423 1707 3457 luorum
1732 3426 1765 3457 et
1787 3434 1883 3457 usum
1904 3422 1959 3466 ΤΙΙ
1975 3433 2052 3457 mox
2075 3435 2133 3456 om.
2157 3420 2197 3455 V
2203 3420 2217 3465 ΙΙ
2234 3420 2475 3460 tantummodo]

1404 3469 1553 3501 omnium
1576 3469 1663 3512 ναῖς.
1693 3467 1706 3512 Ι
1731 3468 1934 3512 proprietate
1962 3469 2114 3501 manente
2135 3464 2373 3508 antenuptislis
2403 3466 2474 3506 (an-

1404 3512 1566 3556 nuptialis
1579 3512 1627 3554 R)
1648 3512 1723 3546 RV
1730 3512 1743 3556 ll
1764 3515 1802 3547 17
1828 3512 1961 3554 quidem
1983 3524 2042 3545 οιιι.
2055 3511 2088 3545 R
2105 3509 2250 3554 flflorum
2261 3507 2340 3553 13¹⁴!
2363 3510 2400 3543 19
2423 3509 2474 3541 in·

1404 3557 1525 3590 iuriam
1547 3557 1642 3600 vulqo
1671 3557 1684 3600 ΙΙ
1711 3559 1754 3590 20
1783 3557 1967 3600 proprietas
1989 3557 2049 3588 aut
2075 3553 2235 3597 nuptialis
2257 3553 2306 3586 R·
2331 3554 2345 3595 Ι
2374 3554 2417 3587 30
2440 3554 2472 3590 ὃς

1404 3603 1467 3635 hoo
1484 3604 1658 3635 nocentum
1679 3603 1727 3634 est
1745 3601 1786 3634 de
1805 3601 1881 3634 dote
1899 3601 2048 3643 ascripta,
2059 3599 2229 3631 numerata
2244 3596 2299 3630 uel
2317 3598 2474 3639 praestita

1402 3647 1437 3680 R
1449 3648 1536 3679 rubr.
1549 3647 1582 3679 in
1596 3658 1658 3690 my.
1675 3645 1687 3689 ΙΙ
1706 3647 1745 3680 31
1760 3645 1849 3687 leges
1860 3643 2143 3679 determinatione.
2163 3642 2224 3674 hoc
2236 3641 2284 3675 R*
2299 3640 2366 3681 132
2379 3641 2473 3683 huic]

1403 3692 1494 3723 hunc
1519 3690 1565 3723 R¹
1583 3689 1597 3734 ΙΙ
1613 3692 1655 3725 36
1678 3689 1790 3730 donet]
1814 3699 1875 3722 neo
1898 3687 1948 3723 R¹
