2618 4010
167 152 223 182 ΕΤ
252 125 612 183 ῙΝΤΒουσοΕΝοῐΒ

166 249 323 286 κελεύειν
345 252 384 285 ἐκ
402 248 538 296 τρόπου
553 248 690 285 παντὸς
708 247 867 296 ἄγεσθαι
886 250 952 286 τὸν
972 252 1178 294 ἐναχθέντα
1197 248 1246 286 ὦς

165 300 226 331 καὶ
249 298 419 344 ἐπίορκον
448 298 509 329 καὶ
541 293 671 337 σχεδὸν
701 295 828 330 ἑαυτοῦ
852 295 1052 344 κατήγορον
1081 298 1128 345 τῇ
1178 298 1244 345 υγῇ

164 340 377 389 γενόμενον·
409 341 441 374 εἰ
464 338 504 374 δὲ
526 336 590 375 οὐκ
612 338 726 386 ἄρχοι,
751 338 884 396 δοθείη
903 340 944 375 δὲ
966 344 1005 376 ἐκ
1027 341 1124 378 τινὸς
1171 355 1245 376 ικα-

165 385 260 430 στής,
290 386 362 421 εἴτε
385 388 424 420 ἐκ
447 385 552 420 θείου
583 384 698 420 τύπου
725 384 833 428 τυχὸν
863 401 885 430 η
915 386 1105 422 κελεύσεως
1133 386 1155 432 ἢ
1185 390 1245 422 καὶ

166 429 268 479 παρά
289 442 386 466 τινος
408 429 588 478 ἄρχοντος,
613 429 676 465 ἐπ’
703 433 840 465 ἐκεῖνον
862 432 1024 477 μηνύειν,
1057 429 1145 468 ὥςτε
1168 430 1245 480 ἄγε-

164 477 259 511 σθαι
279 473 370 524 παρ’
395 477 541 519 ἐκείνου,
565 478 624 509 καὶ
644 475 694 520 μὴ
713 475 754 510 τὸ
774 478 923 524 πρᾶγμα
938 480 1061 522 μένειν
1082 480 1136 522 τῷ
1161 477 1244 512 διώ·-

163 534 265 556 κοντι
287 519 526 564 πανταχόθεν
551 518 698 576 ἄπορον,
724 521 806 556 οὔτε
829 523 893 556 τοῦ
917 521 1089 558 δικαστοῦ
1111 524 1247 570 πρᾶξαί

163 579 201 601 τι
224 564 423 611 δυναμένου
447 564 509 600 διὰ
533 566 575 601 τὸ
591 579 702 610 μηπω
722 567 899 614 γενέσθαι
923 566 1015 615 παρ’
1037 565 1137 612 αὐτῷ
1159 581 1243 614 προ-

163 610 347 665 καταοξιν,
379 613 514 646 ἐκείνου
542 625 583 646 τε
612 613 925 665 καταφρονοῦντος
955 613 1019 647 τοῦ
1044 613 1155 658 νόμου
1184 616 1245 647 καὶ

162 703 183 737 1
230 700 330 736 ἐκτὸς
359 705 511 746 νομίμου
542 703 719 747 βοηθείας
748 700 1071 747 ἀπολιμπάνοντος.
1122 701 1246 739 Ὅπως

162 742 209 780 ἂν
238 740 303 781 οὖν
332 746 382 791 μὴ
405 746 656 782 λανθάνοντος
687 745 795 782 αὐτοῦ
824 751 884 781 καὶ
913 745 1160 793 βραδυνούσης
1181 749 1244 791 τῆς

162 791 425 838 παραστάσεως
455 792 498 827 τὸ
523 794 672 840 πρᾶγμα
694 796 795 838 μένοι
816 795 1011 839 μετέωρον,
1044 793 1242 835 ἐξεταζέτω

162 839 375 884 παχυμεριῦς
399 835 418 872 ὁ
443 836 611 881 δικαστὴς
641 836 726 873 ὅποι
754 839 816 884 γῆς
844 835 1113 891 ἀπεληλυθέναι
1144 837 1242 884 λέγη-

1249 135 1335 184 303

2034 140 2141 184 Nov.
2175 141 2270 183 LIII
2301 143 2337 183 4.
2370 143 2394 181 5

1314 251 1430 287 hiberi
1459 261 1558 287 reum
1583 254 1763 296 tamquam
1794 252 1976 297 periurum
2002 255 2038 288 et
2060 262 2175 298 paene
2206 252 2263 288 sui
2285 262 2393 288 accu-

1315 300 1470 333 satorem
1492 306 1558 342 per
1579 296 1705 342 fugam
1722 297 1876 342 factum3
1902 298 1932 333 si
1954 307 2038 334 vero
2062 308 2135 334 non
2158 297 2392 340 administret,

1315 342 1378 379 sed
1409 342 1514 378 datus
1545 342 1593 378 sit
1615 352 1638 378 a
1661 342 1814 386 quodam
1838 343 1966 387 iudice,
2000 343 2073 379 sive
2097 353 2141 379 ex
2165 353 2272 379 sacra
2298 342 2394 378 forte
2415 384 2417 388 ¹

1314 387 1430 423 forma
1454 390 1519 423 aut
1541 387 1700 423 iussione
1730 391 1793 422 aut
1818 388 1925 423 etiam
1953 389 2000 423 ab
2023 389 2141 433 aliquo
2165 389 2393 424 administra-

1282 436 1301 468 5
1314 436 1404 476 tore,
1438 433 1484 468 ad
1512 432 1613 468 illum
1648 432 1824 476 nuntiare,
1861 436 1902 469 ut
1933 433 2132 469 deducatur
2162 434 2208 469 ab
2241 435 2313 476 illo,
2348 444 2393 470 ne

1316 487 1425 514 causa
1448 481 1592 514 maneat
1614 478 1729 514 actori
1759 478 1915 522 undique
1939 479 2111 520 desolata,
2143 479 2261 514 iudice
2289 489 2393 523 agere

1314 523 1449 569 aliquid
1467 533 1539 559 non
1558 523 1698 559 valente
1722 533 1764 559 eo
1785 523 1880 568 quod
1902 524 2059 559 nondum
2078 524 2174 568 apud
2195 534 2275 559 eum
2294 523 2393 559 facta

1314 569 1362 604 sit
1384 570 1600 604 contestatio
1623 568 1708 611 litis,
1732 568 1792 604 illo
1818 572 2066 604 contemnente
2089 569 2200 613 legem
2224 573 2260 604 et
2283 570 2391 611 [iura-

1312 617 1471 649 mentum
1506 617 1622 656 suum]
1655 613 1978 649 manifestationem
2011 624 2132 657 suam,
2169 617 2205 649 et
2235 618 2392 650 actorem

163 667 226 700 της
256 644 452 702 διωμοσίας
481 658 542 700 τῆς
573 657 700 692 ἑαυτου
732 660 793 691 καὶ
822 656 889 692 τὸν
920 655 1102 692 διώκοντα
1130 658 1245 701 πάσης
1259 661 1301 693 10
1313 662 1416 695 extra
1439 669 1542 695 omne
1565 659 1758 703 legitimum
1782 659 1999 695 adiutorium
2022 659 2253 704 relinquente.

1312 706 1334 739 1
1379 704 1493 749 Igitur
1515 714 1561 740 ne
1584 705 1718 740 latente
1742 714 1784 740 eo
1809 706 1847 739 et
1869 704 2012 739 tardata
2036 704 2253 740 exhibitione
2281 714 2392 740 causa

1312 752 1456 785 maneat
1490 760 1677 795 suspensa,
1715 749 1893 785 examinet
1927 753 1968 785 ut
2003 750 2160 794 potuerit
2193 750 2319 793 iudex,
2354 750 2391 785 in

1313 804 1419 838 quam
1448 797 1581 830 terram
1613 795 1730 831 abisse
1762 795 1903 837 dicitur,
1937 798 1973 830 et
1999 795 2060 830 det
2082 794 2238 830 indutias
2263 798 2392 838 certas,

1312 842 1353 874 ut
1383 839 1453 875 nisi
1487 840 1584 875 intra
1619 851 1680 876 eas
1713 841 1913 877 occurrerit
1944 840 2105 884 (liberam
2138 843 2257 875 tamen
2285 841 2391 876 huius

161 895 239 923 ται,
264 886 326 916 καὶ
350 880 485 917 διδότω
511 883 742 929 προθεσμίαν
766 882 889 928 ῥητήν,
915 884 1058 939 ωςτεΙεί
1083 881 1133 928 μὴ
1156 885 1242 917 εἴσω
1258 886 1298 917 15
1312 884 1365 919 rei
1388 884 1557 921 fiduciam
1581 886 1729 929 habens,
1759 886 1789 921 si
1812 897 1884 921 non
1908 886 2001 921 forte
2026 884 2144 920 studio
2170 885 2302 921 actoris
2326 886 2390 920 im-

162 928 295 970 ταύτης
318 925 559 971 ἀπαντήσειεν
583 927 791 973 (ἐλευθέραν
813 930 938 972 μέντοι
956 941 1086 963 τουτου
1106 940 1241 976 παρρη-

162 976 247 1006 σίαν
278 975 383 1016 ἔχων,
416 970 506 1007 ἀλλὰ
534 972 583 1018 μὴ
615 971 663 1008 cos
694 971 785 1007 εἰκὸς
815 971 1019 1016 ἐξεπίτηδες
1050 973 1149 1020 παρὰ
1177 974 1241 1008 τοῦ

163 1015 356 1052 διώκοντος
387 1019 646 1065 καθειργμένος
673 1015 694 1061 ἢ
718 1016 940 1062 κωλυόμενος
964 1017 1112 1062 ἐλθεῖν),
1145 1031 1241 1062 τηνι-

162 1063 280 1097 καῦτα
302 1062 394 1098 κατὰ
417 1068 507 1108 μίαν
522 1066 653 1116 μοῖραν
672 1063 869 1105 ἐξεταζέτω
889 1063 958 1106 τὴν
977 1060 1162 1099 ὑπόθεσιν
1181 1066 1242 1098 καὶ

1311 928 1478 973 pediatur
1515 933 1579 965 aut
1617 931 1738 967 venire
1777 931 2034 976 prohibeatur),
2074 934 2161 966 tunc
2197 932 2392 967 secundum

1312 984 1419 1009 unam
1442 978 1581 1019 partem
1605 977 1781 1011 examinet
1805 977 1986 1021 negotium
2010 980 2045 1011 et
2067 976 2105 1011 in
2128 976 2392 1021 possessionem

1311 1020 1430 1054 mittat
1453 1024 1612 1055 actorem
1637 1022 1713 1057 eius
1744 1032 1863 1057 rerum
1886 1022 2082 1058 secundum
2105 1030 2309 1057 mensuram
2333 1021 2392 1057 de·

1313 1064 1441 1099 clarati
1462 1065 1583 1108 debiti,
1607 1066 1795 1111 ipsumque
1815 1067 1852 1102 in
1877 1067 2139 1112 possessionem
2162 1066 2312 1102 missum
2328 1067 2392 1102 ha-

162 1110 223 1162 ἐπὶ
245 1110 551 1163 νομῆςὶπεμχπέτω
582 1122 649 1143 τον
678 1107 860 1143 διώκοντα
891 1109 969 1143 τῶν
993 1107 1103 1144 αὐτοῦ
1127 1121 1240 1164 ssew·
1256 1110 1298 1143 20
1311 1109 1396 1145 bere
1427 1120 1485 1145 res
1518 1110 1627 1146 debiti
1652 1122 1762 1147 causa
1787 1112 1962 1149 servandi.
1990 1110 2040 1146 Et
2063 1114 2160 1156 tunc,
2193 1112 2225 1147 si
2247 1112 2308 1148 ille
2332 1123 2392 1148 oc-

160 1166 290 1197 ματων
305 1165 394 1201 προς
414 1167 456 1188 το
471 1156 605 1200 μέτρον
624 1155 687 1188 τοῦ
704 1151 983 1199 διαφαινομένου
1003 1157 1133 1200 χρέους,
1154 1166 1242 1189 ωςτε

163 1195 274 1232 αὐτὸν
294 1199 341 1233 εἰς
356 1197 471 1243 νομὴν
489 1199 711 1244 πεμφθέντα
728 1200 824 1240 ἔχειν
844 1199 889 1232 τὰ
909 1199 1106 1246 πράγματα
1122 1202 1242 1246 χρέους

162 1245 283 1278 ἕνεκεν
307 1243 515 1289 φυλακτέου.
550 1247 611 1277 καὶ
627 1245 824 1287 τηνικαῦτα
847 1244 947 1291 εἴπερ
971 1247 1102 1279 ἐκεῖνος
1125 1243 1241 1280 ἀπαν-

160 1286 288 1331 τήσειε,
310 1290 434 1323 πᾶσαν
456 1287 555 1343 αὐτῷ
573 1287 751 1345 πρότερρν
770 1289 992 1336 θεραπεύειν
1011 1289 1079 1333 τὴν
1098 1292 1241 1335 ζημίαν,

1312 1155 1474 1197 currerit,
1508 1166 1611 1190 omne
1636 1157 1668 1191 ei
1692 1157 1793 1202 prius
1813 1157 1931 1193 ,salvet
1955 1154 2133 1200 damnum,
2167 1160 2202 1192 et
2225 1160 2313 1193 tunc
2337 1168 2392 1192 re-

1312 1200 1446 1244 cipiens
1481 1210 1538 1236 res
1576 1205 1612 1236 et
1646 1202 1893 1239 fideiussorem
1928 1204 2117 1248 praestans
2153 1206 2394 1249 prosequatur

1312 1256 1468 1281 causam.

160 1331 256 1368 οὕτω
279 1347 319 1368 τε
341 1331 651 1378 ἀπολαμβανοντα
681 1347 727 1369 τα
750 1333 945 1389 πράγματα
975 1338 1035 1369 καὶ
1067 1335 1241 1384 ἐγγυητὴν
1256 1338 1298 1371 25

160 1378 439 1426 παρασχόμενον
463 1376 725 1427 ἀγωνίσασθαι
746 1393 815 1423 την
845 1377 1040 1415 υπόθεσιν.

1161 1528 1319 1564 CAPUT
1344 1528 1388 1564 V.

217 1605 341 1641 Καλὸν
365 1604 405 1640 δὲ
427 1603 474 1640 ἂν
498 1607 550 1650 εἴη
581 1609 641 1640 καὶ
665 1607 772 1641 τοῦτο
803 1605 891 1652 πρὸς
919 1606 987 1649 τὴν
1010 1607 1088 1640 τῶν
1111 1604 1242 1652 ἀμφισ-

157 1655 394 1697 βητουμένων
418 1649 568 1696 ζήτησιν
592 1650 695 1696 νόμῳ
720 1653 831 1695 κοινῷ
858 1650 1105 1698 διορίσασθαι.
1154 1652 1241 1698 πρό-

158 1710 264 1743 τερον
286 1699 353 1739 μὲν
375 1696 444 1751 γρὶρ
465 1695 656 1745 γεγόνασιν
674 1694 972 1752 (ἀμφισβητήσεις
994 1695 1143 1739 πολλαί,
1176 1697 1241 1732 πό-

1359 1607 1539 1651 Optimum
1565 1617 1705 1651 quoque
1730 1610 1784 1641 est
1807 1606 1915 1642 etiam
1938 1606 2008 1642 hoc
2031 1607 2180 1651 propter
2202 1605 2395 1641 dubitatio-

1312 1663 1397 1687 num
1428 1651 1673 1697 quaestionem
1702 1652 1779 1695 lege
1812 1652 1990 1687 communi
2023 1651 2269 1687 determinare.
2316 1651 2395 1686 Pri-

1311 1708 1408 1733 mum
1431 1708 1585 1741 namque
1609 1697 1756 1732 fuerunt
1782 1697 2025 1733 dubitationes
2050 1697 2245 1742 plurimae,
2276 1699 2396 1732 utrum

158 1755 263 1788 τερον
288 1740 343 1776 δεῖ
363 1754 428 1776 τας
452 1746 641 1798 ρτρατείας
663 1755 735 1776 vno
760 1754 841 1776 τους
867 1744 929 1785 τῆς
952 1741 1140 1785 υποθήκης
1164 1742 1240 1789 ἄγε·
1255 1745 1298 1778 30
1312 1745 1478 1796 oporteat
1501 1742 1647 1778 militias
1672 1743 1739 1777 sub
1764 1742 1988 1788 hypothecae
2005 1742 2134 1778 deduci
2151 1741 2313 1784 vinculis,
2333 1745 2397 1777 aut

158 1788 252 1822 σθαι
276 1785 425 1832 δεσμοὺς
448 1802 469 1831 η
492 1787 635 1822 τούτων
659 1787 850 1833 ἐλευθέρας
874 1787 977 1822 εἶναι.
1022 1785 1110 1821 ἀλλὰ
1134 1792 1241 1822 τοῦτο

158 1835 225 1877 μὲν
248 1831 315 1877 ἤδη
339 1836 497 1878 κέκριται
521 1833 563 1868 νό
593 1847 634 1876 ῳ,
666 1836 726 1867 καὶ
750 1831 924 1879 πρόδηλοι
950 1833 1179 1867 καθεστᾶσιν
1204 1833 1244 1868 αἱ

160 1882 358 1924 στρατεῖαι,
390 1876 524 1913 ὁπόσαι
579 1878 616 1911 ιὰ
643 1877 686 1912 τὸ
718 1878 996 1924 πιπράσκεσθαι
1028 1881 1088 1912 καὶ
1118 1876 1241 1914 ὑποτί-

160 1923 302 1957 θεσθαι
327 1921 514 1958 δύνανται.
560 1922 655 1967 ἡμεῖς
679 1921 719 1958 δὲ
748 1923 790 1958 τὸ
815 1925 962 1978 πρᾶγμα
994 1925 1033 1958 ἐκ
1062 1923 1244 1966 μειζόνων

1311 1789 1368 1823 lus
1392 1788 1524 1824 liberas
1549 1798 1637 1824 esse.
1686 1788 1756 1824 Sed
1779 1788 1849 1823 hoc
1874 1787 2013 1832 quidem
2038 1788 2110 1822 iam
2134 1786 2318 1822 definitum
2342 1792 2398 1823 est

1311 1833 1401 1878 lege,
1428 1836 1463 1869 et
1485 1837 1606 1868 certae
1631 1833 1833 1868 consistunt
1852 1832 2002 1867 militiae
2027 1842 2272 1878 quaecumque
2291 1833 2397 1868 vendi

1313 1882 1377 1914 aut
1401 1879 1552 1923 obligari
1573 1882 1737 1924 possunt.
1778 1878 1854 1914 Nos
1880 1881 1999 1913 autem
2023 1888 2067 1913 ex
2091 1878 2285 1913 maioribus
2310 1888 2394 1913 cau-

1313 1934 1391 1960 sam
1415 1924 1685 1960 considerantes
1709 1923 1852 1967 scimus,
1878 1924 1963 1969 quia
1982 1934 2027 1959 ex
2047 1923 2203 1968 antiquis
2227 1924 2401 1968 tempori-.

159 1968 385 2015 θεωροῦντες
411 1969 525 2013 ἴσμεν,
562 1968 609 2003 ais
637 1970 675 2003 ἐκ
704 1969 783 2003 τῶν
806 1967 977 2004 παλαιων
1006 1969 1150 2025 χρόνων
1176 1968 1239 2004 οὐκ
1252 1972 1295 2004 35
1308 1970 1376 2006 bus
1411 1980 1484 2005 non
1516 1972 1596 2005 erat
1629 1970 1666 2005 in
1700 1969 1835 2004 militiis
1866 1969 2086 2022 hybotheca‚
2123 1968 2187 2003 sed
2220 1968 2395 2013 quaedam

158 2007 202 2057 ἧν
227 2016 287 2049 ἐπὶ
310 2017 388 2048 ταῖς
410 2018 613 2061 στρατείαις
636 2011 818 2058 ὑποθήκη,
850 2012 940 2048 ἀλλά
963 2028 1048 2048 τινα
1079 2013 1243 2059 ονόματα

1312 2015 1457 2050 nomina
1477 2015 1621 2051 omnino
1642 2015 1791 2060 antiqua
1812 2018 1848 2049 et
1868 2013 1911 2049 de
1940 2013 2071 2049 cientia
2094 2014 2132 2049 in
2151 2013 2285 2049 talibus
2303 2013 2395 2049 fere-

1312 2061 1461 2104 bantur3
1498 2060 1673 2106 paulatim
1703 2070 1786 2096 vero
1821 2060 2056 2105 imperatores
2092 2059 2396 2103 interpellantium

159 2107 323 2159 ἐφέρετο·
361 2118 456 2139 κατα
477 2104 606 2152 μικρὸν
631 2103 671 2139 δὲ
693 2104 729 2139 οἱ
752 2102 1011 2152 αὐτοκράτορες
1034 2104 1115 2139 τοὺς
1138 2117 1241 2150 προς-
1312 2105 1529 2141 creditorum
1565 2106 1723 2141 miserati
1758 2106 1847 2140 haec
1882 2104 2123 2150 praebebant,
2162 2114 2243 2139 cum
2274 2105 2397 2149 utique

160 2162 282 2184 ιοντας
301 2151 379 2184 τῶν
395 2148 600 2184 δανειστῶν
624 2149 803 2184 ἐλεοῦντες
825 2151 944 2184 ταῦτα
964 2147 1144 2192 ἐδίδοσαν,
1166 2153 1241 2184 καί·
1311 2151 1425 2186 omnis
1457 2151 1583 2185 militia
1613 2151 1759 2196 publica
1790 2150 1958 2186 existeret
1988 2153 2025 2185 et
2048 2149 2185 2184 nullum
2209 2153 2396 2194 quaestum

158 2208 216 2229 τοι
236 2194 352 2238 πάσης
368 2199 557 2241 στρατείας
577 2193 749 2239 δημοσίας
769 2194 876 2237 οὔσης
895 2198 955 2229 καὶ
971 2192 1103 2229 οὐδένα
1124 2192 1241 2240 πόρον
1253 2198 1296 2230 40
1311 2196 1454 2231 omnino
1473 2196 1581 2231 alium
1602 2207 1708 2240 quam
1726 2206 1770 2231 ex
1788 2194 1964 2240 imperiali
1980 2194 2226 2230 munificentia
2245 2194 2393 2231 habens.

159 2239 347 2276 παντελῶς
362 2241 486 2285 ἕτερον
498 2236 520 2283 ἢ
534 2241 602 2274 τὸν
615 2242 653 2273 ἐκ
665 2239 850 2284 βασιλικῆς
866 2238 1070 2285 φιλοτιμίας
1086 2238 1240 2282 ἐχούσης.

159 2058 347 2094 παντελῶς
378 2057 508 2114 ἀρχαῖα
537 2063 597 2093 καὶ
629 2058 862 2094 ἐκλελοιπότα
894 2061 934 2093 ἐν
966 2062 1040 2093 τοῖς
1068 2057 1242 2094 τοιούτοις

158 2354 278 2389 iurum
308 2356 346 2388 et
372 2353 455 2398 fere
485 2351 543 2386 sui
567 2351 685 2398 ipsum
708 2355 955 2386 accusatorem
978 2360 1052 2396 per
1072 2350 1205 2395 fuqam
1227 2350 1394 2395 fitetum;
1426 2350 1484 2385 sin
1509 2349 1745 2395 inussisti-atus
1777 2360 1851 2385 non
1874 2350 1933 2392 sit,
1964 2350 2031 2386 sed
2053 2350 2168 2386 iudex
2200 2352 2244 2388 ab
2269 2353 2393 2398 aliquo

159 2399 267 2434 datus
290 2398 349 2440 sit,
372 2397 447 2433 sive
470 2407 519 2432 ex
542 2407 650 2431 sacra
673 2397 860 2431 sanctione
881 2396 984 2441 forte
1007 2394 1062 2430 vel
1084 2395 1244 2430 iussione
1265 2395 1340 2430 sive
1363 2395 1471 2430 etiam
1496 2407 1519 2430 a
1542 2395 1760 2441 maqistratu
1784 2394 1953 2441 quodam,
1978 2395 2028 2430 ad
2050 2395 2151 2431 illum
2175 2398 2328 2442 referat,
2354 2403 2395 2434 ut

159 2444 203 2479 ab
227 2454 270 2479 eo
291 2442 499 2478 adducatur
522 2452 605 2477 reus
628 2452 715 2477 neve
738 2441 858 2476 actori
886 2451 998 2476 causa
1022 2439 1182 2485 undique
1205 2440 1377 2486 impedita
1401 2444 1562 2482 maneat,
1595 2450 1675 2474 cum
1706 2450 1752 2475 ne
1779 2451 1823 2487 ue
1845 2440 1959 2475 iudex
1984 2451 2095 2487 aqere
2118 2443 2202 2487 quic
2227 2453 2311 2477 uam
2335 2454 2393 2479 va-

159 2490 234 2525 leat
260 2492 459 2535 propterea
490 2486 590 2533 quod
617 2485 778 2522 nondum
809 2485 911 2532 apud
937 2486 1055 2537 ipsum
1089 2485 1164 2520 litis
1195 2486 1411 2520 contestatio
1442 2486 1549 2530 facta
1571 2484 1630 2526 sit,
1663 2488 1699 2520 et
1720 2484 1783 2519 ile
1813 2485 1926 2531 leqem
1955 2489 1992 2521 et
2013 2486 2180 2521 iusiuran
2207 2498 2266 2521 um
2290 2499 2394 2523 suum

159 2537 176 2570 1
237 2536 442 2569 contemnat
473 2536 704 2578 actoremque
728 2531 826 2567 omni
849 2531 1009 2577 leqitimo
1042 2530 1185 2565 auxilio
1217 2529 1425 2565 destitutum
1448 2530 1643 2576 relinquat.
1737 2529 1793 2565 Ne
1816 2530 1930 2576 iqitur
1954 2530 2122 2566 latitante
2152 2543 2194 2568 eo
2218 2537 2254 2567 et
2277 2532 2393 2569 dilata

157 2579 381 2616 exhibitione
403 2588 516 2614 causa
539 2578 577 2611 in
599 2588 775 2623 suspenso
799 2579 954 2618 maneat,
978 2574 1092 2610 iudex
1116 2574 1232 2610 obiter
1255 2575 1447 2617 examinet,
1481 2586 1552 2621 quo
1577 2575 1638 2610 ille
1662 2578 1843 2610 terrarum
1868 2575 1986 2611 abisse
2009 2575 2166 2619 dicatur,
2198 2581 2234 2613 et
2257 2582 2394 2613 certum

158 2625 251 2660 diem
275 2627 424 2665 statuat,
449 2623 548 2658 intra
573 2633 677 2668 quem
700 2623 735 2657 si
755 2633 830 2657 non
854 2620 992 2657 venerit
1023 2619 1142 2663 (modo
1167 2620 1315 2655 liberam
1340 2619 1448 2655 huius
1474 2620 1529 2656 rei
1555 2620 1772 2665 facultatem
1800 2619 1932 2656 habeat
1963 2631 2029 2656 nec
2062 2632 2160 2664 vero,
2197 2625 2239 2657 ut
2258 2623 2313 2668 fit,
2347 2623 2392 2659 ab

158 2673 281 2706 actore
301 2668 423 2703 dedita
448 2679 562 2714 opera
582 2671 752 2702 arceatur
774 2667 831 2702 vel
850 2666 1042 2711 quominus
1062 2665 1182 2709 veniat
1199 2665 1462 2712 prohibeatur),
1489 2668 1573 2700 tunc
1589 2676 1663 2700 una
1681 2668 1794 2711 parte
1811 2669 2008 2717 praesente
2026 2677 2173 2701 causam
2197 2669 2391 2711 examinet,

157 2720 194 2751 et
223 2715 261 2749 in
290 2713 555 2760 possessionem
586 2723 708 2748 rerum
736 2712 837 2747 illius
867 2712 988 2747 mittat
1016 2714 1174 2745 actorem
1199 2721 1275 2757 pro
1304 2710 1410 2745 modo
1442 2709 1554 2746 debiti
1582 2710 1840 2753 demonstrati,
1873 2711 1925 2746 ita
1949 2715 1990 2746 ut
2013 2711 2045 2746 is
2068 2711 2106 2746 in
2123 2714 2392 2758 possessionem

158 2761 287 2795 missus
309 2770 368 2795 res
392 2758 523 2794 habeat
545 2757 655 2793 debiti
677 2757 848 2793 servandi
871 2767 992 2792 causa.
1042 2754 1092 2791 Et
1116 2759 1200 2790 tunc
1223 2755 1399 2800 siquidem
1423 2755 1484 2791 ille
1506 2758 1727 2802 compareat,
1755 2755 1863 2801 prius
1886 2757 1923 2792 ei
1944 2766 2048 2792 omne
2079 2756 2250 2792 damnum
2273 2769 2391 2794 resar-

159 2806 243 2848 ciat,
267 2808 307 2840 at
333 2815 378 2839 ue
399 2805 452 2839 ita
474 2814 534 2838 res
556 2803 713 2849 recipiat
734 2807 769 2837 et
789 2802 1004 2848 fideiussore
1027 2801 1114 2836 dato
1140 2811 1286 2835 causam
1311 2804 1410 2880 abqat.

293 2815 338 2886 ὅ.
394 2848 646 2895 Opportunum
669 2858 754 2883 vero
779 2847 850 2883 erit
865 2850 1025 2894 propter
1047 2857 1169 2881 rerum
1193 2845 1238 2880 de
1261 2846 1324 2891 qui
1348 2856 1391 2880 us
1414 2845 1600 2880 dubitatur
1632 2845 1929 2892 disceptationem
1959 2847 2067 2882 etiam
2099 2847 2193 2882 illud
2215 2850 2393 2884 communi

158 2897 237 2942 leqe
260 2894 419 2941 desinire.
467 2893 577 2929 Prius
600 2893 693 2932 enim
716 2892 851 2927 multae
872 2893 1029 2937 fuerunt
1051 2891 1304 2931 dubitationes,
1329 2894 1449 2925 utrum
1471 2890 1620 2925 militias
1644 2890 1869 2937 hypothecae
1892 2892 2045 2927 vinculis
2069 2892 2250 2939 obstrinqi
2273 2905 2322 2928 an
2345 2895 2390 2930 ab

157 2942 204 2976 iis
228 2940 359 2976 liberas
378 2950 455 2975 esse
479 2942 655 2992 oporteat.
713 2937 844 2973 Verum
868 2937 937 2972 hoc
960 2936 1104 2982 quidem
1135 2936 1208 2971 iam
1231 2934 1418 2981 definitum
1450 2939 1504 2972 est
1527 2934 1605 2980 leqe
1628 2939 1738 2987 atque
1761 2936 1996 2981 manifestum
2020 2940 2085 2979 est,
2121 2944 2214 2988 quot
2241 2939 2392 2974 militiae

159 2997 239 3021 cum
270 2985 376 3020 vendi
399 2987 559 3030 possint,
591 2983 672 3018 ideo
697 2984 805 3018 etiam
829 2981 1067 3029 oppiqnerari
1083 2981 1239 3027 possint.
1297 2980 1375 3015 Nos
1398 2990 1482 3015 vero
1514 2991 1588 3015 rem
1613 2980 1724 3015 altius
1747 2981 2020 3017 considerantes
2042 2992 2208 3018 novimus
2238 2983 2321 3019 inde
2344 2984 2390 3018 ab

159 3030 377 3076 antiquitate
406 3039 480 3064 non
503 3029 622 3074 fuisse
653 3028 691 3062 in
722 3027 860 3062 militiis
883 3025 1144 3072 hypothecam,
1175 3025 1239 3061 sed
1269 3026 1416 3060 nomina
1448 3024 1627 3070 quaedam
1656 3025 1767 3071 plane
1799 3027 1952 3071 antiqua
1984 3038 2079 3072 quae
2105 3037 2150 3062 ue
2179 3029 2392 3064 evanuerint

159 3077 197 3111 in
220 3086 262 3110 eo
287 3085 418 3120 qenere
441 3073 619 3115 valuisse;
679 3071 830 3107 aulatim
862 3076 982 3107 autem
1005 3071 1245 3117 imperatores
1275 3070 1493 3106 creditorum
1524 3070 1588 3115 qui
1613 3081 1676 3105 eos
1699 3069 1843 3105 adirent
1866 3071 2046 3106 miseritos
2069 3071 2135 3106 ila
2159 3074 2388 3116 concessisse,

161 3121 246 3155 licet
268 3119 383 3154 omnis
405 3118 536 3154 militia
552 3117 631 3164 pub
647 3118 705 3152 ica
728 3120 822 3152 esset
843 3127 910 3152 nec
933 3115 1045 3151 ullum
1070 3116 1214 3150 omnino
1238 3116 1349 3151 alium
1374 3114 1527 3151 reditum
1552 3114 1624 3149 nisi
1647 3125 1696 3150 ex
1719 3115 1901 3161 imperiali
1924 3115 2142 3152 liberalitate
2164 3117 2322 3153 haberet.

1310 3239 1406 3261 suum
1432 3228 1630 3269 (iuramento
1654 3237 1714 3259 suo
1737 3226 1799 3269 R')
1825 3235 1859 3261 ut
1881 3229 2041 3271 qlossema
2063 3231 2183 3263 seclusi
2207 3228 2221 3273 ΙΙ
2244 3231 2264 3263 9
2283 3231 2390 3263 mani-

331 3230 339 3241 ,
582 3227 590 3239 r
744 3232 756 3249 ο
869 3227 878 3239 ι
1019 3232 1036 3249 a
1216 3225 1242 3253 ι-

208 3229 397 3267 Ῐκελευειν
417 3231 468 3272 ἐκ]
492 3227 625 3263 ”deva
646 3230 685 3262 ἐκ
704 3230 741 3263 B
781 3227 968 3272 κελευομεν
985 3229 1017 3261 L
1061 3227 1073 3272 n
1096 3230 1116 3262 2
1138 3240 1228 3270 noem
1310 3273 1518 3307 festationem
1548 3282 1640 3304 suam
1664 3272 1715 3313 R]
1751 3272 2017 3306 manifestatione
2047 3275 2092 3316 (et
2123 3284 2210 3306 man.
2239 3275 2300 3318 T1)
2330 3286 2390 3308 sua

158 3290 267 3325 γορον
292 3275 419 3309 ἑαυτοῦ
442 3276 474 3308 L
490 3275 502 3319 n
521 3278 540 3309 7
562 3272 737 3320 ἇπειρονζ
762 3275 813 3308 La
832 3274 844 3318 ΙΙ
861 3275 880 3308 8
905 3269 995 3319 παρ’
1016 3270 1126 3306 αὐτοῦ
1149 3274 1201 3306 B⁰
1231 3272 1243 3318 Η

163 3326 201 3357 11
229 3324 268 3356 ἐκ
283 3321 354 3356 ’τοῦ
375 3322 524 3364 νομίμου
546 3321 576 3353 L
592 3319 604 3364 ΙΙ
634 3321 674 3354 12
692 3319 767 3360 οὖν]
789 3317 976 3352 λαθειαων
988 3318 1036 3351 L¹
1053 3318 1066 3362 ΙΙ
1085 3320 1127 3352 14
1146 3317 1243 3365 λέγη-
1318 3319 1378 3352 VT
1391 3319 1475 3362 vulq.
1503 3317 1515 3362 ΙΙ
1545 3319 1582 3351 11
1607 3316 1749 3358 tardata]
1775 3318 1808 3350 et
1832 3319 1909 3351 add.
1933 3318 2036 3351 R¹V¹
2066 3318 2072 3363 Ι
2102 3321 2210 3360 causa]
2236 3322 2270 3352 et
2293 3331 2390 3354 causa

137 3369 221 3402 ’ται
246 3369 304 3409 Μ]
341 3364 482 3412 λέγεται
505 3365 612 3401 ΕΒς
637 3369 649 3408 [Ι
690 3367 730 3399 19
756 3365 815 3396 καὶ
840 3364 900 3398 ἐπὶ
925 3382 970 3387 -
994 3364 1037 3397 26
1060 3359 1243 3397 ὑπόθεσιν
1309 3364 1359 3396 13¹
1377 3362 1390 3405 ss
1408 3365 1449 3397 14
1473 3363 1549 3404 nisi]
1575 3362 1640 3394 nisi
1664 3362 1692 3394 si
1715 3361 1749 3394 R
1764 3362 1776 3405 ΙΙ
1805 3364 1846 3396 15
1871 3363 1899 3395 si
1922 3374 1966 3396 no
1987 3364 2037 3397 V¹
2064 3364 2069 3408 Ι
2092 3364 2224 3405 actoris]
2248 3365 2389 3408 impera-

161 3427 219 3446 om.
233 3413 313 3455 BL,
331 3413 422 3446 uncis
445 3412 575 3444 inclusit
597 3410 659 3443 M²
673 3409 686 3454 ΙΙ
712 3410 756 3443 30
780 3406 952 3454 στρατιὰς
975 3409 1007 3441 L
1024 3408 1037 3452 ΙΙ
1062 3409 1105 3442 32
1125 3406 1240 3451 νόμῳ]
1309 3409 1393 3441 toris
1413 3408 1462 3441 R¹
1485 3409 1497 3450 ΙΙ
1526 3408 1567 3441 18
1588 3417 1699 3439 rerum
1718 3426 1763 3431 -—
1784 3408 1827 3440 22
1847 3418 1899 3440 res
1921 3410 1953 3440 et
1973 3421 2034 3442 scr.
2048 3408 2099 3442 R2
2113 3411 2144 3442 in
2159 3422 2224 3443 ras.
2239 3411 2259 3443 2
2272 3423 2353 3445 vers.
2378 3411 2390 3454 Η

1311 3454 1349 3488 21
1386 3452 1493 3485 saluet
1523 3451 1664 3493 RVT²1
1698 3451 1806 3485 soluet
1832 3453 1865 3486 T
1874 3453 1940 3487 ιαἰ.
1970 3453 1982 3497 ΙΙ
2020 3455 2062 3487 22
2086 3453 2310 3489 fideiussorem
2341 3457 2388 3497 V]

1308 3498 1512 3531 fideiussores
1533 3497 1603 3530 ΒΤ
1626 3495 1639 3549 ΙΙ
1666 3498 1847 3540 praestans]
1873 3499 1961 3539 quod
1986 3500 2063 3533 add.
2077 3499 2127 3532 R³
2153 3499 2167 3542 ss
2196 3500 2238 3534 27
2257 3500 2389 3534 dubita-

1273 3548 1277 3592 Ι
1309 3544 1433 3576 tionem
1450 3542 1541 3575 RV³
1561 3541 1765 3575 dubitationi
1786 3543 1832 3576 V¹
1857 3542 1870 3587 ΙΙ
1898 3544 1940 3578 28
1954 3544 2231 3585 quaestionumR
2248 3545 2260 3589 ΙΙ
2282 3546 2389 3589 legem

1308 3587 1400 3622 RV¹
1425 3587 1438 3630 ΙΙ
1465 3587 1623 3630 primum]
1648 3586 1868 3621 determinare
1893 3589 1970 3621 add.
1986 3589 2035 3622 R¹
2065 3589 2077 3629 ΙΙ
2105 3590 2148 3624 29
2169 3589 2390 3624 dubitationis

1317 3633 1366 3667 V¹
1381 3631 1394 3673 ΙΙ
1421 3633 1464 3667 30
1488 3632 1704 3676 hypothecae]
1728 3633 1887 3676 ypothece
1910 3633 1983 3675 lege
2004 3633 2060 3679 Vn
2086 3635 2129 3668 32
2150 3634 2222 3677 lege
2246 3648 2304 3670 om.
2327 3637 2362 3670 V
2378 3635 2390 3680 ΙΙ

1310 3680 1353 3712 34
1377 3677 1599 3711 desiderantes
1621 3677 1671 3710 R²
1689 3676 1702 3721 ΙΙ
1726 3678 1769 3711 36
1793 3678 1929 3711 omnino
1954 3679 2058 3713 om.R
2074 3678 2087 3723 ΙΙ
2113 3680 2155 3714 37
2179 3681 2389 3724 interpellari

1308 3723 1358 3757 R¹
1373 3722 1387 3767 ΙΙ
1412 3724 1454 3757 39
1477 3722 1618 3756 militiae
1642 3721 1720 3767 13¹1!
1745 3722 1881 3765 publica
1905 3737 1964 3758 om.
1977 3725 2027 3758 R¹
2042 3723 2055 3769 ΙΙ
2074 3725 2252 3759 existerent
2276 3726 2395 3759 R¹⁴2T

165 3459 242 3492 Cod.
258 3459 290 3500 8,
300 3465 343 3497 13,
357 3464 392 3491 27
409 3457 456 3499 (28
469 3457 548 3490 citat
562 3456 697 3499 Theoti„
721 3456 778 3488 ubi
790 3456 831 3495 cf.
846 3454 1047 3495 Zachariae)
1073 3453 1086 3497 11
1109 3450 1240 3498 πρόδη-

161 3500 219 3536 λαι
233 3504 261 3536 L
287 3502 300 3546 ΙΙ
323 3502 364 3536 33
386 3503 555 3546 στρατίαι
569 3501 615 3533 M
616 3503 634 3521 ⁰
652 3499 665 3542 ΙΙ
689 3495 749 3533 διὰ
768 3496 811 3532 τὸ
833 3499 953 3532 lineola
971 3499 1130 3533 subducta
1150 3507 1242 3533 notat

160 3547 219 3588 Ι),
241 3547 375 3590 omen
407 3548 447 3580 41
474 3543 495 3588 ἢ
520 3546 631 3587 Μ(ς)]
656 3544 688 3577 εἶ
710 3542 758 3588 μὴ
779 3544 812 3578 L

218 3638 234 3670 1
259 3647 318 3669 sue
341 3636 374 3669 R
404 3635 409 3679 Ι
451 3637 472 3670 2
503 3635 740 3669 ¹’administrat
771 3634 972 3676 (aministrat
994 3633 1086 3675 RV)
1120 3634 1197 3668 libri
1229 3633 1241 3679 ΙΙ

161 3682 180 3713 3
205 3681 276 3714 siue
299 3681 369 3714 siue
426 3682 437 3702 ¹
455 3681 468 3725 ΙΙ
490 3683 510 3716 5
531 3680 728 3714 denuntiare
749 3679 809 3723 ΒΗ
833 3681 873 3712 ut
897 3692 954 3712 om.
977 3678 1028 3712 V¹
1045 3678 1058 3722 ΙΙ
1075 3677 1240 3712 deducant

159 3725 209 3759 R¹
240 3725 253 3770 ΙΙ
288 3727 308 3760 8
332 3728 529 3760 contenente
560 3726 610 3760 V¹
647 3725 873 3758 continentem
897 3724 947 3757 Β*
973 3723 987 3768 ΙΙ
1015 3723 1239 3757 iuramentum
