2618 4010
245 145 354 189 Nov.
385 144 568 187 XXVIII
597 157 658 200 pr.

1323 142 1428 207 212,

2074 164 2133 194 DE
2163 161 2463 195 MODERATORE

1162 202 1549 210 —--———-—-.—.

759 290 815 325 ΚΗ

334 355 515 409 ΠΕΡΙ
543 354 687 410 ΤΟΥ
717 355 1248 411 ΜΟΔΕΡΑΤῼΡΟΣ

495 423 1074 480 ΕΛΕΝΟΠΟΝΤΟῩ.

296 498 335 536 Ὁ
359 498 465 536 αὐτὸς
487 501 652 548 βασιλεὺς
674 500 821 551 Ἰωάννῃ
852 503 996 549 ἐπάρχῳ
1022 507 1270 551 πραιτωρίων.

1846 293 2012 332 XXVIII.

1428 361 1479 410 R
1512 360 1607 411 DE
1640 359 2110 418 MODERATORE
2143 364 2438 417 HELENO-

1787 428 1994 483 PONTI
2022 434 2077 485 R

1582 504 1670 550 Imp.
1694 505 1914 543 IustinIanus
1938 510 2028 556 Aug.
2053 511 2204 547 Iohanni
2228 523 2288 557 pp.

289 570 581 616 (Προοίμιον.)
627 569 672 606 Τὸ
693 570 811 606 καλῶς
829 584 870 605 τε
889 574 949 604 καὶ
969 568 1120 606 ἄνωθεν
1139 567 1331 617 ἁρμοσθέν
1363 576 1382 608 5
1441 572 1727 619 (Praefatio.)
1779 574 1877 610 Bene
1899 575 2095 622 antiquitus
2122 584 2358 624 compactum,
2391 579 2471 614 uni·

245 627 286 650 τι
309 617 370 650 καὶ
392 612 581 661 ἡνωμένον
609 618 670 651 καὶ
693 617 742 651 εἰς
771 615 839 660 τὴν
861 616 998 651 οἰκείαν
1025 617 1127 659 ἰσχὺν
1148 617 1327 651 συντεθὲν
1396 620 1483 660 tum,
1508 617 1545 653 in
1564 628 1631 653 sua
1650 619 1782 654 virtute
1804 621 2036 665 compositum
2059 623 2135 660 sine
2157 624 2360 660 rationabili
2382 634 2468 669 qua-

245 663 355 707 χωρὶς
385 657 532 709 εὐλόγου
563 660 662 697 τινὸς
694 662 809 696 αἰτίας
831 662 1007 703 καινίζειν
1038 657 1061 703 ἢ
1088 659 1241 707 διαιρεῖν
1263 660 1327 696 οὐκ
1397 663 1478 698 dam
1491 673 1601 699 causa
1619 673 1750 699 novare
1769 667 1835 700 aut
1849 665 2003 701 dividere
2019 677 2093 703 non
2109 669 2178 704 crit
2194 669 2470 715 dispensationIS

244 703 292 739 ἂν
322 704 376 750 εἴη
403 703 612 750 διοικήσεως
641 708 860 754 ἐρρωμένης·
899 703 940 740 οὗ
971 705 1040 753 γὰρ
1074 708 1114 741 ἐν
1138 704 1327 751 ὀνομάτων
1396 718 1523 744 sanae:
1558 719 1630 744 non
1654 710 1746 744 enim
1777 710 1813 744 in
1837 711 2018 746 nominum
2048 713 2272 750 multitudine
2298 714 2470 750 fortitudo

246 747 384 795 πλήθει
415 751 548 786 θετέον
575 750 644 795 τὴν
673 749 785 794 ἰσχύν,
814 748 894 785 ἀλλ’
930 753 970 785 έν
999 746 1133 795 ἀληθεῖ
1164 751 1326 800 πραγμά-
1396 753 1559 798 ponenda
1584 757 1648 797 est,
1674 755 1736 789 sed
1759 754 1796 790 in
1820 765 1904 790 vero
1924 765 2045 791 rerum
2064 757 2203 795 effectu.
2244 759 2357 805 Quale
2377 759 2470 795 vide-

245 808 324 831 των
342 793 618 842 ἀποτελέσματα
662 795 789 832 ὁποῖον
813 794 857 839 δή
880 809 917 830 τι
936 800 1123 844 γεγονέναι
1142 800 1226 843 περὶ
1245 795 1326 832 τού-
1344 801 1383 834 10
1396 798 1481 834 licet
1503 798 1639 834 factum
1664 799 1760 835 circa
1783 800 1850 835 hos
1883 800 1972 836 duos
1996 801 2132 839 Pontus
2158 806 2357 850 appellatos
2382 805 2469 840 didi-

247 852 328 876 τους
350 839 395 885 δὴ
417 840 498 877 τοὺς
521 840 585 876 δύο
609 839 770 875 Πόντους
793 840 1028 885 καλουμένους
1050 842 1326 887 μεμαθήκαμεν,
1397 844 1526 879 cimus:
1582 844 1750 890 dicimus>
1782 850 1901 880 autem
1925 845 2212 891 Helenopontum
2242 852 2279 886 et
2308 850 2470 886 Polemo-

245 887 367 942 φαμδν
389 884 434 930 δὴ
455 883 522 922 τόν
544 899 586 922 τε
609 884 869 921 Ἐλενόποντον
891 886 959 921 τόν
981 900 1022 921 τε
1045 886 1328 932 Πολεμωνιακὸν
1395 889 1538 924 niacum
1592 893 1726 925 ontum.
1774 890 1863 926 Cum
1895 891 1988 926 enim
2019 892 2085 926 sub
2117 903 2187 929 uno
2217 898 2312 931 esset
2335 895 2471 941 pridem

246 934 403 967 Ποντον.
448 929 513 978 ὑφ’
536 931 590 966 ἑνὶ
613 930 683 978 γὰρ
706 929 836 975 ποώην
862 929 1009 979 ἄρχοντι
1031 935 1248 979 τεταγμένης
1266 934 1328 977 τῆς
1394 934 1512 970 iudice
1544 934 1738 970 constituta
1768 936 1963 980 provincia,
2004 936 2093 972 facti
2124 941 2209 973 sunt
2239 939 2320 984 duo,
2357 951 2471 985 neque

244 975 364 1023 χώρας
391 978 561 1025 γεγόνασι
591 974 666 1018 δύο,
700 964 791 1020 μῆτε
824 974 996 1021 δημοσίας
1030 974 1183 1025 ἀνάγκης
1219 980 1327 1013 τοῦτο
1421 980 1540 1015 ubfica
1563 980 1633 1015 hoc
1657 981 1870 1016 necessitate
1900 986 2048 1026 cogente
2079 992 2194 1027 neque
2219 984 2289 1019 alia
2311 986 2470 1021 rationa-

245 1019 523 1069 κατεπειγούσης
548 1020 638 1067 μήτε
670 1022 791 1068 ἑτέρας
822 1021 919 1057 τινὸς
942 1020 1158 1069 προφάσεως
1180 1020 1326 1071 εὐλόγου
1342 1026 1381 1059 15
1394 990 1456 1060 fiili
1492 1025 1651 1078 qualibet
1681 1026 1887 1070 occasione,
1924 1036 2029 1071 quam
2062 1027 2188 1072 aliquis
2225 1030 2330 1064 etiam
2364 1031 2471 1066 facile

246 1062 291 1109 ἣν
313 1066 360 1101 ἄν
382 1078 437 1101 τις
465 1069 525 1101 καὶ
557 1065 691 1113 ῥαδίως
718 1066 864 1116 ἐξεύροι.
911 1071 971 1102 καὶ
996 1069 1168 1103 τοσοῦτον
1191 1082 1323 1118 μαρτυ-
1394 1070 1563 1106 invemat.
1615 1071 1665 1106 Et
1695 1074 1795 1107 tanto
1828 1072 2003 1117 probatur
2035 1083 2145 1108 causa
2176 1073 2228 1109 ita
2259 1084 2297 1109 se
2326 1075 2470 1116 habere,

246 1114 361 1165 ρεῖται
391 1111 434 1146 τὸ
459 1113 608 1159 πρᾶγμα
639 1109 752 1147 οὕτως
774 1115 868 1156 ἕχον,
901 1109 950 1148 οἷς
972 1114 1020 1148 εἰς
1047 1113 1114 1156 τὴν
1137 1116 1326 1160 παροῦσαν
1396 1115 1478 1160 quia
1498 1125 1612 1160 usque
1630 1117 1677 1152 ad
1699 1122 1922 1161 praesentem
1947 1117 2040 1152 diem
2064 1129 2135 1153 uno
2156 1120 2335 1154 tracteuta
2354 1120 2470 1165 publi-

266 1159 381 1202 μέραν
414 1156 468 1191 ἑνὶ
499 1159 698 1205 τρακτευτῇ
727 1158 806 1192 τῶν
830 1156 1015 1203 δημοσίων
1048 1158 1172 1205 φόρων
1202 1173 1243 1194 τε
1266 1163 1325 1194 καὶ
1396 1171 1518 1196 carum
1541 1161 1766 1196 functionum
1798 1166 1834 1197 et
1858 1162 2130 1207 dispositIOnum
2156 1166 2304 1199 utuntur
2328 1164 2470 1210 provin·

245 1169 510 1237 δῖιατυπώσεων
532 1202 694 1249 χρῆσθαι
725 1202 787 1238 τὰς
809 1203 928 1250 χώρας
950 1202 1163 1260 ἀμφοτέρας.
1206 1202 1327 1241 πόλεις
1396 1206 1471 1241 ciae
1494 1206 1631 1242 ambae.
1678 1207 1916 1252 civitatesque
1948 1208 1979 1243 si
2003 1209 2081 1253 quis
2106 1214 2289 1245 enumerat
2320 1219 2412 1254 quae
2434 1209 2471 1245 in

245 1260 285 1281 τε
310 1247 347 1281 εἴ
363 1258 418 1282 τις
439 1245 635 1294 ἀριθμήσει
667 1246 731 1282 τὰς
761 1246 855 1283 καθ’
884 1246 1052 1296 ἑκάτερον
1075 1262 1196 1292 ουσας,
1227 1249 1326 1294 μόλις
1340 1253 1380 1286 20
1395 1254 1547 1296 utraque
1572 1255 1665 1294 sunt,
1698 1252 1756 1287 vix
1779 1253 1982 1298 provinciae
2006 1254 2109 1288 unius
2141 1254 2182 1289 fit
2205 1265 2372 1290 mensura
2396 1254 2472 1290 suf-

245 1294 416 1339 ἐπαρχίας
443 1293 525 1337 μιᾶς
555 1291 727 1339 αὔταρκες
755 1296 897 1341 γένοιτο
926 1298 1074 1341 μέτρον·
1107 1295 1143 1328 εἴ
1161 1309 1201 1342 γε
1228 1293 1325 1330 ὀκτὼ
1393 1296 1537 1332 ficiens:
1576 1297 1655 1332 deni
1682 1307 1727 1332 ue
1751 1302 1832 1333 octo
1854 1298 1995 1342 quidem
2024 1298 2184 1334 civitates
2203 1310 2279 1335 com
2307 1300 2382 1335 lent
2402 1299 2472 1335 He-

243 1338 312 1392 μὲν
334 1335 455 1373 πόλεις
478 1336 726 1384 συμπληροῦσι
750 1338 816 1373 τὸν
838 1337 1108 1382 Ἑλενόποντον,
1138 1344 1326 1374 τουτέστιν
1394 1342 1635 1386 lenopontum,
1687 1353 1730 1378 oc
1754 1346 1809 1378 est
1831 1343 1977 1378 Amasin.
2000 1346 2037 1379 et
2059 1344 2205 1380 Hebora
2228 1349 2264 1380 et
2317 1345 2472 1387 uchaita,

242 1380 408 1425 Αμάσειά
442 1396 482 1418 τε
516 1386 577 1417 καὶ
604 1381 740 1430 Ἴβωρα
774 1387 834 1418 καὶ
869 1383 1030 1428 Εὗχάιτα
1067 1388 1126 1419 καὶ
1164 1385 1251 1431 πρός
1285 1398 1326 1431 γε
1393 1386 1539 1431 insuper
1563 1390 1599 1422 et
1621 1387 1707 1422 Zela
1731 1391 1767 1422 et
1788 1388 1962 1432 Andrapa
1992 1392 2027 1423 et
2060 1389 2157 1424 circa
2187 1389 2301 1425 undas
2333 1390 2473 1435 positae

246 1426 345 1471 Ζῆλα
372 1430 432 1463 καὶ
451 1426 641 1475 Ἀνδραπα
670 1432 730 1463 καὶ
755 1430 798 1463 αἵ
815 1443 856 1477 γε
881 1430 969 1474 πρὸς
991 1433 1065 1465 τοῖς
1088 1429 1234 1475 κλίμασι
1258 1434 1326 1464 κεί-
1394 1431 1524 1476 Sinope
1555 1434 1591 1467 et
1619 1432 1794 1475 Amissus,
1829 1433 1988 1468 civitates
2021 1434 2198 1478 antiquae,
2235 1445 2301 1470 nec
2334 1446 2407 1470 non
2438 1440 2474 1470 et

243 1486 350 1517 μεναι
374 1471 528 1518 Σινώπη
557 1487 598 1508 τε
627 1477 687 1508 καὶ
709 1471 748 1508 Ἀ
776 1473 890 1517 ισσός,
920 1474 1040 1510 πόλεις
1070 1473 1233 1520 ἀρχαῖαι,
1266 1479 1326 1509 καὶ
1339 1479 1379 1511 25
1393 1476 1638 1522 Leontopolis,
1663 1477 1694 1512 si
1714 1481 1855 1522 oportet
1878 1480 1915 1512 et
1938 1478 2035 1513 illam
2062 1479 2100 1514 in
2127 1479 2328 1515 civitatibus
2351 1490 2473 1515 nume-

245 1517 318 1572 μὴν
348 1522 409 1553 καὶ
431 1516 685 1554 Λεοντόπολιν
719 1489 786 1574 ἤδιη
821 1517 990 1565 κάκείνην
1026 1517 1084 1567 ἀρι
1117 1524 1251 1564 μητέον
1286 1523 1326 1555 έν
1393 1531 1489 1566 rare3
1543 1522 1674 1567 uinque
1687 1533 1768 1558 vero
1782 1523 1873 1558 aliae
1886 1523 2174 1559 Polemoniacum
2187 1524 2368 1560 continent
2380 1525 2473 1560 Pon-

245 1561 389 1599 πολεσι·
419 1567 529 1600 πέντε
552 1562 592 1598 δὲ
614 1562 719 1598 ἄλλαι
742 1578 810 1599 τον
827 1564 948 1609 Πολεμ
957 1565 1116 1600 ωνιακὸν
1140 1568 1325 1608 συνέχουσι
1394 1570 1482 1608 tum,
1507 1533 1749 1603 ISeocaesaria
1770 1572 1806 1603 et
1825 1568 1984 1603 Comana
2004 1571 2040 1604 et
2061 1570 2244 1614 Trapezus
2264 1571 2300 1604 et
2321 1569 2474 1605 Cerasus

248 1607 402 1651 Πόντον,
426 1608 688 1657 Νεοκαισὰρειά
711 1623 752 1644 τε
774 1613 835 1644 καὶ
859 1609 1015 1656 Κόμανα
1039 1614 1099 1644 καὶ
1123 1610 1326 1658 Τραπεζοῦς
1395 1616 1431 1647 et
1453 1612 1695 1648 Polemonium
1723 1613 1903 1659 (Pityonta
1930 1614 2021 1648 enim
2042 1619 2079 1649 et
2103 1615 2354 1660 Sebastopolin
2380 1615 2474 1650 inter

243 1656 304 1688 καὶ
340 1653 522 1701 Κερασοῦς
556 1657 616 1688 καὶ
646 1653 885 1698 Πολεμώνιον
922 1657 1145 1699 (Πιτυοῦντι
1202 1655 1247 1702 ὰρ
1283 1655 1327 1699 δὴ
1396 1659 1516 1693 castra
1546 1658 1657 1703 magis
1681 1658 1957 1694 adnumeramus
1990 1670 2094 1704 quam
2119 1660 2310 1700 civitates):
2349 1663 2389 1695 ut
2413 1671 2472 1696 us-

244 1702 305 1733 ααὶ
337 1697 614 1745 Σεβαστόπολιν
648 1701 689 1735 ἐν
720 1705 900 1748 φρουρίοις
934 1700 1070 1745 μᾶλλον
1101 1698 1161 1747 ἄρι
1194 1705 1327 1746 μητέον
1341 1704 1383 1737 30
1396 1713 1463 1747 que
1495 1703 1540 1738 ad
1572 1703 1636 1739 has
1668 1707 1818 1749 uterque
1845 1704 1892 1739 sit
1924 1705 2072 1741 Pontus.
2127 1705 2214 1740 Post
2244 1716 2333 1750 quos
2366 1705 2472 1740 etiam

244 1740 267 1787 ἦ
289 1743 469 1789 πόλεσιν)·
506 1741 595 1780 ὥςτε
621 1748 725 1801 μεχρι
753 1746 897 1781 τούτων
926 1743 1093 1793 ἑκάτερον
1124 1746 1218 1781 εἶναι
1248 1748 1327 1782 τῶν
1395 1751 1522 1784 nostra
1552 1749 1715 1784 consistit
1744 1749 1892 1793 Lazica,
1923 1750 1961 1784 in
1992 1760 2063 1795 qua
2092 1754 2128 1785 et
2156 1750 2387 1786 Petraeorum
2419 1756 2474 1786 est

244 1786 412 1825 Πάντων.
457 1787 560 1826 Μεθ’
586 1789 645 1825 οὓς
668 1788 691 1835 η’
713 1804 754 1825 τε
777 1788 930 1838 ἡμετέρα
947 1792 1157 1846 (καθέστηκε
1171 1791 1326 1835 Λαζική,
1397 1793 1533 1835 civitas,
1567 1805 1589 1829 a
1614 1794 1715 1829 nobis
1747 1795 1870 1830 civitas
1896 1805 1974 1830 esse
2006 1799 2041 1830 et
2069 1796 2245 1831 nominari
2299 1795 2473 1840 ercipiens

245 1837 286 1870 ἐν
308 1826 331 1883 ᾗ
355 1837 415 1870 καὶ
438 1833 460 1879 ἡ
482 1839 675 1884 Πετραίων
699 1837 776 1871 ἐστὶ
800 1834 911 1878 πόλις,
938 1835 1002 1883 υφ’
1029 1839 1134 1882 ημῶν
1158 1836 1200 1871 τὸ
1225 1836 1327 1871 πόλις
1396 1841 1432 1874 et
1466 1843 1572 1874 utens
1606 1843 1751 1875 nostrae
1782 1839 1927 1886 pietatis
1963 1840 2172 1885 cognomine
2205 1844 2242 1877 et
2291 1841 2473 1877 ustiniana

244 1879 341 1934 elga(
353 1894 402 1935 3-3
420 1883 485 1934 ςκαὶ
508 1879 757 1937 ὀνομάζεσθαι
785 1881 1035 1937 πρρςλαβοῦσα
1063 1885 1260 1939 κεχρημένη
1285 1895 1326 1935 ‘tq

244 1938 300 1969 τῳ
324 1937 387 1969 της
410 1929 579 1973 ημετέρας
610 1929 791 1971 ευσεβείας
822 1941 977 1972 ονοματι
1007 1930 1067 1960 καὶ
1104 1930 1329 1971 Ιουστινιανη
1343 1929 1385 1963 35

290 2016 376 2052 Νου.
395 2017 578 2052 XXVIII
598 2016 726 2053 Graece
749 2025 838 2052 extat
859 2019 893 2052 in
919 2018 1013 2061 ML,
1045 2019 1081 2051 Β
1099 2020 1132 2060 6,
1151 2026 1193 2052 12.
1219 2037 1260 2042 —
1290 2019 1380 2062 Epit.
1405 2020 1524 2053 Tbeod.
1545 2021 1600 2060 28,
1623 2021 1743 2054 Alban.
1763 2022 1797 2061 4,
1819 2029 1847 2054 8.
1892 2021 2014 2054 Iulian.
2039 2028 2139 2055 const.
2161 2021 2324 2056 XXVII.

775 2183 880 2236 DE
907 2184 970 2236 M
975 2184 1209 2237 ODERA
1214 2116 1941 2241 TJZZIIIELENOPONTI.

897 2261 1000 2300 Idem
1021 2265 1209 2311 Auqastus
1232 2263 1392 2300 Iohanni
1409 2266 1604 2311 praefecto
1625 2266 1827 2312 praetorio.

379 2331 498 2368 Prae
532 2333 642 2369 atio.
700 2330 809 2379 Quod
835 2330 993 2378 pulchre
1023 2335 1060 2368 et
1077 2332 1255 2385 primitus
1278 2333 1532 2369 concinnatum
1558 2337 1594 2369 et
1617 2333 1755 2369 unitum
1784 2337 1895 2379 atque
1917 2333 1955 2368 in
1973 2335 2170 2380 proprium
2193 2335 2306 2371 robur
2329 2347 2471 2385 compo-

244 2379 353 2416 situm
375 2381 441 2420 est,
474 2377 489 2412 z·
534 2377 615 2413 sine
644 2377 741 2412 iusta
774 2377 900 2423 aliqua
932 2387 1045 2413 causa
1075 2389 1253 2414 mnovare
1282 2378 1339 2414 vel
1360 2377 1519 2414 dividere
1547 2388 1620 2413 non
1647 2382 1703 2414 est
1730 2389 1843 2414 sanae
1866 2378 2209 2415 administratiom's:
2242 2392 2358 2428 neque
2380 2385 2473 2418 enim

244 2425 283 2460 in
305 2423 490 2460 nominum
512 2422 759 2464 multitudine,
788 2422 854 2458 sed
875 2422 914 2457 in
938 2433 1023 2458 vero
1047 2434 1170 2459 rerum
1199 2423 1332 2469 effectu
1361 2422 1476 2458 robur
1503 2423 1713 2470 ponendum
1735 2428 1799 2459 est.
1858 2423 1972 2467 Quale
1994 2424 2085 2471 quid
2113 2426 2184 2460 iam
2208 2427 2403 2472 contiqisse
2435 2429 2472 2463 in

244 2469 386 2506 duobus
400 2467 458 2504 lais
477 2467 541 2514 qui
560 2471 738 2504 vocantur
753 2466 883 2503 Pontis
900 2468 1116 2514 accepimus,
1134 2468 1424 2515 Helenopontum
1439 2468 1591 2504 dicimus
1608 2474 1645 2504 et
1657 2468 1814 2504 Pontum
1831 2468 2132 2505 Polemoniacum.
2182 2470 2276 2506 Nam
2293 2482 2372 2507 cum
2388 2473 2472 2508 olim

243 2514 310 2552 sub
333 2524 407 2550 uno
429 2513 647 2560 magistratu
669 2512 772 2559 reqio
795 2513 862 2548 illa
886 2513 1086 2549 constituta
1110 2518 1213 2556 esset,
1246 2513 1318 2549 duo
1342 2514 1438 2559 facti
1459 2518 1555 2556 sunt,
1586 2525 1702 2560 neque
1718 2514 1870 2561 publica
1895 2515 2108 2551 necessitate
2138 2515 2179 2550 id
2196 2517 2250 2562 fla
2277 2516 2391 2554 itante
2412 2530 2472 2554 ne-

245 2571 316 2608 que
337 2558 416 2595 ulla
435 2558 512 2594 alia
535 2559 632 2594 iusta
652 2569 765 2594 causa
787 2569 894 2605 quam
917 2558 1061 2604 quidem
1085 2560 1168 2605 quis
1186 2559 1302 2605 facile
1324 2559 1492 2595 inveniat.
1539 2558 1656 2606 Atque
1675 2570 1750 2595 rem
1770 2559 1824 2594 ita
1842 2570 1882 2594 se
1899 2558 2031 2596 babere
2050 2560 2141 2596 adeo
2161 2571 2230 2596 con
2259 2566 2409 2606 matur,
2433 2568 2474 2599 ut

244 2616 288 2642 us
313 2616 360 2642 ue
382 2603 433 2640 ad
449 2608 681 2651 praesentem
710 2602 804 2639 diem
834 2614 907 2638 uno
937 2607 1138 2640 tractatore
1167 2604 1397 2651 publicorum
1429 2604 1643 2640 tributorum
1667 2609 1704 2640 et
1727 2603 2002 2650 dispositionum
2032 2609 2188 2652 utraque
2209 2607 2313 2652 reqio
2337 2611 2470 2643 utatur.

249 2616 361 2687 Urbes
391 2660 536 2697 quoque
564 2649 597 2684 si
626 2650 708 2695 quis
738 2648 943 2684 numerabit
971 2659 1065 2695 quae
1094 2650 1131 2684 in
1160 2654 1317 2701 utroque
1339 2648 1483 2701 (Ponto)
1507 2653 1603 2690 sunt,
1635 2650 1700 2701 via?
1723 2651 1830 2684 unius
1846 2650 2062 2695 provinciae
2092 2661 2260 2702 mensura
2283 2652 2473 2697 sufficiens

244 2695 392 2733 evadat:
425 2695 459 2731 si
506 2694 625 2730 uidem
649 2698 731 2730 octo
755 2693 863 2730 urbes
886 2693 1181 2741 Helenopontum
1204 2695 1390 2741 effictum,
1422 2694 1461 2730 zd
1488 2698 1543 2730 est
1564 2695 1713 2730 Amasza
1744 2698 1780 2730 et
1803 2691 1914 2729 Ibora
1945 2698 1982 2730 et
2002 2694 2183 2731 Euchaaa
2213 2707 2258 2731 ac
2279 2702 2472 2743 praeterea

247 2740 334 2777 Zela
351 2744 390 2777 et
490 2750 586 2787 rapa
602 2750 769 2786 quaeque
791 2738 842 2775 ad
860 2738 1012 2775 declivia
1034 2741 1127 2776 sitae
1149 2745 1234 2776 sunt
1253 2739 1390 2786 Sinope
1410 2745 1445 2776 et
1464 2739 1619 2781 Amisus,
1643 2740 1723 2775 anti
1747 2750 1816 2775 uae
1838 2738 1954 2782 urbes,
1979 2744 2018 2775 at
2046 2751 2089 2776 ue
2111 2741 2220 2776 etiam
2236 2741 2472 2789 Leontopolis

244 2786 309 2822 illa
330 2786 402 2822 iam
421 2785 518 2822 inter
537 2785 644 2821 urbes
663 2784 883 2820 recensenda
900 2789 975 2826 est,·
996 2785 1156 2831 quinque
1172 2796 1256 2821 vero
1277 2785 1372 2820 aliae
1388 2784 1684 2821 Polemoniacum
1736 2789 1858 2820 ontum
1878 2795 2025 2837 compre
2050 2785 2196 2828 endunt,
2221 2785 2472 2824 Neocaesarea

244 2835 282 2869 et
301 2830 462 2867 Comana
484 2833 521 2866 et
545 2829 734 2877 Irapezus
760 2834 796 2865 et
820 2829 974 2866 Cerasus
996 2834 1032 2866 et
1057 2830 1306 2866 Polemonium
1330 2829 1476 2877 (Pityus
1498 2829 1592 2866 enim
1614 2834 1650 2865 et
1671 2828 1918 2876 Sebastopolis
1948 2834 2044 2865 mter
2067 2836 2189 2866 castra
2210 2832 2340 2878 potius
2363 2843 2470 2879 quam

245 2876 352 2913 urbes
371 2875 618 2912 numerandae
639 2877 748 2918 sunt),
772 2875 826 2910 ita
844 2878 886 2911 ut
908 2886 1023 2922 usque
1043 2875 1094 2911 ad
1112 2875 1180 2911 bas
1203 2880 1356 2922 uterque
1371 2874 1515 2911 Pontus
1530 2875 1726 2922 pertineat.
1775 2874 1866 2911 Post
1883 2873 1950 2910 kas
1973 2880 2009 2911 et
2028 2875 2164 2912 Lazica
2185 2881 2312 2912 nostra
2336 2882 2401 2920 est,
2433 2879 2471 2913 in

245 2932 320 2969 qua
333 2921 442 2958 etiam
454 2919 725 2957 Petraeensium
742 2920 829 2956 urbs
847 2923 901 2955 est
917 2923 1026 2966 (quae
1046 2932 1069 2956 a
1084 2921 1190 2956 nobis
1208 2925 1250 2957 ut
1270 2921 1356 2957 urbs
1374 2925 1409 2957 et
1428 2925 1522 2956 esset
1540 2925 1576 2956 et
1592 2921 1842 2956 nominaretur
1860 2919 2069 2966 impetravit
2088 2924 2307 2967 nostraeque
2319 2923 2472 2969 pietatis

291 3015 311 3048 2
333 3009 571 3059 μοδεράτορος
595 3011 631 3045 Β
698 3014 717 3046 6
742 3011 917 3045 συντιθὲν
941 3012 972 3045 L
993 3011 1006 3057 [Ι
1036 3014 1056 3046 9
1081 3009 1217 3054 πλήθει
1241 3013 1324 3045 τέον

247 3060 290 3093 Μ
301 3059 315 3104 Ι
345 3061 382 3093 11
406 3054 620 3102 μεθήκαμεν
705 3056 717 3098 ῘΙ
751 3059 791 3091 12
815 3057 934 3102 φαμὲν
957 3054 998 3091 δὲ
1021 3058 1103 3100 Β(ς)
1126 3058 1138 3101 ΙΙ
1167 3053 1323 3090 ‘El-evol)-

246 3115 384 3140 ποντον
404 3104 463 3145 (id.
478 3104 535 3143 22)
560 3103 607 3136 Μ
625 3100 638 3146 ΙΙ
665 3099 928 3146 πολεμονιακόν
952 3105 995 3142 (et
1017 3105 1064 3136 sic
1086 3105 1222 3146 semper)
1246 3103 1278 3136 L
1312 3103 1323 3142 ΙΙ

246 3152 289 3184 20
312 3147 481 3194 ἑκάτερον
495 3148 577 3190 Μ’(σ
595 3172 603 3180 .
617 3148 686 3189 31)]
710 3146 837 3192 ἑτέραν
850 3148 920 3181 LB
943 3146 1118 3194 ἑκατέραν
1130 3148 1324 3181 Haloander

246 3206 317 3233 exe
346 3196 360 3241 ΙΙ
383 3192 496 3228 οὖσαν
518 3193 551 3227 L
612 3194 651 3227 21
679 3205 740 3227 scr.
760 3192 842 3236 μιᾶς
858 3190 939 3238 <ἂν>
955 3190 1152 3239 αὔταρκεςῖ
1177 3191 1190 3237 ΙΙ
1217 3191 1254 3226 εἴ
1271 3194 1323 3238 γε]

245 3240 390 3282 denique
412 3238 460 3284 :ss
484 3239 528 3273 23
548 3233 703 3280 ἇμάσεια
718 3238 762 3271 M
773 3238 907 3279 Theoti]
938 3234 1072 3281 ἀμάσια
1096 3239 1128 3272 L
1155 3234 1323 3282 Ἀμασεία

248 3284 312 3330 Β·
336 3284 455 3331 ἴβωρα
479 3283 538 3325 Μ]
569 3281 677 3328 ἴβορα
699 3283 769 3316 LB
800 3282 926 3326 εἴβορα
947 3284 1067 3317 Theod.
1099 3282 1235 3316 Hebora
1259 3294 1279 3319 ς
1312 3282 1324 3328 ΙΙ

246 3328 392 3372 enixam
416 3329 463 3363 M
471 3329 611 3382 Theodq'
637 3325 783 3369 εὗχαΐτα
808 3329 877 3362 LB
903 3327 922 3385 ᾖ
946 3330 989 3363 24
1014 3326 1103 3371 ζῆλα
1127 3329 1211 3370 ML]
1235 3326 1324 3371 ζὴλα

250 3376 370 3409 Theod.
396 3372 488 3408 Ζίλα
505 3374 542 3408 Β
558 3372 573 3418 Ι
588 3383 759 3418 αντραπα
778 3374 822 3406 Μ
842 3372 855 3417 n
879 3386 916 3406 αι
935 3375 986 3420 γε]
1012 3376 1155 3420 αιγαίον
1175 3374 1207 3407 L
1225 3374 1237 3416 ΙΙ
1252 3371 1323 3407 κλί-

246 3418 334 3461 μαξι
346 3420 539 3454 Haloander
550 3420 620 3452 eine
632 3431 743 3459 cauea,
756 3418 861 3450 undas
873 3420 907 3459 (ι’.
919 3432 944 3452 e.
954 3417 1100 3463 κύμασι)
1114 3431 1134 3456 ς
1151 3418 1164 3464 ΙΙ
1179 3421 1323 3463 κείμενα

250 3463 308 3507 L}
327 3467 368 3498 25
392 3461 542 3509 ἆμισσός
561 3464 632 3498 ML
648 3466 703 3506 (efl
721 3464 765 3506 ς)]
791 3459 932 3505 Ἀμισός
952 3464 989 3497 Β
1016 3460 1143 3508 ἁμισός
1168 3465 1287 3498 ΤΙιεοά.
1318 3462 1323 3504 Ι

249 3509 292 3542 26
315 3507 546 3543 Ammonos
572 3510 607 3543 B
632 3508 645 3553 ΙΙ
671 3505 737 3552 ἤδη
760 3508 861 3550 MD]
895 3508 926 3541 εἰ
950 3505 995 3551 δὴ
1016 3509 1054 3543 Β
1089 3509 1121 3543 εἰ
1143 3506 1199 3543 δεῖ
1220 3509 1290 3546 L'e
1318 3507 1324 3553 Ι

250 3554 291 3586 27
317 3555 425 3587 πέντε
448 3551 500 3596 δέ]
548 3550 588 3588 ὖο
613 3551 654 3588 δὲ
674 3555 734 3587 καὶ
759 3553 821 3597 Bu
848 3555 890 3588 28
914 3551 1054 3596 κόμανα
1079 3555 1213 3596 Themi]
1239 3553 1321 3597 κόμ-

248 3608 347 3639 μανα
358 3599 388 3631 L
402 3596 554 3640 κώμανα
563 3600 610 3633 Μ
620 3598 633 3644 ΙΙ
649 3595 803 3643 Κόμανα
815 3617 858 3623 -
872 3600 913 3633 29
930 3597 1111 3644 Κερασοὺς
1121 3602 1181 3633 καὶ
1195 3613 1253 3633 οηι.
1263 3595 1323 3643 B!

250 3643 294 3676 29
316 3640 530 3686 πολεμόνιον
550 3645 704 3678 LTheod.
721 3644 734 3689 ΙΙ
752 3641 930 3679 narbona
944 3645 1021 3683 Loe)
1041 3646 1052 3686 ΙΙ
1069 3648 1110 3679 30
1135 3647 1195 3679 καὶ
1207 3646 1320 3688 Basta·

249 3684 425 3722 στόπολιν
437 3689 476 3720 ἐν
490 3701 545 3721 om.
559 3690 592 3722 B
607 3688 620 3733 fl
639 3690 679 3724 31
693 3689 824 3724 τοῦτον
835 3708 879 3715 -
891 3686 959 3724 τὸν
971 3687 1110 3724 πόντον
1127 3691 1154 3724 L
1172 3690 1184 3734 Ι
1200 3691 1243 3724 33
1259 3701 1320 3724 πε-

252 3735 390 3779 τραίων
409 3733 486 3766 ἐστὶ
511 3733 556 3766 Μ
561 3735 620 3775 (ς)]
643 3733 829 3780 πετραιῶν
848 3734 925 3769 ἐστι
946 3735 982 3768 Β
1007 3731 1171 3780 πετρεαῖν
1191 3736 1268 3769 ἔστι
1289 3734 1320 3768 L

1440 3014 1454 3046 1
1470 3014 1557 3045 rubr.
1584 3012 1640 3046 KH
1652 3031 1659 3038 ·
1673 3012 1803 3046 XVIII.
1826 3012 1865 3059 R:
1887 3014 1936 3046 De
1948 3012 2153 3046 moderatore
2167 3012 2366 3055 hellesponti
2381 3013 2419 3058 153
2446 3014 2475 3047 V

1391 3058 1441 3090 De
1461 3057 1726 3091 moderatoribus
1741 3057 1926 3101 helesponti
1948 3058 1988 3103 12⁷
2012 3057 2150 3090 XXVII
2171 3058 2204 3091 T
2217 3058 2229 3102 ΙΙ
2246 3061 2265 3091 4
2289 3059 2385 3102 ῇτιη
2409 3059 2442 3092 V
2459 3058 2471 3103 fl

1393 3106 1412 3137 5
1437 3103 1570 3135 unitum
1594 3103 1839 3147 Osenbn‘iyqen]
1862 3104 2028 3136 munitum
2053 3104 2131 3137 libri
2155 3101 2168 3147 Ι
2195 3105 2228 3136 et
2247 3104 2413 3136 munitum
2437 3107 2471 3136 et

1391 3148 1428 3180 in
1451 3158 1510 3180 sua
1534 3149 1619 3191 vuly.
1647 3148 1659 3192 ΙΙ
1689 3149 1710 3183 8
1731 3148 1893 3182 fortitudo
1916 3149 1962 3189 T]
1988 3161 2045 3182 om.
2072 3148 2157 3181 Val.
2186 3147 2200 3192 ΙΙ
2228 3149 2248 3182 9
2272 3150 2362 3190 vero]
2394 3148 2468 3181 uiro

1395 3194 1472 3227 libri
1499 3194 1510 3236 ΙΙ
1538 3194 1689 3226 effectum
1722 3192 1784 3238 Vl
1822 3196 1860 3228 10
1894 3196 2018 3237 pontus
2051 3194 2096 3234 V]
2127 3193 2253 3236 pontiis
2286 3194 2320 3227 T
2345 3195 2467 3226 Ponto·

1392 3239 1476 3283 vulq.
1497 3238 1509 3282 ΙΙ
1524 3237 1709 3281 appellatus
1733 3238 1772 3272 de
1799 3239 1914 3271 'cimus
1939 3239 1996 3282 Vll
2015 3241 2051 3272 11
2081 3238 2222 3271 dicimus
2245 3239 2322 3272 add.
2346 3237 2429 3280 neq.
2453 3234 2466 3280 ΙΙ

1391 3283 1646 3326 helinopontum
1667 3285 1731 3317 VT
1738 3282 1751 3328 ΙΙ
1769 3287 1803 3317 et
1824 3283 2034 3327 poloniacum
2052 3286 2191 3327 pontum
2205 3283 2381 3324 Neue-urg..
2404 3293 2463 3313 om.

1401 3328 1488 3373 VTn
1509 3331 1547 3363 13
1560 3328 1703 3362 iudicem
1721 3329 1779 3373 V!
1797 3330 1839 3363 14
1857 3328 1917 3362 alii
1930 3328 2120 3362 rationebili
2138 3329 2189 3362 1⁷⁶
2206 3328 2218 3370 ΙΙ
2235 3329 2276 3361 17
2287 3328 2463 3377 nectente]

1391 3375 1512 3406 tractet
1531 3377 1569 3406 ut
1587 3384 1607 3406 a
1628 3374 1680 3416 Vll
1711 3375 1750 3408 19
1775 3378 1944 3408 enumeret
1960 3375 1993 3407 T
2013 3374 2101 3407 enim
2121 3375 2193 3406 erat
2215 3369 2326 3414 17120
2347 3372 2462 3422 unius]

1390 3418 1427 3450 in
1447 3418 1499 3451 ius
1526 3419 1586 3460 Vn
1612 3419 1650 3452 fit
1674 3419 1721 3461 V]
1753 3419 1796 3452 sit
1821 3420 1854 3454 T
1883 3418 1896 3464 ΙΙ
1924 3421 1962 3453 21
1988 3419 2237 3461 helinopontum
2266 3414 2300 3448 V
2323 3414 2461 3448 helimo-

1389 3466 1529 3506 pontum
1556 3465 1588 3497 T
1597 3464 1609 3507 ΙΙ
1629 3466 1671 3498 24
1694 3465 1828 3498 amissas
1849 3464 1955 3507 librifl
1978 3466 2020 3498 26
2044 3462 2146 3496 alium
2171 3460 2228 3503 Vfl
2252 3461 2293 3493 27
2317 3460 2461 3493 Neocae-

1389 3509 1487 3550 saria]
1513 3510 1696 3542 necessaria
1717 3511 1794 3543 libri
1815 3508 1829 3553 ῃ
1853 3509 2004 3550 Cerasus]
2025 3515 2152 3541 :uuus
2175 3505 2210 3538 V
2225 3514 2352 3537 anseru-
2372 3506 2416 3538 αἱ.
2451 3504 2464 3549 [Ι

1391 3555 1432 3587 28
1447 3553 1690 3596 Polemonium]
1704 3554 1870 3598 polenium
1885 3555 1961 3588 libri
1969 3552 1983 3599 ΙΙ
1995 3551 2176 3596 pythyonta
2189 3549 2384 3600 (pythyonto
2394 3553 2461 3592 pr.)

1398 3598 1433 3632 V
1461 3600 1637 3641 pythionta
1660 3600 1825 3644 Neobnrq.
1860 3599 1980 3643 pizona
2004 3597 2038 3631 T
2059 3594 2074 3640 Ι
2098 3593 2319 3646 βξῖξδδῦΟΡΟῙῑῐὶ
2356 3595 2385 3627 V
2386 3595 2417 3628 Τ
2449 3594 2463 3640 ΙΙ

1390 3645 1426 3678 31
1458 3647 1602 3678 nostram
1623 3645 1654 3678 V
1675 3643 1689 3690 Ι
1713 3647 1808 3688 petra
1831 3653 1943 3679 eorum
1967 3642 2016 3675 est
2038 3645 2071 3674 et
2094 3643 2212 3674 ciuitas
2238 3639 2271 3672 V
2291 3640 2304 3684 fl
2335 3641 2375 3673 32
2402 3650 2461 3676 no-

1389 3688 1479 3721 mina
1503 3689 1538 3723 V
