2580 4022
172 162 233 193 uzi·
261 160 413 193 Possm*
442 162 501 191 ET
529 160 754 194 consensu
1246 143 1325 192 701
2059 145 2167 188 Nov.
2198 143 2312 188 CXL
2341 158 2402 200 pr.

169 263 229 294 καὶ
261 260 325 294 τὰς
354 257 587 295 συνοικούσας
610 263 669 294 καὶ
693 260 776 295 τοὺς
800 261 943 295 ἐκεῖθεν
967 260 1165 303 τεχθέντας
1188 272 1228 294 τε
1251 261 1311 293 καὶ
1334 258 1620 313 τεχθησομένους
1643 254 1692 291 ὦς
1721 256 1813 291 εἰκὸς
1838 253 1957 291 αὐτοῖς
1988 266 2088 291 suove
2112 258 2171 289 καὶ
2195 252 2400 297 διαδόχους·

169 302 232 338 οὐκ
264 306 311 339 εἰς
342 303 571 350 παράδειγμα
602 306 738 350 ἑτέρων
768 307 877 340 τοῦτο
909 303 992 350 παρ’
1027 302 1132 350 ἡμῶν
1164 304 1391 344 θεσπισθέν,
1425 302 1507 337 αλλ’
1541 301 1676 337 εἰδότος
1707 303 1827 346 ἑτέρου
1860 300 2015 343 παντός,
2045 299 2093 336 ὠς
2117 301 2154 335 εἴ
2179 313 2215 334 τι
2235 302 2402 335 τοιοῦτον

170 349 342 393 αἰτήσειε,
376 348 466 394 πρὸς
489 351 545 392 τῷ
566 348 720 393 μηδενὸς
743 349 934 397 τυγχάνειν
958 352 1035 385 τῶν
1055 351 1280 394 αἰτουμένων
1306 347 1374 392 τήν
1396 361 1436 382 τε
1460 345 1588 382 οὐσίαν
1609 344 1789 391 ἀποβαλεῖ
1810 350 1869 381 καὶ
1893 345 1983 391 πρός
2005 360 2045 392 γε
2069 346 2133 380 τὰς
2155 347 2203 379 εἰς
2225 345 2268 379 τὸ
2295 346 2402 389 σῶμα

169 395 298 430 ποινὰς
328 391 489 430 ὑποστὰς
521 394 663 441 έξορίαν
695 394 831 439 οἰκήσει
855 394 1010 439 διηνεκῆ.
1059 393 1170 429 οὐδεὶς
1190 393 1230 429 δὲ
1253 390 1510 438 παρενοχλήσει
1533 392 1614 427 τοὺς
1635 389 1719 438 παρ’
1745 390 1851 436 ἡμῶν
1875 388 2103 432 ἀξιωθέντας
2127 389 2239 434 ἱδικῆς
2264 389 2400 435 φιλοτι-

167 444 250 482 μίας
273 437 357 474 οὐδὲ
378 442 547 485 γυναῖκας
567 437 688 475 αὐτῶν
707 439 730 484 ἢ
754 439 885 475 παῖδας
908 440 1017 475 ὄντας
1038 438 1061 484 ἢ
1085 442 1270 484 ἐσομένους
1293 437 1315 483 ἢ
1339 442 1553 483 περιουσίας,
1578 437 1661 472 οὔτε
1685 439 1724 472 ἐκ
1747 437 1871 483 ψήφου
1895 438 1960 471 τοῦ
1985 438 2049 471 σοῦ
2067 435 2299 481 δικαστηρίου
2315 436 2399 470 οὔτε

168 481 262 519 καθ’
288 486 411 529 ἕτερον
432 481 645 527 οἱονδήποτε
668 485 817 531 τρόπον.

301 526 596 575 (Ἐπίλογος.)
649 528 692 564 ‘H
721 535 845 565 τοίνυν
880 529 925 573 σὴ
962 528 1153 574 ἐνδοξότης
1185 530 1232 565 τὰ
1265 542 1314 564 πα
1342 527 1504 562 αστάντα
1535 525 1621 572 ἡμῖν
1654 531 1712 561 καὶ
1744 525 1804 561 διὰ
1836 525 1941 562 τοῦδε
1966 529 2030 561 τοῦ
2061 526 2165 560 θείου
2197 523 2398 569 δηλούμενα

167 574 417 620 πραγματικοῦ
442 576 558 609 τῖ’που
582 574 738 620 δύναμιν
761 578 905 619 ἔχοντος
927 578 986 609 καὶ
1011 573 1122 619 ἰδικῆς
1142 573 1246 620 ἡμῶν
1270 543 1474 620 φιῗοτιμίας
1499 575 1591 619 ἔργῳ
1616 576 1675 606 καὶ
1701 575 1830 618 πέρατι
1855 571 2083 618 παραδοῦναι
2107 571 2314 606 σπευσάτω.

672 747 752 791 W
1799 751 1893 786 exn

166 818 350 873 ῼΣΤΕ
378 821 745 875 ΔΥΝΑΣΘΑΙ
779 821 1304 875 1<ATA2YNA1-10
1402 821 1495 871 UT
1531 819 1769 870 Possm*
1806 777 1905 869 Ex'
1936 818 2294 869 ooNsENsU

205 886 432 940 ΝΕΣΙΝ
470 889 707 942 AYEIN
747 890 894 943 ToN
947 888 1219 942 FAMON.
1426 887 1744 939 D1ssoLV1
1778 886 2285 936 MATRIMONIUM.

164 973 439 1023 (Αὐτοκράτωρ
468 976 654 1013 Ἰουστῖνος
681 977 865 1023 Ἰουλιανῷ
901 979 1047 1024 ἐπάρχῳ
1079 977 1254 1023 nollem.)
1311 977 1400 1056 3111).
1427 976 1561 1028 Caesar
1586 975 1728 1028 Flavius
1761 975 1919 1028 Iustinus
1942 975 2199 1028 Alamannicus
2225 973 2398 1027 Gothicus

1308 1019 2399 1110 attestant?imnis?sebastiensis}

1261 1115 1433 1156 15gustus
1466 1111 1603 1146 Iuliano
1627 1111 1810 1156 praefecto
1839 1111 1943 1146 Urbis
1969 1110 2397 1154 Constantinopolitanae.

208 1190 513 1236 (Προοίμιον.)
539 1190 660 1236 Γάμου
678 1191 897 1235 σεμνότερον
916 1188 1130 1235 ἀνθρώποις
1146 1187 1252 1224 οὐδέν
1353 1188 1649 1234 <Praefatio.>
1694 1188 1838 1233 Nuptiis
1869 1188 2053 1224 decentius
2083 1188 2172 1223 nihil
2205 1191 2262 1223 est
2284 1187 2397 1224 homi-

165 1237 276 1276 ἐστιν,
309 1236 347 1276 ἐξ
377 1235 419 1270 οὺ
453 1234 576 1271 παῖδες
608 1239 668 1270 καὶ
696 1237 774 1270 τῶν
798 1237 923 1282 ἐφεξῆς
946 1237 1064 1282 γενιῦν
1088 1233 1252 1278 διαδοχαὶ
1310 1234 1429 1277 nibus,
1453 1244 1496 1268 ex
1520 1234 1648 1278 quibus
1673 1233 1737 1268 filii
1761 1238 1970 1278 ceteraeque
1994 1233 2179 1268 nationum
2197 1234 2397 1268 successio-

164 1284 309 1325 χωρίων
339 1295 379 1315 τε
410 1285 469 1314 καὶ
494 1279 640 1316 πόλεων
663 1280 814 1324 οἰκήσεις
838 1285 897 1315 καὶ
918 1280 1098 1315 πολιτείας
1122 1278 1252 1326 ἀρίστη
1311 1290 1384 1320 nes,
1409 1279 1600 1313 fundorum
1625 1289 1765 1323 quoque
1789 1282 1825 1313 et
1847 1279 2028 1314 civitatum
2052 1278 2258 1314 habitacula
2278 1282 2314 1313 et
2330 1278 2398 1317 rei-

164 1324 347 1360 σύστασις.
395 1325 451 1360 διὸ
482 1326 564 1360 τοὺς
593 1325 727 1382 γάμους
755 1324 906 1368 εὐτυχεῖς
938 1326 1031 1360 εἶναι
1062 1328 1135 1359 τοῖς
1167 1337 1252 1367 συμ-
1310 1324 1475 1369 publicae
1500 1324 1648 1358 eximius
1670 1325 1797 1358 status.
1835 1323 1986 1368 Propter
2004 1324 2099 1368 quod
2116 1325 2260 1368 nuptias
2275 1323 2398 1358 felices

164 1368 360 1413 βάλλουσιν
384 1368 499 1405 οὕτως
519 1370 715 1415 εὐχομεθα,
747 1370 795 1405 ως
817 1368 957 1415 μήποτε
981 1371 1106 1404 σκαιοῦ
1129 1369 1251 1415 δαίμο-
1260 1373 1389 1405 20esse
1409 1369 1460 1404 eis
1485 1369 1544 1412 qui
1569 1379 1629 1403 eas
1653 1368 1778 1403 ineunt
1801 1369 1853 1403 sic
1877 1373 2051 1413 optamus,
2075 1369 2126 1403 ita
2150 1374 2190 1403 ut
2206 1378 2396 1412 numquam

164 1427 224 1449 νος
247 1418 352 1462 ἔργον
375 1414 523 1450 τούτους
542 1417 734 1462 γενέσθαι,
764 1414 856 1460 μηδὲ
878 1416 960 1450 τοὺς
983 1414 1167 1462 γήμαντας
1190 1412 1250 1450 ἀπ’
1310 1425 1371 1450 eas
1395 1414 1531 1449 sinistri
1554 1413 1681 1449 ominis
1705 1424 1796 1458 opus
1814 1413 1902 1457 fieri,
1927 1423 2042 1458 neque
2058 1414 2192 1458 nuptiis
2210 1414 2398 1457 copulatos

164 1457 332 1503 ἀλλήλων
363 1462 588 1506 χωρίζεσθαι
619 1460 764 1495 δικαίαν
793 1462 854 1504 τῆς
879 1462 945 1495 τοῦ
975 1462 1090 1507 γάμου
1120 1458 1254 1494 λύσεως
1310 1461 1355 1495 ab
1386 1459 1535 1494 invicem
1567 1458 1729 1503 separari
1758 1458 1889 1494 iustam
1917 1469 1990 1494 non
2013 1459 2186 1494 habentes
2209 1458 2397 1493 solutionis

164 1502 227 1538 οὐκ
260 1507 406 1548 ἄγοντας
436 1505 634 1552 πρόφασιν.
683 1503 759 1540 ἀλλ’
794 1503 989 1551 ἐπειδήπερ
1015 1503 1183 1540 ὃύςκολον
1207 1506 1254 1539 εἰς
1311 1504 1517 1550 nuptiarum
1550 1503 1785 1539 occasionem.
1833 1503 1903 1539 Sed
1926 1504 2092 1548 quoniam
2116 1503 2262 1538 difficile
2285 1503 2398 1538 estin

164 1551 303 1584 πάντας
326 1548 546 1596 ἀνθρώπους
561 1553 669 1586 τοῦτο
690 1549 941 1598 φυλάττεσθαι
959 1553 1012 1593 (ἐν
1051 1550 1098 1596 ἀρ
1116 1549 1254 1593 πλήθει
1311 1550 1475 1586 omnibus
1507 1548 1709 1584 hominibus
1733 1548 1801 1584 hoc
1825 1549 1959 1584 servari
1982 1549 2031 1591 (in
2053 1548 2280 1584 multitudine
2303 1548 2397 1583 enim

163 1595 327 1639 τοσούτῳ
366 1596 416 1641 μὴ
455 1600 518 1630 καί
553 1608 655 1631 τινας
689 1600 959 1641 παρεμπίπτειν
995 1564 1144 1642 ιὶἴόγους
1179 1593 1252 1629 Sus·
1262 1598 1302 1630 25
1311 1597 1413 1630 tanta
1446 1604 1518 1630 non
1549 1594 1687 1639 aliquas
1718 1593 1876 1629 incidere
1905 1594 2173 1629 inrationabiles
2197 1593 2396 1628 simultates

162 1644 303 1684 μενείας
331 1643 408 1675 τῶν
441 1638 639 1685 ἀμηχάνων
662 1643 889 1685 καθέστηκε),
918 1640 1105 1686 προςηκειν
1137 1642 1253 1685 ένομί-
1310 1650 1421 1675 unum
1452 1640 1496 1675 de
1523 1638 1790 1683 inpossibilibus
1815 1639 1961 1682 existit),
1985 1642 2150 1684 oportere
2174 1638 2305 1682 [igitur]
2329 1648 2396 1682 pu-

163 1696 277 1728 σαμεν
309 1685 439 1720 τούτου
470 1687 624 1732 ἐξευρεῖν
654 1700 739 1721 τινα
762 1687 982 1731 θεραπείαν,
1014 1689 1074 1719 καὶ
1097 1683 1254 1730 μάλιστα
1310 1685 1463 1721 tavimus
1495 1684 1551 1719 his
1574 1683 1732 1728 reperire
1755 1684 1933 1727 quandam
1955 1683 2152 1725 medellam,
2181 1683 2292 1727 magis
2315 1692 2397 1718 vero

296 1777 380 1810 Nov.
403 1777 496 1810 CXL
518 1778 600 1810 inter
615 1778 736 1810 luscini
754 1778 898 1810 novellas
921 1778 1063 1810 secunda
1085 1776 1209 1810 Graece
1229 1782 1316 1810 extat
1340 1777 1372 1808 in
1389 1774 1470 1818 Mf
1489 1776 1551 1808 411
1579 1775 1624 1817 (f.
1643 1775 1707 1807 375
1733 1774 1801 1806 loco
1822 1785 1894 1805 nov.
1915 1773 2010 1806 CXL
2027 1780 2155 1806 notatur
2170 1769 2193 1815 ἡ
2210 1771 2267 1816 ρμ’
2285 1771 2396 1816 νεαροὶ

162 1817 226 1853 οὐκ
247 1819 385 1900 ἐγράὸφη
409 1813 481 1854 ὦδε
505 1818 553 1854 eis
576 1816 668 1854 οὖσα
687 1821 867 1854 ἰουστίνου
891 1821 955 1854 τοῦ
976 1819 1066 1864 μετὰ
1086 1818 1151 1854 τὶν
1175 1817 1432 1860 ἰουστινιανόν,
1457 1816 1594 1865 ἐγράφη
1616 1815 1656 1851 δὲ
1677 1816 1768 1861 μετὰ
1795 1815 1863 1859 τὴν
1887 1814 2149 1862 συμπλήρωσιν
2172 1818 2250 1850 τῶν
2267 1817 2398 1850 ἰουστι-

161 1867 302 1900 νιανών
350 1864 541 1907 ιατάξεων,
567 1863 612 1908 ἢν
637 1868 695 1899 καὶ
718 1862 867 1911 εὑρήσης
892 1868 903 1907 (
908 1879 970 1909 pro
991 1863 1163 1911 εὑρήσεις)
1209 1866 1458 1912 εγραμμένην).
1483 1883 1527 1888 -—
1552 1865 1644 1907 Epit.
1671 1863 1792 1896 Tkeod.
1822 1864 1895 1904 140,
1919 1864 2040 1896 Alban.
2061 1865 2170 1904 10,11.
2218 1864 2398 1906 Arqumen-

163 1919 226 1944 tum
250 1919 339 1945 notat
362 1912 495 1946 Nomoc.
516 1913 616 1945 XIV
630 1914 676 1945 tit.
705 1913 756 1953 13,
777 1919 794 1945 4
813 1924 850 1955 p.
868 1913 932 1945 615
955 1912 1061 1945 Para.
1087 1930 1130 1935 --
1187 1914 1341 1944 ersionem
1372 1911 1508 1943 latinam
1538 1911 1702 1952 antiquam
1733 1909 1859 1942 exhibet
1881 1908 1965 1941 Iul-1³
1990 1909 2023 1942 in
2055 1909 2283 1952 appendices
2314 1909 2390 1942 177⁰

164 1969 201 1989 ex
224 1969 287 1999 quo
310 1969 379 1990 eam
404 1958 505 1991 edidit
528 1958 679 1990 Miraeus
697 1969 733 2000 p.
755 1959 829 1991 190.
878 1957 968 1990 Inest
991 1958 1087 1990 etiam
1111 1957 1145 1990 in
1167 1956 1295 1990 Iuliani
1322 1956 1409 1989 Utin.
1435 1962 1466 1988 et
1489 1955 1631 1988 Trivulz.

163 2114 199 2146 et
229 2110 306 2145 nati
336 2114 421 2145 sunt
451 2113 487 2145 et
515 2110 618 2155 forte
649 2109 827 2144 nascituri
854 2118 941 2143 suos
971 2112 1004 2142 et
1035 2118 1262 2143 successores
1269 2119 1284 2149 ;
1314 2118 1388 2142 non
1419 2106 1469 2141 ad
1496 2106 1700 2151 exemplum
1730 2105 1887 2140 aliorum
1917 2104 1985 2140 Ιιοο
2007 2106 2229 2147 sancientes,
2261 2106 2326 2140 sed
2357 2111 2398 2140 ut

163 2155 273 2190 ceteri
297 2165 420 2189 omnes
439 2154 557 2189 sciant
572 2165 623 2196 se,
646 2155 677 2188 si
700 2152 789 2199 quid
804 2152 978 2187 eiusmodi
991 2152 1175 2198 petierint,
1191 2155 1450 2198 praeterquam
1467 2150 1567 2197 quod
1581 2150 1674 2185 m'lzil
1685 2149 1879 2195 petitorum
1895 2149 1942 2183 im
1972 2151 2129 2186 etraturi
2141 2150 2225 2191 sint,
2248 2155 2284 2184 et
2302 2150 2398 2185 bona

164 2200 361 2235 amissuros
379 2203 413 2234 et
427 2204 620 2250 praeterea
630 2198 765 2244 poenis
780 2196 1034 2244 corporalibus
1050 2196 1228 2233 subiectos
1243 2197 1282 2231 in
1296 2199 1473 2242 perpetuo
1490 2195 1605 2231 exilio
1621 2195 1781 2229 victuros
1797 2205 1884 2229 esse.
1969 2205 2009 2229 ec
2031 2205 2116 2230 vero
2142 2194 2335 2240 quisquam
2351 2195 2397 2229 iis

165 2255 255 2291 quos
283 2244 433 2290 speciali
467 2243 683 2279 liberalitate
714 2242 859 2289 diqnati
886 2252 1028 2283 sumus,
1061 2245 1126 2277 aut
1154 2252 1279 2288 eorum
1311 2239 1490 2276 uxoribus
1517 2239 1681 2275 liberisue
1709 2239 1774 2284 qui
1794 2243 1880 2273 sunt
1902 2239 1958 2275 vel
1976 2239 2099 2285 futuri
2120 2243 2206 2274 sunt
2228 2244 2294 2274 aut
2315 2240 2396 2275 sub-

163 2289 310 2325 stantiis
341 2289 414 2324 sive
435 2300 504 2335 per
526 2289 738 2324 sententiam
765 2289 816 2323 tui
840 2286 964 2322 iudicii
987 2286 1060 2321 sive
1083 2286 1156 2322 alio
1181 2286 1256 2321 ullo
1280 2285 1385 2321 modo
1409 2284 1609 2320 molestiam
1631 2284 1771 2329 afferet.

300 2332 365 2379 Ep
377 2334 391 2368 i
397 2333 411 2367 l
419 2344 541 2379 oqus.
590 2333 668 2368 Tua
691 2332 806 2378 iqitur
829 2331 952 2377 qloria
976 2342 1071 2377 quae
1092 2331 1195 2367 nobis
1211 2331 1432 2377 placuerunt
1449 2334 1484 2365 et
1500 2340 1572 2376 per
1595 2328 1690 2364 hanc
1708 2338 1850 2363 sacram
1872 2329 2139 2373 praqmaticam
2162 2328 2396 2373 sanctionem,

164 2390 258 2425 quae
281 2379 388 2414 etiam
413 2378 583 2424 specialis
606 2377 837 2414 liberalitatis
860 2380 1010 2412 nostrae
1032 2376 1102 2412 vim
1125 2375 1243 2419 habet,
1266 2375 1500 2411 declarantur
1523 2373 1573 2410 ad
1595 2383 1687 2420 opus
1710 2372 1946 2418 effectumque
1969 2372 2149 2408 adducere
2171 2372 2326 2408 studeat.

416 2625 503 2676 UT
539 2621 1072 2675 MATRIMONIUM
1107 2619 1204 2672 EX
1234 2552 1595 2672 ῗθιλγδΕΝΕΠ
1634 2618 1849 2671 SOLVI
1885 2617 2146 2670 POSSIT.

830 2711 1038 2758 Imperator
1061 2709 1225 2746 Iustinus
1248 2708 1396 2746 Iuliano
1413 2709 1610 2755 praefecto
1634 2709 1746 2744 urbis.

303 2793 570 2837 Praefatio.
616 2790 853 2827 Matrimonio
878 2789 1118 2826 venerabilius
1141 2788 1232 2823 nibil
1253 2793 1307 2825 est
1330 2788 1543 2828 bominibus,
1568 2787 1663 2823 unde
1687 2787 1849 2823 existunt
1872 2786 1977 2823 liberi
1989 2789 2026 2822 et
2031 2796 2210 2866 &nerum
2226 2786 2395 2839 deinceps

165 2839 388 2885 sequentium
411 2837 654 2873 successiones
668 2837 930 2882 reqionumque
945 2839 978 2870 et
995 2833 1136 2870 urbium
1152 2832 1392 2869 habitationes
1406 2836 1442 2868 et
1457 2832 1613 2879 optimus
1627 2833 1682 2867 rei
1695 2831 1863 2879 publicae
1879 2835 2006 2867 status.
2085 2835 2233 2876 opterea
2247 2835 2396 2878 nuptiae

166 2891 205 2919 ut
229 2882 522 2919 contrahentibus
544 2883 596 2918 ita
618 2881 747 2927 felices
769 2881 842 2916 sint
864 2884 1094 2925 exoptamus,
1118 2881 1158 2913 ut
1181 2889 1374 2924 numquam
1396 2877 1536 2912 sinistri
1557 2877 1744 2912 daemonis
1767 2887 1860 2923 opus
1880 2876 1983 2921 fiant,
2007 2886 2093 2911 neve
2109 2875 2279 2921 coniuges
2301 2876 2396 2911 inter

165 2940 204 2964 se
226 2932 453 2974 separentur,
477 2938 556 2962 cum
580 2927 710 2961 iustam
734 2925 956 2960 matrimonii
967 2922 1131 2959 solvendi
1145 2933 1291 2958 causam
1307 2933 1380 2957 non
1397 2922 1560 2957 babeant.
1595 2921 1723 2957 Verum
1741 2921 1913 2966 quoniam
1928 2920 2081 2966 difficile
2096 2924 2149 2955 est
2163 2920 2258 2956 inter
2275 2931 2396 2955 omnes

166 2973 325 3008 homines
349 2971 416 3007 hoc
438 2982 583 3007 servare
606 2971 656 3013 (in
681 2974 782 3005 tanta
805 2970 897 3005 enim
920 2967 1147 3003 multitudine
1166 2968 1250 3012 fieri
1272 2967 1396 3013 nequit
1418 2967 1507 3018 quin
1530 2966 1580 3002 ali
1607 2970 1668 3001 uot
1690 2967 1798 3002 etiam
1820 2966 1970 3001 insanae
1991 2964 2191 3000 simultates
2207 2965 2396 3006 incidant),

165 3029 238 3064 par
269 3027 344 3052 esse
375 3016 659 3052 existimavimus
690 3015 797 3049 nutus
825 3014 881 3049 rei
911 3012 1083 3048 medelam
1114 3011 1272 3058 aliquam
1302 3015 1514 3057 excoquere
1544 3011 1558 3045 i
1584 3021 1652 3057 que
1682 3011 1839 3046 maxime
1869 3010 1931 3046 ubi
1955 3009 2149 3054 infirmitas
2171 3010 2282 3044 animi
2304 3009 2395 3043 adeo

216 3178 230 3209 1
259 3176 368 3215 suove]
394 3183 458 3206 suu
482 3172 542 3211 (sic
564 3184 603 3205 ex
619 3171 716 3211 corr.)
734 3171 777 3212 L,
802 3182 858 3203 om.
875 3182 943 3204 cum
959 3170 1155 3203 Haloandro
1171 3169 1256 3212 vuly.
1313 3177 1394 3202 ποις
1417 3163 1523 3200 οὐδέν
1545 3167 1621 3200 ΑιΙι.
1640 3167 1652 3211 ΙΙ
1672 3169 1713 3202 18
1737 3162 1886 3211 *ἀρίστη
1908 3167 1986 3200 dodi
2007 3178 2046 3200 esc
2067 3166 2167 3205 Iule]
2187 3161 2332 3208 ἀρίστης
2354 3166 2402 3199 Μ

167 3220 215 3264 {12
246 3218 375 3252 τούτου
408 3213 491 3260 παρ’
525 3213 631 3260 ἡμῶν
660 3214 932 3249 θεσπισθέντος
956 3214 1047 3248 malit
1070 3213 1258 3247 Zachariae
1313 3212 1374 3257 1127
1385 3212 1514 3246 τούτου
1538 3213 1715 3256 Scrimyer]
1739 3211 1885 3245 τούτους
1908 3211 1956 3244 Μ
1971 3210 2023 3244 his
2046 3212 2067 3244 i.
2092 3222 2119 3244 e.
2143 3208 2283 3243 τούτοις
2304 3210 2388 3243 luta»

168 3267 237 3298 sine
254 3277 354 3297 causa
369 3263 382 3306 ΙΙ
401 3265 421 3296 4
439 3261 560 3306 ἐξορίᾳ
573 3286 581 3294 .
598 3287 605 3295 .
622 3286 629 3294 .
644 3258 798 3302 διηνεκεῖ
813 3261 855 3300 L,
872 3273 954 3293 corr.
973 3259 1074 3292 Kroll
1087 3259 1127 3292 cl.
1143 3259 1197 3300 88,
1210 3265 1256 3292 3Ἱ.

170 3309 304 3343 n.GXL
315 3309 366 3342 VI
376 3308 451 3351 epil.
464 3306 475 3351 Η
488 3309 507 3340 5
524 3304 631 3339 *οὔτε
647 3306 675 3338 L
693 3305 706 3348 ΙΙ
723 3305 788 3338 τοῦ
805 3304 868 3338 σοῦ
886 3302 1116 3347 δικαστηρίου
1130 3303 1174 3344 L]
1190 3302 1254 3345 τῆς

170 3352 375 3395 δικαστικῆς
405 3364 472 3385 cum
498 3352 694 3384 Haloandro
725 3350 813 3394 vuly.
843 3350 856 3393 ΙΙ
884 3351 903 3384 8
935 3348 1185 3394 πραγματικοῦ
1218 3359 1257 3381 ex
1361 3348 1401 3380 10
1432 3345 1558 3387 Incipit
1586 3345 1708 3378 iustini
1737 3346 1816 3389 imp.
1849 3344 1984 3379 nouella
2007 3344 2201 3377 constitutio
2224 3344 2264 3376 ad
2289 3344 2394 3377 Iulia-

171 3412 254 3433 corr.
268 3399 299 3431 L
317 3398 329 3441 ΙΙ
347 3398 596 3431 constitutionem
615 3396 819 3428 recentiorem
836 3395 960 3428 novella
982 3394 1061 3426 XII
1076 3395 1130 3435 (cf
1144 3394 1191 3426 ad
1203 3393 1257 3434 11)
1312 3402 1392 3424 num
1422 3391 1604 3434 prefectum
1635 3390 1712 3422 urbi
1736 3390 1812 3423 data}
1838 3391 1909 3432 (sic)
1934 3399 2017 3431 quae
2041 3399 2080 3422 ex
2103 3398 2201 3430 greca
2222 3388 2339 3431 lingua
2358 3390 2395 3422 in

172 3452 229 3478 aut
258 3445 357 3477 eidem
387 3454 472 3475 anno
496 3442 561 3475 535
593 3447 650 3474 aut
674 3452 759 3473 anno
785 3441 862 3481 536,
893 3441 1008 3483 quibus
1039 3438 1134 3471 annis
1166 3438 1259 3471 Flori
1313 3437 1457 3469 latinum
1487 3445 1672 3468 sermonem
1696 3435 1858 3467 translata
1881 3437 1928 3467 est
1953 3434 1998 3467 Ut
2018 3434 2122 3476 possit
2147 3440 2204 3466 etc.
2230 3433 2330 3476 cocti}
2352 3434 2392 3467 12

172 3490 293 3523 comitis
325 3499 428 3520 rerum
461 3488 664 3530 privatarum
700 3486 733 3518 in
766 3486 899 3518 novellis
935 3484 1048 3517 mentio
1081 3484 1257 3516 continetur
1311 3482 1441 3523 goticus
1464 3482 1532 3513 cod.
1551 3480 1563 3523 ΙΙ
1583 3481 1623 3515 18
1646 3479 1829 3522 reipupliee
1850 3481 1919 3513 cod.
1944 3478 1957 3522 ΙΙ
1984 3480 2026 3512 20
2051 3480 2132 3518 esse]
2157 3488 2196 3510 ex
2220 3479 2289 3511 cod.
2311 3477 2324 3520 ΙΙ
2351 3479 2390 3512 21

172 3536 227 3577 (cf.
249 3546 321 3566 nov.
341 3531 455 3565 XXII
478 3539 557 3564 extr.
573 3544 606 3574 p.
626 3531 701 3570 187,
720 3530 751 3570 9)
770 3530 985 3572 probabiliter
1006 3529 1116 3561 tribuit
1131 3527 1257 3561 Biener
1312 3526 1443 3567 ominis]
1467 3526 1618 3558 homines
1638 3526 1720 3566 cod„
1743 3525 1892 3558 numinis
1909 3524 2000 3557 malit
2015 3523 2115 3556 Kroll
2131 3521 2202 3559 1122
2219 3522 2396 3556 solutionis

168 3592 203 3622 p.
223 3580 287 3612 534
305 3578 317 3621 ΙΙ
337 3579 378 3611 10
403 3579 488 3610 rubr.
506 3571 790 3619 “Ὠστε-γάμον
808 3575 854 3607 Μ
863 3575 953 3614 Am]
971 3574 1057 3616 Περὶ
1080 3571 1145 3605 τοῦ
1162 3569 1255 3604 κατὰ
1317 3572 1558 3614 Osenbruqyen]
1590 3568 1808 3602 absolutionis
1830 3582 1869 3603 m.
1895 3570 1926 3609 2,
1953 3567 2192 3601 absolutionem
2216 3580 2253 3601 m.
2282 3569 2299 3602 1
2324 3568 2394 3601 cod.

173 3626 379 3656 συναίνεσιν
402 3617 501 3654 λύειν
524 3619 591 3653 τὸν
613 3617 730 3666 γάμον
756 3620 876 3653 Theocl.
899 3618 911 3662 ΙΙ
941 3619 980 3651 12
1005 3620 1100 3652 inser.
1124 3628 1181 3650 om.
1205 3617 1255 3658 M,
1311 3616 1321 3659 Ιἱ
1340 3617 1381 3649 23
1404 3615 1632 3648 occansionem
1653 3615 1722 3648 cod.
1739 3613 1751 3658 ΙΙ
1771 3616 1813 3647 23
1832 3614 1880 3656 in]
1906 3614 1939 3647 et
1962 3612 1998 3645 in
2018 3613 2088 3646 cod.
2106 3611 2119 3655 ΙΙ
2136 3613 2179 3647 26
2203 3612 2308 3654 igitur
2331 3613 2394 3646 del.

174 3669 292 3705 addidi
310 3680 348 3704 ex
362 3667 437 3703 Aah.
457 3666 470 3711 ss
484 3663 522 3699 Ὁ
546 3660 779 3710 αὐτοκράτωρ
796 3665 870 3699 Aeli.
891 3663 904 3709 ΙΙ
923 3664 962 3697 16
985 3663 1084 3696 ἐστὶν
1106 3657 1255 3706 ἆν-θρώ-
1312 3663 1460 3694 Miraeus

2446 439 2464 470 5
