2618 4010
187 164 248 208 ΠΤ
278 176 550 210 ORDINARIAE
579 174 932 206 PRAEFECTURAE

709 332 738 365 Ο

392 398 571 451 ΠΕΡΙ
601 398 1048 453 ΒΟΥΛΕΥΤῼΝ

336 466 531 519 ΩΣΤΕ
580 467 872 530 ΑΥΤΟῩΣ
919 466 1111 519 ΤΟΤΕ

184 534 422 588 ΤΙΜΗΣ
468 536 945 591 PRAEFECTORIAE
990 534 1262 586 ΕΠΙΛΑ-

1249 159 1334 205 355

2014 159 2119 202 Nov.
2153 158 2271 200 LXX
2295 171 2352 212 pr.
2391 162 2405 199 1

1705 326 1816 362 LXX.
1866 326 1973 362 Auth.
1986 325 2132 360 LXXII.
2160 325 2412 362 Coll.Vtit.19

1547 397 1598 446 R
1631 397 1724 447 UT
1762 395 2185 446 ORDINARIAE

1419 464 1965 515 PRAEFECTURAE
2001 463 2325 513 URBANAE

1334 534 1520 584 DUAE
1551 535 1641 583 ET
1665 532 2195 582 PRAETORIANAE
2220 531 2412 580 PRAE-

186 602 586 656 BOMENOYE
632 601 1264 658 ΕΛΕΥΘΕΡΟῨΣΘΑΙ
1302 601 1697 652 5FEOTURAE
1753 601 1940 660 QUAE
1990 601 2060 648 IN
2113 598 2414 649 CINGULO

231 671 532 724 ΒΟΥΛΗΣ
569 671 709 724 ΟΤΕ
748 670 1216 723 ΕΜΠΡΑΚΤΟΝ

382 739 689 792 TAYTHN
718 737 1068 792 AABOIEN.

186 886 222 923 Ὸ
238 885 342 922 αὐτὸς
359 887 523 932 βασιλεὺς
537 883 685 934 Ἰωάννῃ
708 888 760 930 τῷ
780 884 1003 928 ἐνδοξοτάτῳ
1023 884 1166 929 ἐπάρχῳ
1188 886 1265 918 τῶν

187 931 413 968 ἀνατολικῶν
438 936 674 981 πραιτωρίων
698 931 739 966 τὸ
758 929 805 975 β’,
834 929 906 965 ἀπὸ
927 927 1078 965 ὑπάτων
1102 926 1266 975 (ὑπάτῳ)
1281 933 1321 964 10

488 976 683 1024 ὀρδιναρίῳ
708 980 766 1010 καὶ
791 980 981 1022 πατρικίῳ.

239 1047 533 1092 (Προοίμιον.)
580 1044 698 1080 Πολλὰ
733 1046 811 1079 τῶν
842 1042 909 1087 ἤδη
934 1043 1266 1088 νομοθετηθέντων

189 1092 571 1138 καταρρᾳθυμηθέντα
606 1104 645 1125 τε
675 1093 734 1124 καὶ
759 1087 798 1124 ού
826 1088 958 1138 ῥᾳδίως
982 1087 1266 1132 πολιτευσάμενα

190 1137 376 1173 παντελῶς
393 1135 515 1182 ἔδοξεν
531 1133 1037 1190 ἀνομοθέτητα’καθεστάναι
1078 1135 1180 1188 {after
1198 1133 1265 1180 γὰρ

1336 672 1426 719 ΕΤ
1456 671 1531 720 IN
1555 669 1739 719 ACTU
1767 668 1947 718 SUNT
1990 666 2226 724 SOLAE,
2273 667 2414 717 NON

1336 739 1553 787 ETIAM
1588 735 2031 788 HONORARIAE
2070 735 2414 784 LIBERENT

1472 807 1515 855 A
1554 805 1832 857 CURIALI
1867 803 2193 854 FORTUNA
2224 803 2277 852 R

1334 884 1431 920 Idem
1455 885 1546 929 Aug.
1567 866 1723 920 'Iohanni
1755 881 1992 964 ppidffisseffiis
2024 881 2181 916 secundo
2215 885 2249 916 et
2280 880 2416 916 consuli

1386 1042 1674 1087 (Praefatio)
1722 1041 1879 1076 Plurima
1903 1041 2031 1076 horum
2055 1049 2147 1084 quae
2171 1039 2254 1075 olim
2279 1039 2417 1075 sancita

1337 1091 1420 1123 sunt
1457 1089 1616 1132 neglecta
1653 1089 1688 1122 et
1724 1097 1795 1122 non
1833 1086 1939 1122 facile
1974 1087 2010 1120 in
2043 1085 2228 1130 republica
2262 1087 2417 1120 tractata

1338 1133 1479 1168 omnino
1502 1133 1577 1167 visa
1598 1135 1681 1168 sunt
1702 1133 1837 1176 absque
1858 1133 1936 1177 lege
1962 1132 2050 1173 [sine
2071 1131 2305 1176 legislatione]
2333 1141 2415 1166 con-

192 1182 238 1218 ιὸς
259 1183 300 1219 τὸ
323 1181 469 1228 ἀρχαῖον
489 1184 533 1226 ἠν
553 1194 649 1216 τινος
668 1184 907 1228 ἑπαρχοτητος
927 1182 1053 1224 σχῆμα,
1078 1194 1120 1222 ην
1142 1178 1264 1223 ὁνορα-
1283 1182 1322 1213 15
1338 1179 1475 1213 sistere.
1525 1179 1696 1213 Novimus
1729 1178 1821 1212 enim
1856 1179 1937 1222 quia
1968 1177 2166 1222 antiquitus
2198 1178 2277 1212 erat
2308 1186 2415 1221 quae-

192 1234 274 1275 ρίαν
291 1227 447 1271 ἐκάλουν,
472 1226 695 1263 κωὸικίλλων
721 1230 757 1260 ἐκ
787 1229 848 1270 τῆς
872 1226 1053 1270 βασιλείας
1087 1223 1146 1259 ἐπ’
1176 1225 1265 1271 αὐτῇ

191 1277 464 1320 παρεχομένων·
501 1274 637 1316 ταύτην
666 1270 706 1306 δὲ
735 1268 847 1306 οὕτως
877 1270 1068 1315 ὠνόμαζον
1101 1268 1146 1304 ὡς
1170 1268 1265 1304 οὐδε-

191 1320 249 1354 νὸς
271 1321 390 1365 ἑτέρου
410 1318 503 1362 πλὴν
524 1316 544 1362 ἢ
565 1318 668 1364 ψιλῆς
689 1320 790 1362 τιμῆς
814 1321 886 1352 τοῖς
905 1317 1035 1360 ταύτης
1059 1314 1266 1360 ἠξιωμένοις

192 1367 440 1411 παρεχομένης,
465 1361 540 1407 ἥτις
554 1364 640 1418 ’τοὺς
661 1363 851 1419 βουλευτὰς
875 1362 936 1396 οὐκ
958 1361 1138 1405 ἀπήλαττε
1163 1360 1266 1403 τίχης

1337 1225 1418 1259 dam
1442 1224 1690 1268 praefecturae
1714 1223 1829 1266 figura
1854 1233 1959 1268 quam
1980 1223 2211 1258 honorariam
2227 1223 2416 1263 vocabant,

1338 1269 1510 1304 codicillis
1535 1270 1580 1304 ab
1605 1268 1751 1313 imperio
1786 1279 1893 1312 super
1918 1279 1960 1303 ea
1987 1269 2142 1312 collatis3
2181 1268 2276 1303 hanc
2299 1271 2419 1302 autem

1336 1316 1387 1350 ita
1419 1315 1669 1356 nominabant,
1703 1316 1743 1349 ut
1767 1314 1853 1348 nihil
1879 1313 1975 1348 aliud
2000 1314 2067 1348 nisi
2097 1324 2224 1359 purum
2248 1313 2419 1348 honorem

1337 1361 1392 1395 his
1419 1361 1546 1404 quibus
1571 1360 1810 1405 praebebatur
1836 1359 2032 1394 conferret:
2060 1369 2151 1403 quae
2172 1359 2325 1394 curiales
2347 1369 2419 1394 non

192 1410 429 1467 βουλευτικῆς,
463 1411 495 1463 εξ
516 1424 563 1453 μη
588 1421 641 1443 τις
666 1409 778 1451 αυτὴν
802 1412 841 1442 ἐν
867 1408 964 1452 αὐτῷ
993 1410 1042 1451 τῴ
1069 1410 1161 1453 ἔργῳ
1185 1407 1265 1450 ὃιῳ-
1283 1410 1323 1441 20
1337 1407 1514 1441 liberabat
1539 1406 1684 1441 fortuna
1710 1405 1852 1447 curiali,
1886 1405 1954 1440 nisi
1986 1405 2063 1448 quis
2098 1413 2175 1439 eam
2207 1404 2286 1449 ipso
2311 1413 2419 1448 opere

192 1470 334 1500 κησατο.
381 1459 441 1489 καὶ
467 1467 580 1501 ωςπερ
607 1457 666 1489 ἐπὶ
691 1457 768 1489 τῶν
795 1452 1044 1494 ἐνδοξοτάτων
1069 1452 1265 1499 στρατηλα-

191 1504 268 1536 τῶν
299 1500 457 1549 ὁρῶμεν,
498 1499 545 1534 αἶς
581 1498 643 1534 οὐκ
684 1500 727 1534 ἄν
767 1512 819 1534 τις
855 1498 937 1533 οὐδὲ
979 1502 1015 1532 ἐκ
1052 1503 1268 1545 στρατηγίας

191 1546 410 1594 ἀπαλλαγείη
444 1547 547 1589 τύχης
580 1545 823 1590 βουλευτικῆς,
860 1547 891 1579 εἰ
922 1544 969 1589 μὴ
1003 1543 1140 1587 ταύτην
1173 1548 1266 1590 ἔργῳ

192 1593 335 1644 πράξειε
359 1591 521 1647 (καὶ(γ(ὰρ
547 1592 589 1635 δὴ
614 1595 671 1625 καὶ
697 1591 758 1625 τὰς
782 1591 1045 1644 στρατηλασίας
1070 1591 1265 1635 praefecto-

1337 1452 1585 1487 ministrasset.
1623 1452 1671 1486 Et
1692 1451 1785 1485 sicut
1807 1450 1850 1485 de
1868 1450 2130 1494 gloriosissimis
2155 1450 2333 1493 magistris
2354 1449 2417 1483 mi-

1338 1498 1438 1533 litum
1471 1497 1683 1537 videbimus,
1723 1497 1805 1541 quia
1838 1496 1956 1531 nullus
1990 1505 2034 1530 ex
2067 1495 2268 1540 magisterio
2303 1505 2418 1530 armo-

1339 1554 1416 1578 rum
1444 1543 1594 1587 eripitur
1617 1543 1763 1578 fortuna
1789 1541 1913 1576 curiali
1943 1541 2011 1575 nisi
2036 1551 2116 1576 eum
2142 1551 2249 1585 opere
2272 1540 2421 1584 gesserit

1339 1594 1434 1630 (nam
1461 1591 1568 1623 ctiam
1600 1588 1838 1632 magisterium
1871 1587 2016 1621 militiae
2048 1586 2312 1631 praefecturam
2343 1595 2421 1621 esse

191 1650 261 1673 rias
285 1638 377 1672 εἶναι
411 1651 443 1672 οι
468 1641 630 1683 ημέτεροι
657 1636 794 1693 λε’γυύω
820 1650 935 1680 vostat,
960 1636 994 1670 οἱ
1017 1634 1056 1670 δὲ
1079 1635 1177 1689 enim&
1210 1637 1269 1678 τῆς
1284 1638 1323 1669 25
1339 1638 1482 1670 nostrae
1506 1636 1628 1670 dicunt
1650 1635 1755 1677 leges,
1785 1633 1864 1677 puri
1891 1642 1973 1667 vero
1998 1632 2250 1677 magistrorum
2274 1631 2422 1666 militiae

193 1682 455 1729 στρατηλασίας
479 1682 683 1717 κωδίκιλλοι
707 1697 822 1727 μονην
847 1685 1063 1727 παρέχουσιν
1089 1682 1194 1721 αξιάν
1211 1680 1268 1715 τύ-

191 1741 250 1771 χης
273 1726 335 1762 οὐκ
364 1728 663 1774 ἐλευθεροῦντες),
697 1726 792 1762 οἶῖτω
819 1732 877 1762 καὶ
906 1725 967 1762 ἐπ’
997 1725 1102 1770 αὐτῆς
1125 1729 1186 1769 τῆς
1211 1730 1270 1762 έπ-

192 1774 394 1818 αρχότητος,
419 1775 450 1807 εἰ
473 1773 595 1818 μέλλοι
620 1786 672 1808 τις
698 1773 884 1820 ἐλεύθερος
909 1771 1073 1815 τοιαύτης
1099 1774 1270 1819 γίνεσθαι

191 1818 310 1863 τύχης,
344 1818 477 1866 ἀνάγκη
502 1821 632 1854 τοῦτον
665 1817 755 1866 αὐτῇ
781 1821 824 1867 τῇ
856 1818 941 1866 ἀρχῇ
976 1818 1268 1865 παραγγείλαντα

192 1867 269 1900 τῶν
292 1867 351 1909 τῆς
375 1864 502 1910 βουλῆς
526 1864 670 1910 δεσμῶν
695 1865 785 1911 παρ’
813 1867 946 1907 ἐκείνης
971 1863 1178 1906 ἐκλυθῆναι.

1340 1680 1493 1716 codicilli
1518 1681 1629 1715 solam
1647 1680 1821 1724 praebent
1844 1678 2052 1722 dignitatem
2077 1679 2221 1713 fortuna
2244 1688 2316 1712 non
2334 1677 2420 1712 libe-

1340 1731 1482 1768 rantes),
1508 1727 1558 1761 sic
1584 1726 1688 1760 etiam
1714 1725 1750 1759 in
1775 1725 1854 1769 ipsa
1878 1724 2118 1768 praefectura,
2152 1723 2181 1759 si
2206 1723 2349 1758 futurus
2375 1722 2422 1758 sit

1340 1772 1466 1816 aliquis
1489 1772 1578 1806 liber
1599 1771 1802 1806 huiusmodi
1827 1769 1901 1806 fieri
1923 1769 2078 1811 fortuna,
2105 1779 2251 1804 necesse
2272 1773 2327 1804 est
2343 1769 2420 1813 ipso

1342 1818 1482 1862 cingulo
1509 1817 1731 1861 designatum
1763 1816 1807 1851 ab
1833 1825 1875 1850 ea
1900 1815 2020 1850 curiae
2045 1815 2193 1851 vinculis
2217 1814 2374 1850 liberari.

1195 1955 1351 1991 CAPUT
1380 1954 1407 1990 Ι.

242 2020 510 2068 Ἀνανεούμενοι
541 2027 666 2057 τοίνυν
698 2022 761 2057 τὸν
794 2023 959 2056 τοιοῦτον
991 2022 1104 2067 νόμον
1140 2023 1270 2057 θεσπί-

197 2072 314 2114 ζομεν,
345 2070 465 2105 εἴποτε
490 2067 602 2110 δόξειε
625 2070 669 2116 τῇ
694 2067 860 2112 βασιλείᾳ
892 2070 1040 2111 τιμῆσαι
1063 2067 1270 2112 βουλευτήν,

1387 2021 1614 2057 Renovamus
1647 2021 1754 2065 igitur
1779 2019 1979 2055 huiusmodi
2005 2019 2116 2063 legem
2142 2019 2359 2062 sancientes,
2393 2019 2424 2053 si

1342 2067 1483 2112 quando
1506 2068 1618 2103 visum
1652 2066 1760 2102 suerit
1784 2065 1931 2110 imperio
1964 2065 2141 2100 honorare
2163 2065 2352 2107 curialem,
2385 2068 2424 2099 ut

195 2209 214 2241 l
238 2161 641 2241 [NomLXlefyisuItssIent.
657 2160 808 2193 LXXII
836 2175 879 2187 =
908 2160 988 2193 Goll.
1012 2161 1041 2192 V
1059 2162 1102 2193 tit.
1120 2163 1178 2194 19:
1204 2162 1317 2204 yloss.)
1346 2161 1472 2194 Graece
1498 2167 1584 2193 extat
1609 2161 1640 2192 in
1668 2159 1750 2192 ML.
1777 2177 1816 2181 -
1855 2157 1945 2201 Epit.
1974 2157 2096 2190 Theod.
2123 2159 2177 2199 70,
2201 2156 2322 2190 Athan.
2340 2157 2371 2197 8,
2397 2163 2422 2189 3.

218 2223 234 2240 ιι
250 2220 316 2241 zan.
341 2215 437 2241 const.
589 2231 595 2238 .

198 2375 297 2428 DE
327 2372 764 2435 CURIALIBUS,
801 2371 885 2421 UT
911 2371 998 2421 DI
1000 2303 1859 2422 GNITATIZYIZRAEFECTORIA
1891 2369 2135 2420 POTJTJ
2162 2369 2241 2419 [Τ
2237 2369 2281 2419 Α
2313 2369 2426 2420 DE-

199 2443 364 2495 MUM
398 2442 442 2492 Α
483 2441 690 2492 CURJA
728 2439 1207 2504 LIBERENTIJB,
1257 2439 1334 2489 SI
1365 2439 1453 2489 IN
1483 2438 1656 2489 ACTI]
1690 2437 1930 2489 POSITI
1971 2436 2423 2488 ACOEPERJNT.

283 2521 383 2558 Idem
407 2522 592 2567 Auqustus
614 2519 772 2555 Iohanni
795 2520 1057 2565 qloriosissimo
1076 2520 1272 2598 praefecto
1290 2518 1483 2565 praetorio
1506 2529 1575 2565 per
1602 2518 1781 2553 Orientem
1805 2517 1946 2558 iterum,
1971 2516 2162 2552 exconsuli
2185 2517 2359 2563 (consuli)

1084 2565 1268 2599 orcinaric
1294 2568 1330 2599 et
1350 2565 1520 2610 patricio.

336 2635 595 2680 Praefatio.
645 2632 763 2668 Multa
786 2643 911 2667 eorum
940 2643 1033 2677 quae
1058 2631 1142 2667 olim
1168 2632 1306 2679 Zeqibus
1329 2632 1471 2667 sancita
1494 2635 1580 2667 sant
1610 2642 1689 2667 cum
1714 2630 1877 2676 neclecta
1901 2631 2060 2666 iacerent
2089 2642 2154 2666 nec
2184 2630 2299 2676 facile
2323 2641 2427 2666 cocer-

200 2686 376 2723 cerentur,
411 2680 522 2726 plane
553 2690 677 2714 carere
710 2679 799 2724 Zeqis
832 2681 1021 2712 sanctione
1057 2678 1133 2712 cisa
1163 2684 1255 2712 sunt.
1303 2676 1445 2713 Scimus
1479 2678 1571 2712 enim
1607 2677 1679 2711 iam
1712 2676 1913 2721 antiquitus
1941 2676 2207 2722 praefecturae
2242 2676 2428 2711 cuiusdam

199 2729 350 2775 speciem
374 2726 490 2772 fuisse
515 2735 622 2771 quam
647 2724 882 2759 honorariam
908 2723 1153 2769 appellabant,
1186 2723 1361 2758 codicillis
1384 2722 1428 2757 ab
1453 2723 1675 2769 imperatore
1699 2722 1737 2755 in
1762 2733 1840 2756 eam
1865 2721 2008 2756 collatis
2033 2726 2197 2769 capc'am;
2232 2722 2285 2757 ita
2309 2725 2428 2757 autem

200 2772 434 2808 nominabant
459 2783 554 2813 eam,
588 2770 760 2816 quoniam
784 2768 876 2803 nz‘lec'l
906 2769 1008 2804 aliud
1036 2770 1107 2803 nisi
1138 2769 1270 2803 nudum
1302 2768 1475 2803 honorem
1509 2769 1545 2802 in
1570 2778 1632 2803 eos
1665 2767 1727 2812 qui
1751 2778 1794 2802 ea
1825 2766 2073 2812 diqnabantur
2096 2768 2300 2812 conferret:
2335 2778 2429 2814 quae

200 2818 361 2865 diqnitas
385 2817 542 2852 curiales
565 2827 637 2851 non
659 2814 840 2861 liberabat
854 2814 1064 2849 condicione
1082 2815 1225 2856 curiati,
1251 2814 1323 2848 nisi
1339 2813 1421 2859 quis
1443 2825 1520 2848 eam
1544 2824 1584 2848 re
1608 2813 1689 2859 ipsa
1711 2811 2008 2847 administrasset.
2057 2812 2107 2848 Et
2130 2812 2429 2859 quemadmodum

199 2865 237 2899 in
262 2862 533 2916 qloriosissimis
565 2861 749 2906 maqistffs
781 2860 932 2894 militum
956 2860 1113 2894 videmus
1145 2871 1189 2894 ne
1218 2871 1286 2905 per
1316 2859 1562 2903 maqisterium
1594 2858 1745 2893 militum
1778 2857 1918 2904 quidem
1944 2868 2158 2904 quemquam
2190 2858 2322 2893 curiali
2344 2868 2428 2894 con-

200 2909 340 2945 dicione
365 2908 513 2943 liberari
529 2918 651 2954 posse,
678 2906 748 2940 nisi
771 2905 864 2940 iliad
885 2916 924 2940 re
949 2916 1033 2941 vera
1054 2906 1206 2950 qesseric
1231 2905 1371 2947 (etenim
1396 2904 1504 2939 etiam
1525 2903 1734 2949 maqisteria
1758 2903 1910 2939 militum
1933 2904 2185 2949 praefectoria
2209 2915 2285 2940 esse
2306 2904 2430 2939 dicunt

200 2959 348 2990 nostrae
369 2954 489 2999 leyen
513 2953 601 2988 nudi
619 2962 702 2986 vero
721 2950 879 2986 codicilli
899 2951 1098 2996 itiaqisterii
1118 2951 1268 2985 militum
1292 2949 1407 2984 solam
1430 2948 1605 2995 praebent
1624 2948 1849 2994 diqnitatem,
1874 2960 1897 2984 a
1919 2949 2129 2985 condicione
2149 2961 2223 2985 non
2245 2949 2429 2991 liberant).-

200 3001 252 3035 ita
277 3000 382 3034 eciam
414 3000 450 3033 in
483 2999 562 3044 ipsa
589 2998 847 3044 praefectura,
879 2996 911 3030 si
941 2996 1022 3041 quis
1053 2996 1142 3030 liber
1174 2996 1217 3031 ab
1249 2993 1425 3030 eiusmodi
1455 2994 1666 3029 condicione
1695 3005 1869 3029 evasurus
1892 2994 1957 3035 sit,
1991 3005 2134 3030 necesse
2166 2999 2220 3030 est
2245 3006 2324 3030 eum
2348 2995 2428 3040 ipso

202 3045 419 3091 maqistratu
445 3045 635 3089 impetrato
660 3053 683 3077 a
707 3041 861 3077 nexibus
886 3042 1007 3075 curiae
1025 3052 1096 3086 per
1119 3041 1219 3076 illum
1240 3039 1396 3076 liberari.

336 3090 361 3124 I.
411 3088 639 3124 Renocances
662 3087 774 3134 iqitur
798 3086 903 3121 talem
928 3086 1039 3131 leqem
1062 3087 1243 3121 sancimus
1266 3090 1316 3128 ut,
1348 3085 1379 3119 si
1403 3083 1548 3130 quando
1578 3084 1792 3130 imperatori
1822 3085 1995 3119 curialem
2026 3085 2207 3121 bonorare
2234 3085 2428 3131 placuerit,

1395 3179 1413 3211 3
1440 3179 1484 3217 ct]
1510 3175 1608 3208 etiam
1632 3176 1665 3208 R
1683 3175 1694 3219 ΙΙ
1714 3178 1730 3209 7
1754 3176 1939 3210 liberentur
1961 3177 2009 3210 V¹
2028 3176 2040 3221 ΙΙ
2058 3180 2077 3211 9
2098 3178 2190 3211 Idem
2204 3180 2303 3220 Aug]
2328 3179 2429 3220 Impr.

251 3177 482 3215 2rubr.‘'Hove
505 3178 572 3221 τὴν
589 3178 796 3223 ὲζιιπρακτον
810 3175 1045 3222 ’ἐπαρχὸτητα
1071 3174 1110 3210 ού
1127 3175 1198 3221 μὴν
1214 3175 1280 3219 τὴν

875 3223 889 3228 ”
966 3221 972 3229 ’
1171 3222 1177 3230 “
1349 3225 1387 3259 A.
1414 3222 1447 3254 R
1478 3221 1489 3264 ΙΙ
1517 3232 1609 3263 ppro.
1636 3221 1780 3253 secundo
1813 3223 1951 3255 orientis
1987 3225 2018 3254 et
2045 3224 2189 3255 consulis
2213 3224 2328 3256 ordine
2361 3224 2396 3256 V
2419 3223 2430 3266 ΙΙ

205 3225 397 3273 ὁνοραρίαν
422 3222 664 3257 ἀπαλλάττειν
685 3222 909 3266 βουλευτικης
934 3233 1036 3264 τύχης
1060 3225 1119 3255 καὶ
1138 3235 1181 3255 τα
1204 3222 1281 3264 ἑξῆς

205 3274 279 3305 Ath.
296 3273 374 3312 (sim.
392 3274 421 3308 ς)
447 3272 491 3302 Ut
505 3269 721 3311 praefectoria
738 3269 883 3309 dignitas
907 3269 1064 3300 curialem
1081 3268 1200 3300 liberet
1216 3269 1279 3301 Iul.

206 3319 293 3364 Περὶ
319 3314 523 3361 ἐλευθερίας
547 3313 752 3358 βουλευτῶν
782 3314 901 3346 leeod.
921 3313 932 3356 ΙΙ
949 3315 970 3346 4
993 3314 1224 3355 praefectorias
1242 3313 1286 3346 M

206 3363 422 3395 fraefectori'a
439 3363 496 3393 καὶ
517 3362 547 3393 L
568 3360 579 3404 ΙΙ
603 3363 622 3394 9
644 3356 792 3405 ὑπάρχω
811 3359 881 3391 ML
901 3358 911 3400 ΙΙ
939 3361 977 3391 10
995 3355 1122 3400 ὑπάτῳ
1140 3355 1281 3403 ὂρδινα-

206 3412 273 3454 ρίῳ
299 3409 354 3449 (ς)]
380 3403 598 3452 ὀρδιναρίων
621 3407 660 3445 L,
676 3418 733 3438 om.
751 3406 789 3436 M
812 3403 823 3446 11
852 3405 891 3437 12
918 3401 1037 3436 Πολλὰ
1059 3402 1104 3436 τὰ
1128 3406 1205 3437 τῶν
1230 3406 1279 3437 cit.

212 3455 329 3487 Theoti.
348 3453 360 3497 ΙΙ
388 3455 427 3486 15
455 3449 513 3492 αἷς]
539 3452 586 3484 εἰς
610 3452 653 3483 M
666 3450 678 3494 ss
703 3451 810 3489 τινος]
836 3450 993 3489 quaedam
1021 3451 1094 3489 (122.
1116 3450 1205 3490 τιςῖ)
1232 3462 1249 3485 ς
1273 3448 1283 3492 jl

209 3496 403 3544 ὂνοραρίαν
421 3499 460 3530 M
491 3493 683 3542 ὸνοράριαν
697 3496 744 3528 L2
775 3491 1027 3538 ὁνοίάριανῇι
1054 3494 1065 3538 ΙΙ
1090 3496 1130 3529 20
1157 3492 1281 3536 διωκη-

210 3556 298 3578 σατο
315 3545 371 3585 Μ]
403 3541 620 3584 ὃιοικησαιτο
644 3543 673 3574 L
693 3541 704 3585 ΙΙ
730 3542 770 3574 23
794 3538 1024 3584 ἀπαλλαγείη]
1051 3538 1238 3586 ἀπαλλαγῆ
1263 3537 1283 3581 ἢ

212 3591 242 3623 L
265 3590 277 3634 ΙΙ
307 3592 350 3623 24
375 3588 628 3634 apaefectorias
654 3588 699 3619 M
723 3589 998 3629 πραιᾳεκτορίας
1015 3586 1050 3618 L'
1068 3586 1079 3629 ΙΙ
1109 3588 1149 3619 25
1169 3584 1282 3628 νόμοι]

213 3638 254 3677 cf.
280 3636 356 3668 Cod.
381 3637 434 3676 12,
451 3642 467 3668 4
483 3634 495 3677 ΙΙ
522 3631 642 3678 ψιλλοὶ
667 3633 716 3665 La
733 3632 743 3675 ΙΙ
770 3633 811 3664 26
836 3628 1043 3663 κωδίκελλοι
1069 3632 1098 3663 L
1115 3631 1126 3673 Η
1155 3633 1193 3664 27
1222 3627 1280 3664 ἐπ’

214 3676 319 3721 αὐτῆς
342 3682 460 3723 scripsi
483 3692 520 3712 ex
545 3681 575 3720 ς]
613 3680 671 3711 ἐπὶ
696 3675 824 3718 ταύτης
849 3677 919 3708 ML
953 3678 963 3719 Η
1002 3678 1042 3709 25
1067 3675 1187 3719 μέλλοι
1214 3678 1282 3716 My!

214 3723 317 3758 θ’έλοι
342 3726 372 3758 L
403 3725 415 3769 ΙΙ
440 3724 610 3771 γίνεσθαι
632 3722 735 3765 τύχης
762 3724 802 3755 M
808 3724 836 3762 ς]
873 3720 975 3762 τύχης
997 3719 1183 3766 τυγχάνειν
1210 3724 1238 3754 L
1275 3723 1285 3765 ’ῃ

217 3769 259 3804 29
283 3768 440 3816 ἀνάγκην
465 3771 506 3803 M
512 3774 529 3790 a

1353 3269 1392 3301 12
1418 3270 1531 3299 sancta
1555 3266 1606 3298 V¹
1635 3266 1646 3309 ΙΙ
1679 3269 1720 3301 14
1744 3267 1834 3300 iussa
1857 3269 1890 3301 V
1912 3269 1923 3311 ll
1955 3270 2033 3300 sunt
2057 3282 2114 3301 om.
2131 3269 2178 3301 R¹
2195 3269 2207 3311 Η
2237 3269 2308 3300 sine
2332 3268 2430 3310 legis-

1350 3313 1474 3344 latione
1495 3319 1529 3344 ut
1541 3312 1699 3353 ylossema
1712 3314 1831 3346 seclusi
1845 3314 1856 3356 ΙΙ
1879 3315 1919 3347 16
1934 3314 2112 3346 honoraria
2124 3313 2173 3346 R¹
2189 3313 2201 3357 ΙΙ
2222 3315 2263 3347 18
2280 3315 2429 3346 nomina-

1350 3359 1431 3390 bant
1454 3358 1552 3400 vuly]
1578 3357 1771 3390 nominabat
1798 3359 1874 3391 libri
1897 3358 1908 3402 Η
1940 3358 1987 3390 nil
2011 3359 2042 3391 V
2063 3360 2075 3401 ss
2109 3361 2149 3392 19
2175 3359 2324 3391 conferre
2345 3359 2393 3392 V¹
2420 3358 2431 3400 ΙΙ

1352 3406 1390 3437 21
1419 3404 1457 3435 de
1483 3416 1540 3435 om.
1565 3402 1599 3434 R
1628 3401 1639 3445 ΙΙ
1668 3403 1923 3443 gloriosissimus
1947 3405 1998 3436 Ra
2023 3403 2034 3446 ΙΙ
2067 3405 2108 3437 22
2133 3404 2282 3436 videmus
2301 3405 2396 3437 Beclc
2420 3404 2431 3448 ΙΙ

1352 3450 1393 3482 23
1417 3459 1490 3480 eum
1514 3449 1557 3488 V]
1590 3458 1664 3479 cum
1689 3449 1818 3492 Rvuly.
1853 3449 1865 3492 ΙΙ
1893 3449 2055 3489 gesserint
2087 3450 2120 3482 V
2136 3448 2148 3492 ΙΙ
2180 3450 2223 3482 24
2246 3450 2431 3492 praefectu-

1352 3505 1421 3526 ram
1446 3513 1489 3516 —
1515 3494 1556 3525 25
1582 3492 1722 3525 militiae
1747 3507 1805 3527 om.
1821 3495 1850 3527 R
1879 3494 1890 3535 Η
1914 3494 2062 3526 Averbis
2081 3493 2199 3538 ituram
2215 3505 2282 3527 esse
2300 3497 2431 3528 nostrae

1354 3542 1413 3572 inc.
1431 3542 1484 3582 tf.
1500 3540 1540 3572 82
1559 3538 1570 3580 ΙΙ
1597 3539 1638 3571 25
1658 3539 1772 3580 puniri
1795 3540 1840 3572 V¹
1859 3539 1870 3581 11
1896 3540 2161 3579 magisteriorum
2188 3540 2213 3573 ι’
2240 3540 2251 3584 ΙΙ
2277 3542 2318 3574 26
2341 3541 2430 3573 codi-

1353 3585 1428 3616 celli
1450 3585 1506 3624 (id.
1533 3584 1608 3624 356,
1632 3592 1653 3616 ι.
1675 3586 1714 3625 11)
1741 3585 1765 3617 t¹
1797 3584 1808 3627 ΙΙ
1842 3585 2003 3616 liberanto
2031 3585 2056 3617 ι*
2087 3585 2098 3628 Η
2134 3586 2175 3619 28
2199 3585 2271 3618 fieri
2296 3587 2431 3619 fortuna

1355 3629 1487 3670 (curiali
1507 3630 1582 3661 add.
1599 3630 1660 3671 Ra)
1687 3630 1719 3661 R
1734 3631 1754 3669 t]
1780 3630 1914 3660 fortuna
1930 3630 2002 3661 fieri
2024 3630 2054 3662 V
2073 3629 2085 3674 ss
2113 3633 2160 3663 est
2180 3644 2238 3665 om.
2253 3631 2286 3664 R
2311 3631 2323 3675 ΙΙ
2347 3632 2431 3673 ipso]

1353 3675 1388 3706 in
1413 3676 1483 3716 ipso
1507 3674 1532 3707 22
1556 3674 1567 3717 ΙΙ
1592 3676 1634 3708 32
1658 3675 1817 3706 honerare
1845 3675 1868 3706 2¹

2098 3821 2162 3855 45*
