2618 4010
165 132 321 164 FACTIS
351 132 446 164 sms
474 132 532 162 AB
560 130 807 163 INTESTATO

166 234 229 266 τοῦ
253 231 529 275 τελευτήσαντος
557 230 750 275 βουλευτοῦ
781 228 840 264 οἷα
873 227 1053 274 διαθήκας
1082 227 1123 264 οὗ
1154 229 1239 276 γρά-

167 289 318 322 ψαντος,
353 275 520 321 βούλοιτο
554 274 594 309 δὲ
628 274 786 309 κάκεῖνος
816 275 946 309 ἑαυτὸν
978 274 1166 310 ἐπιδοῦναι
1195 275 1240 327 τῇ

166 322 293 369 βουλῇ,
326 323 454 363 ἐξεῖναι
479 318 578 363 αὐτῷ
607 322 713 355 τοῦτο
732 322 907 366 πράττειν
922 325 982 354 καὶ
1012 321 1081 364 τὴν
1111 320 1238 354 ἑαυτου

166 367 315 414 γνώμην
334 370 372 401 ἐν
395 363 627 410 ὑπομνήμασι
658 364 790 409 δηλοῦν
821 366 906 399 εἴσω
937 368 1063 409 μηνῶν
1094 366 1148 407 ἕξ,
1180 367 1240 398 καὶ

167 410 242 456 ἅμα
263 415 330 456 μὲν
353 410 535 456 βουλεύειν
554 411 621 445 σὺν
638 413 681 459 τῇ
705 413 818 454 οἰκείᾳ
843 409 990 458 διαδοχῇ
1015 415 1074 444 καὶ
1098 422 1239 455 περιου-

168 462 245 500 σι’ᾳ,
262 454 338 502 ἅμα
354 455 393 490 δὲ
406 457 581 503 γενέσθαι
595 455 834 500 κληρονόμον·
857 454 963 490 οὐδὲν
976 455 1162 491 παντελῶς
1177 455 1240 497 τῆς

167 506 369 548 περιουσίας
406 498 668 545 ἄπαιτουμένης
703 502 882 548 προφάσει
912 503 1190 548 τεταρτημορίου
1220 499 1240 541 ἢ

167 550 413 594 ἐνναουγκίου,
449 543 549 587 ἅπαξ
577 548 641 580 τοῦ
674 545 928 590 διαδεξαμένου
963 547 1031 580 τὸν
1060 544 1189 590 κλῆρον
1221 543 1243 586 ἢ

166 591 358 637 βουλευτοῦ
382 592 614 626 καθεστῶτος
638 591 705 635 ἤδη
730 591 751 636 ἢ
770 589 897 626 αὐτίκα
920 593 1157 646 γενησομένου
1182 593 1241 623 καὶ

1238 114 1321 163 489

2064 116 2172 160 Nov.
2204 115 2257 159 CI
2286 118 2325 159 2.
2357 119 2382 160 3

1308 229 1407 264 rialis
1445 228 1603 264 defuncti
1637 228 1746 263 fuerit
1779 231 1965 270 evocatus,
2001 230 2179 272 tamquam
2214 228 2290 263 eius
2324 227 2384 272 qui

1309 285 1380 309 non
1404 274 1589 319 scripserit
1611 277 1873 315 testamentum,
1904 274 2053 308 voluerit
2077 278 2195 308 autem
2219 273 2276 307 ille
2300 273 2384 307 dare

1309 329 1347 354 se
1372 320 1500 362 curiae,
1524 319 1632 354 ficere
1655 318 1688 354 ei
1711 318 1778 352 1100
1802 328 1905 362 agere
1933 323 1968 353 et
1991 319 2026 352 in
2052 319 2141 353 actis
2166 319 2384 353 voluntatem

1309 365 1487 408 propriam
1512 365 1694 400 declarare
1716 363 1811 397 intra
1835 374 1897 398 sex
1920 374 2069 406 menses,
2104 366 2139 399 et
2162 363 2297 408 pariter
2323 373 2382 398 cu-

1276 413 1294 444 5
1308 410 1432 445 rialem
1451 421 1528 445 cum
1548 410 1622 445 suis
1639 409 1906 444 successoribus
1931 413 2038 453 atque
2055 409 2266 451 substantia,
2287 408 2383 452 pari-

1308 460 1364 489 ter
1387 455 1493 490 etiam
1524 454 1601 490 fieri
1631 458 1667 490 et
1698 454 1878 495 heredem,
1912 454 2163 489 11111110111111110
2196 464 2238 488 ex
2262 453 2385 488 eadem

1311 501 1511 535 substantia
1527 499 1724 544 expetendo
1747 499 1933 535 occasione
1953 502 2101 543 quartae
2121 499 2295 543 portionis
2320 509 2383 533 seu

1310 555 1434 580 novem
1458 546 1661 587 unciarum,
1694 545 1800 579 semel
1822 555 1864 579 eo
1898 545 1957 588 qui
1981 544 2193 578 successerit
2223 544 2260 578 in
2284 544 2384 578 here-

1310 590 1456 625 ditatem
1481 594 1544 625 aut
1565 590 1698 625 curiale
1722 590 1896 625 existente
1920 594 1983 624 aut
1999 600 2082 623 mox
2105 589 2201 624 facto
2226 593 2261 624 et
2278 598 2386 623 causa

167 639 229 671 «τοῦ
265 636 471 684 πράγματος
503 633 611 671 αὖθις
642 639 689 672 εἰς
721 638 788 681 τὴν
810 635 1239 689 βουλὴνκαφικνουμένου.
1258 639 1297 670 10
1311 646 1435 671 rursus
1460 636 1506 670 ad
1531 636 1665 670 curiam
1688 635 1857 670 veniente.
1907 634 1977 669 Sed
2001 637 2038 669 et
2055 635 2084 669 si
2102 635 2178 678 quis
2204 634 2386 669 donaverit

166 684 211 715 Εἰ
236 680 275 715 δὲ
298 686 359 716 καί
380 694 433 717 τις
465 681 667 727 δωρήσεται
696 682 893 737 πράγματα
922 693 984 724 της
1014 693 1122 714 αυτου
1145 694 1242 725 περι-

166 731 299 769 ουσίας,
332 726 354 770 ἢ
378 727 423 762 τὰ
447 727 598 762 πλεῖστα
630 726 653 771 ἢ
684 739 831 762 παντως
862 725 924 760 οὐκ
956 725 1131 760 ἐλάττονα
1166 727 1242 759 τῶν

167 775 271 806 ἐννέα
295 770 458 819 οὗγκιῶν,
491 772 514 816 ἢ
545 774 598 816 τῷ
623 775 700 807 τῶν
731 772 1019 815 πολιτευομένων
1049 772 1110 813 τῆς
1135 767 1242 813 αὐτῆς

167 817 305 852 πόλεως
341 817 422 852 ὄντι
455 817 581 874 ἢχκαὶ)
600 819 710 864 ἑτέρῳ
744 822 833 870 τινί,
871 815 1085 871 προξάγοντι
1118 819 1242 861 μέντοι

176 864 184 874 ‘
263 862 270 871 Ι
434 867 441 876 x
618 867 624 876 ν
744 866 750 875 1

1311 691 1367 716 res
1392 681 1556 725 propriae
1579 681 1779 723 facultatis,
1813 683 1876 715 aut
1899 680 2031 714 multas
2061 684 2124 714 aut
2148 679 2289 714 omnino
2314 689 2386 713 non

1310 727 1426 761 minus
1450 737 1574 762 novem
1598 726 1799 768 unciarum,
1829 725 1883 760 vel
1907 725 2030 759 curiali
2054 725 2208 759 eiusdem
2233 724 2385 759 civitatis

1311 772 1477 806 existenti
1508 772 1563 806 vel
1594 771 1664 806 alio
1696 771 1852 812 cuidam,
1890 770 2053 805 offerenti
2082 774 2199 804 tamen
2231 773 2265 803 et
2289 779 2327 803 se
2352 771 2387 803 et

1311 817 1493 861 propriam
1524 816 1761 851 substantiam
1792 819 1900 859 atque
1932 815 2085 860 prolem,
2120 815 2194 849 sive
2220 824 2310 858 quae
2334 818 2388 848 est

167 877 296 897 εαυτον
320 877 359 897 τε
383 877 442 896 και
458 878 526 907 την
542 876 669 897 ουσιαν
693 876 752 896 και
776 876 843 905 την
866 875 978 908 γονην
1001 875 1073 904 την,
1092 862 1163 894 εἴτε
1184 864 1241 894 οὐ-
1258 864 1297 895 15
1312 862 1384 896 sive
1401 872 1491 905 quae
1507 862 1583 904 erit,
1606 866 1641 896 et
1656 861 1833 896 residuam
1851 861 2111 896 successionem
2129 860 2258 901 curiae,
2285 858 2386 894 cuius

167 921 237 951 σαν
261 909 330 942 εἴτε
355 910 527 952 ἐσομένην
550 912 609 942 καὶ
633 908 699 951 τὴν
720 908 844 953 ἐφεξῆς
868 905 1038 950 διαδοχὴν
1061 908 1105 953 τῇ
1130 905 1240 951 βουλῇ

166 953 204 996 ἧς
235 956 334 988 ἐστιν
363 952 381 987 ὁ
413 954 481 997 τὴν
510 952 649 999 δωρεὰν
674 951 896 996 ποιούμενος,
930 952 1154 995 θεσπίζομεν
1177 951 1244 994 τὴν

168 1000 227 1033 ἐπὶ
259 999 372 1045 ταύτῃ
408 1001 452 1042 τῆ
483 999 615 1043 αἱρέσει
649 1001 840 1044 γινομένην
872 998 1057 1043 ἐρρῶσθαι
1094 995 1242 1042 δωρεάν,

168 1045 304 1098 παντὸέ
327 1045 396 1091 γὰρ
420 1036 506 1087 ἧμῖν
530 1042 801 1087 σπουδάσματος
830 1042 933 1083 ἄξιον
964 1042 1057 1076 εἶναι
1081 1040 1178 1076 δοκεῖ
1200 1042 1241 1075 τὸ

1311 911 1366 941 est
1396 907 1455 951 qui
1487 907 1714 942 donationem
1748 907 1851 947 fecit,
1889 906 2067 941 sancimus
2103 905 2221 940 valere
2255 904 2387 939 factam

1311 952 1377 986 sub
1394 953 1462 987 hac
1480 952 1688 987 condicione
1712 952 1923 996 largitatem.
1970 951 2073 986 Omni
2089 950 2191 985 modo
2210 950 2302 984 enim
2322 960 2385 984 no-

1312 997 1366 1032 bis
1391 997 1498 1032 studii
1521 998 1663 1041 dignum
1695 1007 1773 1032 esse
1796 998 1942 1039 videtur,
1974 1001 2016 1031 ut
2046 996 2141 1031 nullo
2174 995 2278 1030 modo
2304 995 2386 1029 sub-

1313 1043 1465 1077 stantiae
1491 1043 1677 1077 curialium
1700 1043 1900 1078 alienentur
1931 1052 1953 1077 a
1977 1041 2076 1077 curia
2107 1041 2203 1076 illius
2237 1040 2387 1076 civitatis

168 1089 231 1123 τοὶς
255 1094 376 1124 ovatae
408 1104 485 1124 των
507 1088 711 1133 βουλευτῶν
743 1085 828 1122 κατ’
854 1085 984 1122 οὐδένα
1014 1087 1151 1132 τρόπον
1183 1084 1242 1120 ἆλ-
1258 1090 1299 1121 20
1313 1088 1415 1123 cuius
1439 1091 1522 1123 sunt
1547 1088 1710 1123 curiales.

169 1134 230 1168 λοτ
255 1136 405 1169 ιοῦσθαι
439 1136 502 1178 τῆς
529 1133 658 1179 βουλῆς
689 1135 751 1177 τῆς
781 1132 920 1168 πόλεως
952 1135 1081 1176 ἐκείνης
1113 1133 1152 1175 ἡς
1176 1134 1245 1166 εἱσι

167 1184 232 1223 βου
257 1184 365 1214 ευταί.

1155 1290 1310 1327 CAPUT
1334 1291 1398 1327 III.

217 1369 338 1407 ‘'Oetws
370 1371 409 1406 δὲ
438 1370 483 1406 ἂν
510 1372 558 1416 μὴ
589 1370 648 1406 ἐπ’
676 1370 836 1418 ἐξαπάτῃ
868 1373 984 1406 ταῦτα
1013 1369 1129 1411 δόξειε
1151 1375 1244 1417 γίνε-

169 1419 278 1457 σθαι,
311 1422 372 1451 καί
400 1429 492 1451 τινες
527 1415 642 1462 κύριοι
675 1417 862 1463 γενόμενοι
896 1419 973 1451 τῶν
1004 1415 1245 1460 βουλευτικῶν

167 1463 310 1506 κλήρων
353 1461 376 1506 ἢ
411 1463 502 1496 κατὰ
543 1460 675 1507 δωρεᾶς
709 1461 848 1506 τρόπον
889 1460 905 1472 ’“

169 1509 352 1553 (καθάπερ
376 1507 536 1542 εἰπόντες
560 1508 739 1553 ἔφθημεν)
771 1505 793 1550 ἦ
817 1510 876 1541 καὶ
908 1507 947 1548 ἐξ
968 1505 1166 1541 ἀδιαθέτου
1194 1505 1244 1540 δι-

169 1553 430 1597 αναβάλλοιντο
462 1557 521 1586 καὶ
546 1552 755 1599 παρέλκοιεν
786 1553 853 1595 τὴν
876 1551 1052 1597 ἐπίδοσιν,
1085 1556 1144 1586 καὶ
1168 1555 1245 1586 τῶν

166 1601 232 1642 μὲν
253 1599 477 1652 πραγμάτων
501 1597 663 1632 ἐθέλοιεν
693 1595 891 1632 ἀπολαύειν
923 1598 990 1641 τὴν
1019 1596 1058 1632 δὲ
1082 1596 1245 1633 ἐπίδοσιν

167 1645 308 1677 ἑαυτων
337 1658 385 1688 μη
416 1647 588 1685 ποιοῖντο,
624 1644 859 1687 θεσπίζομεν,
895 1645 924 1677 εἰ
953 1646 1021 1688 μὲν
1051 1643 1143 1677 κατὰ
1176 1641 1243 1677 δω-

1367 1370 1412 1405 Ut
1432 1372 1552 1405 autem
1572 1380 1644 1404 non
1665 1370 1710 1405 ad
1731 1370 1960 1405 collusionem
1984 1369 2073 1403 haec
2094 1368 2172 1403 fieri
2192 1369 2388 1412 videantur,

1313 1419 1348 1450 et
1372 1415 1514 1460 quidam
1546 1415 1678 1450 domini
1704 1416 1818 1450 effecti
1850 1415 2085 1450 hereditatum
2111 1414 2295 1448 curialium
2328 1416 2391 1448 aut

882 1477 904 1505 η
940 1462 1032 1496 κατὰ
1068 1460 1246 1504 διαθήκης
1259 1463 1299 1496 25
1312 1471 1377 1505 per
1401 1460 1604 1496 donationis
1627 1461 1770 1496 modum
1803 1463 1866 1495 aut
1887 1470 1950 1504 per
1974 1462 2225 1494 testamentum
2251 1463 2388 1501 (secun-

1313 1507 1395 1541 dum
1420 1506 1515 1551 quod
1538 1506 1791 1551 praediximus)
1819 1508 1884 1541 aut
1907 1506 1952 1540 ab
1976 1505 2143 1539 intestato
2169 1505 2334 1540 differant
2356 1507 2391 1539 et

1312 1552 1524 1596 protrahant
1556 1552 1787 1594 oblationem,
1820 1554 1856 1586 et
1884 1551 1991 1586 rebus
2022 1550 2162 1594 quidem
2191 1550 2261 1584 frui
2284 1550 2392 1585 velint

1314 1597 1528 1632 oblationem
1564 1600 1684 1632 autem
1721 1608 1820 1632 suam
1856 1607 1927 1632 non
1957 1595 2103 1637 faciant,
2134 1596 2323 1639 sancimus,
2360 1595 2392 1630 si

1315 1643 1454 1687 quidem
1485 1653 1550 1687 per
1579 1642 1804 1678 donationem
1837 1643 1918 1684 (hoc
1947 1641 2042 1685 quod
2073 1641 2293 1685 praedictum
2324 1643 2390 1683 est)

167 1689 251 1735 ρεὰν
275 1690 395 1731 (τοῦτο
421 1687 464 1731 δὴ
488 1689 530 1723 τὸ
551 1688 717 1733 πρόσθεν
741 1690 939 1733 εἰρημένον)
964 1687 1173 1731 ἐπιδίδοιτο,
1196 1688 1244 1733 μὴ
1259 1689 1300 1721 30
1315 1688 1462 1731 dederit,
1494 1699 1565 1722 non
1589 1688 1687 1732 prius
1712 1687 1939 1723 traditionem
1963 1686 2042 1721 fieri
2065 1696 2202 1729 rerum,
2236 1687 2299 1722 sed
2322 1686 2392 1721 hoc

167 1735 346 1789 πρότερον
375 1734 443 1777 τὴν
468 1732 672 1788 παράδοσιν
702 1736 874 1780 γίνεσθαι
905 1736 982 1768 τῶν
1006 1733 1245 1788 πραγματων,
1314 1744 1458 1768 manere
1491 1733 1587 1777 apud
1619 1734 1842 1774 donatorem,
1872 1732 1985 1768 donec
2013 1732 2043 1766 is
2077 1732 2137 1776 qui
2167 1732 2391 1767 donationem

381 1782 388 1791 '
1315 1779 1454 1823 accepit
1474 1779 1565 1813 inter
1589 1782 1688 1822 gesta
1713 1779 1877 1814 confecta
1899 1777 1995 1823 apud
2012 1777 2166 1812 iudicem
2186 1777 2392 1821 provinciae

166 1779 230 1813 αλλ
265 1781 318 1813 ἔτι
386 1793 463 1813 νειν
487 1792 586 1824 παρα
609 1781 661 1821 τῷ
680 1777 938 1825 δωρησαμένῳ,
962 1781 1029 1813 ἕως
1053 1794 1100 1813 αν
1130 1793 1149 1812 ο
1177 1780 1246 1822 τὴν

168 1823 308 1870 δωρεὰν
331 1793 532 1869 λιιιεμβάνων
556 1826 616 1859 ἐπὶ
641 1824 804 1869 πράξεως
828 1823 1109 1869 ὑπομνημάτων,
1134 1837 1246 1871 πρατ-
1314 1824 1424 1869 gratis
1458 1827 1492 1859 et
1523 1825 1614 1859 citra
1645 1835 1782 1859 omnem
1812 1824 2037 1859 donationem
2069 1823 2265 1858 secundum
2288 1832 2390 1868 prae-

425 1869 433 1879 *
831 1867 838 1877 ‘
1315 1870 1446 1904 dictum
1481 1869 1624 1904 modum
1666 1870 1770 1905 datus
1811 1869 1922 1904 fuerit
1960 1868 2079 1903 curiae
2121 1871 2156 1902 et
2190 1878 2273 1903 mox
2308 1878 2391 1903 con-

166 1873 315 1914 τομένης
339 1883 438 1915 παρα
462 1871 515 1912 τῷ
540 1871 601 1913 τῆς
625 1871 795 1915 ἐπαρχίας
819 1873 1005 1916 ηγουμένῳ
1033 1872 1163 1917 προῖκα
1186 1874 1246 1903 καὶ

167 1919 273 1960 χωρὶς
297 1913 412 1958 πάσης
428 1913 573 1957 δόσεως,
597 1915 689 1949 κατὰ
713 1915 781 1949 τὸν
797 1916 982 1960 εἰρημένον
1005 1915 1143 1961 τρόπον
1169 1917 1243 1950 ἐπι·
1259 1917 1300 1949 35
1315 1915 1469 1960 scriptus
1494 1915 1594 1959 alb0;
1627 1917 1715 1950 tunc
1740 1915 1832 1950 enim
1856 1915 1888 1950 ei
1911 1914 2018 1949 etiam
2041 1923 2098 1948 res
2123 1913 2200 1948 dari
2218 1914 2390 1949 volumus.

169 1959 295 2002 δοθείη
319 1961 363 2007 τῇ
388 1959 497 2007 βουλῇ
522 1963 581 1993 καὶ
605 1963 794 2007 ἑγγραφείη
819 1962 871 2003 τῷ
898 1958 1114 2004 λευκώματι·
1147 1974 1242 2004 τηνι-
1314 1961 1448 2005 Quodsi
1473 1960 1626 1996 donator
1649 1960 1835 1997 tradiderit
1858 1970 1915 1995 res
1935 1962 1972 1995 et
1995 1959 2147 1994 necdum
2171 1959 2394 1995 confessione

168 2007 282 2039 καῦτα
306 2007 374 2052 γὰρ
407 2003 505 2048 αὐτῷ
537 2009 596 2038 καὶ
626 2006 672 2039 τὰ
697 2007 890 2052 πράγματα
921 2005 1095 2040 δίδοσθαι
1117 2005 1246 2062 βουλό-

168 2051 278 2094 μεθα.
326 2052 372 2084 Εἰ
393 2049 432 2084 δὲ
455 2048 474 2084 ὁ
501 2048 751 2096 δωρησάμενος
775 2049 955 2096 παραδοίη
981 2051 1026 2085 τὰ
1051 2064 1248 2097 πραγματα

171 2162 220 2198 ad
242 2161 473 2197 hereditatem
505 2165 652 2197 vocetur
676 2161 840 2206 defuncti
866 2163 1032 2203 curiatis,
1054 2163 1189 2208 quippe
1213 2161 1276 2207 qui
1301 2165 1547 2196 testamentum
1571 2172 1644 2196 non
1667 2161 1866 2207 scripserit,
1899 2166 2008 2206 atque
2030 2161 2063 2195 is
2087 2171 2230 2206 quoque
2253 2171 2292 2195 se
2314 2160 2393 2206 ipse

171 2208 293 2242 curiae
324 2207 458 2252 offerre
489 2206 590 2247 velit,
623 2206 729 2241 liceat
759 2208 794 2242 ei
822 2207 889 2242 hoc
917 2208 1044 2252 facere
1074 2212 1109 2242 et
1131 2218 1233 2242 suam
1258 2206 1474 2242 voluntatem
1498 2206 1596 2241 intra
1620 2218 1689 2241 sex
1713 2217 1850 2241 menses
1874 2206 1911 2240 in
1935 2206 2027 2240 actis
2050 2205 2254 2247 declarare,
2284 2211 2393 2250 atque

170 2252 276 2287 simul
299 2256 332 2287 et
356 2251 527 2286 curialem
550 2262 625 2286 esse
656 2262 735 2286 cum
755 2262 822 2286 sua
844 2253 1069 2287 successione
1092 2262 1134 2286 ac
1158 2251 1359 2286 substantia
1383 2255 1419 2285 et
1439 2250 1521 2294 fieri
1545 2250 1726 2285 heredem:
1758 2262 1828 2286 neu
1877 2251 2046 2295 uicquam
2071 2251 2216 2285 omnino
2240 2261 2290 2286 ex
2311 2250 2391 2285 sub-

170 2297 306 2333 stantia
330 2297 503 2342 exiqatur
526 2299 680 2341 quartae
697 2297 883 2342 portionis
899 2297 954 2331 vel
968 2307 1091 2331 novem
1115 2298 1304 2331 unciarum
1328 2306 1451 2337 causa,
1476 2306 1555 2329 cum
1578 2295 1688 2330 semet
1710 2296 1741 2331 is
1765 2296 1828 2341 qui
1852 2261 2084 2330 hereditatem
2107 2295 2306 2340 susceperit
2329 2302 2394 2331 aut

171 2344 243 2377 iam
274 2342 322 2377 sit
351 2342 501 2377 curialis
532 2345 597 2376 aut
625 2342 746 2376 statim
767 2341 919 2387 futurus
946 2342 992 2376 sit
1022 2352 1064 2376 ac
1088 2352 1147 2376 res
1169 2351 1298 2375 rursus
1322 2340 1370 2374 ad
1393 2340 1530 2374 curiam
1554 2340 1689 2375 redeat.
1737 2340 1811 2376 Sed
1833 2341 1941 2376 etiam
1963 2341 1997 2375 si
2018 2341 2100 2386 quis
2123 2340 2312 2375 donaverit
2334 2351 2394 2376 res

172 2399 221 2423 ex
244 2388 447 2422 substantia
469 2398 554 2429 sua,
587 2389 652 2421 aut
674 2386 869 2432 plerasque
892 2390 957 2422 aut
979 2387 1102 2432 utique
1125 2397 1197 2421 non
1220 2386 1338 2420 minus
1361 2396 1487 2421 novem
1509 2385 1636 2427 unciis,
1669 2385 1725 2421 vel
1747 2385 1811 2420 uni
1832 2396 1883 2421 ex
1905 2385 2062 2420 eiusdem
2086 2385 2240 2420 civitatis
2259 2385 2394 2421 civibus

172 2432 228 2468 vet
250 2433 357 2467 etiam
380 2432 445 2467 alii
469 2431 596 2473 alicui,
629 2432 693 2476 qui
717 2436 833 2466 tamen
863 2437 898 2467 et
920 2442 958 2467 se
981 2432 1098 2477 ipsum
1130 2435 1166 2466 et
1187 2430 1423 2466 substantiam
1451 2441 1554 2464 suam
1585 2434 1619 2466 et
1643 2430 1798 2476 prolem,
1830 2441 1940 2476 quam
1969 2430 2027 2466 vel
2055 2429 2185 2465 habeat
2214 2430 2270 2465 vel
2294 2429 2393 2466 habi-

174 2482 275 2512 turus
298 2479 357 2519 sit,
391 2482 426 2512 et
448 2477 625 2522 reliquam
649 2476 815 2523 deinceps
844 2478 1102 2512 successionem
1135 2476 1268 2522 offerat
1291 2476 1415 2510 curiae
1438 2475 1540 2509 cuius
1571 2479 1626 2510 est
1648 2476 1711 2521 qui
1734 2475 1963 2511 donationem
1984 2475 2095 2520 fecit:
2129 2476 2310 2510 sancimus
2331 2476 2391 2511 do-

172 2523 351 2558 nationem
374 2522 438 2557 sub
464 2521 532 2556 hac
555 2521 765 2556 condicione
786 2522 927 2566 factam
951 2522 1078 2557 valere.
1128 2521 1274 2556 Summo
1299 2521 1390 2555 enim
1414 2520 1535 2555 studio
1560 2520 1710 2566 diqnum
1733 2521 1837 2556 nobis
1861 2531 1937 2556 esse
1960 2519 2113 2562 videtur,
2137 2531 2182 2555 ne
2201 2521 2393 2556 curialium

172 2567 391 2603 substantiae
414 2567 486 2602 ullo
510 2566 616 2602 modo
640 2566 843 2602 alienentur
866 2578 888 2602 a
912 2567 1014 2602 curia
1037 2567 1135 2602 iltius
1159 2566 1314 2601 civitatis
1337 2565 1438 2601 cuius
1459 2568 1543 2600 sunt
1567 2565 1732 2601 curiales.

306 2613 370 2648 111.
419 2612 473 2647 Ne
496 2618 613 2647 autem
641 2623 712 2658 per
733 2612 905 2657 fraudem
936 2611 1025 2647 haec
1052 2612 1134 2657 fieri
1157 2611 1356 2652 videantur,
1390 2621 1459 2645 neu
1489 2610 1551 2656 qui
1576 2611 1766 2645 curialium
1791 2609 2026 2645 hereditatum
2059 2610 2193 2645 domini
2214 2610 2310 2655 facti
2339 2610 2395 2646 vel

165 2670 238 2704 per
261 2658 469 2693 donationis
492 2657 633 2692 modum
657 2657 712 2692 vel
731 2668 800 2703 per
825 2657 1024 2693 testamenti
1049 2658 1155 2700 (sicut
1178 2656 1285 2691 modo
1310 2655 1483 2697 discimus)
1508 2655 1564 2691 vel
1585 2657 1692 2691 etiam
1717 2655 1762 2690 ab
1787 2656 1955 2690 intestato
1981 2655 2153 2701 differant
2176 2660 2284 2706 atque
2302 2666 2393 2708 pro-

174 2704 319 2739 trahant
343 2703 573 2745 oblationem,
607 2705 642 2737 et
663 2701 770 2737 rebus
792 2702 934 2748 quidem
955 2702 1036 2748 frui
1060 2702 1187 2743 velint,
1220 2700 1434 2736 oblationem
1458 2711 1543 2736 vero
1567 2712 1669 2735 suam
1692 2712 1766 2735 non
1787 2700 1944 2746 faciant,
1977 2700 2170 2743 sancimus,
2194 2711 2224 2735 si
2275 2700 2393 2736 uidem

170 2760 237 2794 per
260 2749 489 2784 donationem
513 2747 564 2790 (id
587 2746 686 2793 quod
709 2751 793 2782 ante
816 2747 949 2783 dictum
973 2751 1039 2791 est)
1062 2758 1121 2782 res
1144 2747 1397 2792 conferantur,
1429 2757 1501 2780 non
1519 2746 1629 2792 prius
1655 2746 1885 2781 traditionem
1907 2746 1991 2791 fieri
2014 2757 2155 2789 rerum,
2189 2757 2227 2781 se
2275 2745 2394 2781 adhuc

172 2805 316 2829 manere
339 2805 402 2829 eas
425 2793 525 2839 apud
547 2792 777 2839 donatorem,
810 2793 924 2828 donec
946 2793 979 2828 is
1010 2793 1075 2839 qui
1097 2792 1325 2827 donationem
1350 2790 1502 2836 accipit,
1534 2790 1572 2825 in
1595 2795 1780 2837 cestorum
1804 2791 2030 2837 confectione
2061 2802 2083 2826 a
2112 2790 2162 2826 ud
2188 2791 2393 2838 praesidem

168 2839 381 2886 provinciae
403 2840 520 2884 qratis
550 2842 585 2873 et
606 2838 684 2873 sine
707 2838 782 2872 utta
807 2838 1001 2884 larqitione
1025 2837 1238 2873 celebranda
1261 2836 1456 2871 secundum
1479 2835 1621 2871 modum
1648 2836 1874 2882 praedictum
1898 2836 2021 2871 curiae
2052 2847 2073 2871 ο
2099 2835 2197 2871 latus
2220 2836 2268 2871 sit
2298 2840 2334 2871 et
2356 2837 2393 2872 in

173 2884 254 2920 albo
280 2885 498 2930 inscriptus;
534 2887 617 2918 tunc
641 2883 733 2918 enim
756 2883 789 2917 ei
812 2883 919 2918 etiam
942 2894 1001 2918 res
1025 2883 1108 2918 dari
1131 2882 1303 2918 volumus.
1351 2880 1490 2923 Quodsi
1511 2880 1669 2916 donator
1691 2892 1750 2917 res
1775 2880 1969 2916 tradiderit
1999 2880 2149 2917 necdum
2178 2882 2284 2927 facta
2301 2892 2392 2928 pro-

231 3011 250 3042 2
275 3005 445 3049 κάκεῖνος]
478 3009 535 3041 ille
560 3020 579 3044 ς
605 3008 617 3051 11
649 3011 668 3042 6
693 3006 927 3053 κληρονόμον]
959 3009 990 3039 et
1013 3007 1163 3039 heredem
1189 3018 1208 3042 ς
1237 3005 1249 3050 11
1281 3016 1283 3047 1
1318 3008 1335 3038 7
1362 3004 1549 3037 substantia
1574 3017 1633 3038 om.
1656 3005 1710 3048 Ῐ711
1730 3007 1750 3039 6
1770 3006 1868 3037 etiam
1890 3006 1937 3046 T]
1963 3006 1995 3037 et
2018 3006 2102 3047 vulq.
2120 3004 2132 3049 11
2160 3008 2177 3038 7
2201 3007 2392 3047 expetendo]

173 3055 236 3096 τῆς
259 3056 473 3098 περιουσίας]
499 3064 537 3086 ex
562 3054 672 3085 eadem
696 3053 880 3085 substantia
905 3064 923 3088 ς
947 3053 957 3095 11
991 3055 1008 3085 7
1034 3049 1249 3092 ἀπαιτουμέ»
1318 3051 1425 3092 expeti
1450 3063 1517 3082 cam
1541 3052 1646 3092 spatio
1671 3063 1770 3083 vacuo
1796 3052 1816 3084 6
1831 3053 1908 3094 sere
1933 3051 1991 3083 litt.
2018 3050 2076 3094 Vn
2093 3051 2111 3083 8
2136 3060 2254 3082 nomen
2278 3052 2392 3084 uncia-

174 3111 236 3132 νου
262 3100 455 3132 Haloander
472 3098 484 3142 11
503 3100 522 3132 8
546 3099 750 3143 έναουγκίου
776 3099 806 3130 L
831 3098 873 3138 (et
888 3099 935 3130 sic
951 3099 1092 3139 saepius)
1110 3097 1122 3139 11
1140 3099 1159 3130 9
1181 3093 1248 3138 ἤδη
1317 3107 1389 3127 rum
1417 3095 1450 3127 V
1475 3104 1594 3126 nouem
1619 3096 1788 3127 untiarum
1813 3095 1867 3127 uel
1892 3094 2012 3127 curiali
2038 3096 2070 3127 T
2090 3097 2212 3137 (errore
2237 3108 2274 3128 ez·
2296 3109 2326 3128 v.
2353 3099 2392 3130 12

175 3157 232 3176 om.
259 3156 277 3179 ς
292 3143 305 3188 11
322 3145 571 3189 γενησομένου]
596 3143 683 3175 facto
708 3155 726 3179 ς
743 3143 756 3186 11
776 3144 815 3177 13
824 3156 871 3185 sq.
897 3142 950 3184 τῷ
971 3142 1047 3175 τῶν
1068 3139 1249 3175 πολιτευο-

174 3191 295 3232 μένων
316 3209 358 3212 —
378 3187 470 3229 ὄντι]
495 3187 673 3220 01111011-
692 3188 847 3220 existenti
871 3199 889 3222 ς
914 3187 925 3230 11
952 3189 993 3221 15
1017 3185 1085 3229 τὴν
1109 3184 1248 3227 οὐσίαν]

174 3234 343 3277 propriam
363 3234 580 3266 substantiam
607 3245 626 3269 ς
642 3233 654 3276 11
676 3235 714 3266 18
739 3235 935 3278 γενομένην
958 3233 990 3264 L
1008 3232 1020 3275 11
1040 3234 1079 3266 19
1101 3229 1249 3272 παντὸς]

175 3280 265 3312 omni
289 3280 385 3312 modo
409 3281 442 3321 (i.
460 3292 485 3312 e.
504 3275 660 3319 πάντως)
686 3290 704 3314 ς
721 3278 732 3321 11
752 3280 792 3312 23
817 3276 877 3311 ἐπ’
899 3291 956 3310 om.
976 3278 1058 3318 ML,
1084 3278 1160 3310 add.
1175 3277 1250 3309 Ha—

177 3327 310 3358 loander
331 3338 368 3358 ex
385 3336 403 3360 ς
420 3325 474 3367 (cf.
490 3326 566 3365 490,
580 3326 628 3362 24)
647 3324 657 3363 11
675 3325 716 3356 25
742 3322 833 3356 κατὰ
860 3319 1047 3364 διαθήκης]
1070 3332 1129 3364 per
1153 3323 1250 3354 testa-

175 3373 321 3403 mentum
347 3381 366 3405 ς
381 3369 393 3413 11
421 3371 462 3402 26
488 3366 765 3411 διαναβάλοιντο
791 3369 833 3400 Μ
849 3367 860 3411 11
888 3369 930 3401 32
955 3368 1008 3400 ἔτι
1031 3368 1164 3410 μένειν]
1189 3367 1250 3399 1100

175 3426 306 3448 manere
331 3428 350 3451 ς
378 3415 390 3458 11
420 3412 439 3446 ὁ
466 3428 523 3447 om.
549 3415 580 3446 L
608 3414 620 3457 11
651 3415 692 3446 35
716 3410 821 3453 κατὰ]
853 3411 898 3445 τὰ
926 3413 975 3445 La
1004 3412 1017 3455 11
1050 3414 1091 3446 36
1116 3414 1186 3452 καὶ]
1218 3414 1250 3444 et

176 3471 250 3493 mox
273 3473 293 3497 ς
308 3460 319 3505 11
340 3462 380 3495 38
406 3459 452 3492 Εἰ
475 3456 515 3492 δὲ
537 3478 581 3484 -
605 3460 680 3500 490,
697 3466 713 3492 4
736 3456 948 3501 βουλόμεθα
972 3470 1029 3490 om.
1046 3458 1076 3490 L

249 3608 262 3639 1
290 3608 423 3638 vocatus
445 3606 534 3648 vuly.
561 3605 572 3647 11
604 3605 623 3637 2
647 3603 717 3644 ille]
751 3605 782 3635 et
806 3603 864 3636 ille
886 3603 973 3646 ναῖς.
1002 3603 1014 3645 11
1043 3602 1120 3635 dare
1142 3613 1175 3635 se
1201 3604 1247 3643 Τ]

180 3651 230 3682 set
249 3661 268 3682 a
291 3662 323 3683 se
352 3652 388 3692 V,
419 3662 452 3683 se
476 3651 553 3682 dare
578 3650 754 3682 Heimbach
785 3648 796 3691 11
824 3651 843 3682 3
868 3649 929 3679 hoc
954 3649 983 3680 ei
1010 3649 1042 3680 Τ
1067 3647 1080 3691 11
1115 3650 1135 3682 4
1159 3650 1248 3680 intra

181 3707 238 3729 om.
260 3695 293 3728 V
312 3695 324 3739 11
347 3696 516 3736 curialem]
541 3704 609 3727 esse
635 3695 710 3727 add.
730 3695 822 3727 Beck
849 3695 861 3736 11
892 3696 910 3726 5
935 3693 1059 3734 pariter
1082 3694 1181 3726 etiam
1206 3713 1248 3717 ——

245 3750 299 3779 111.

1319 3142 1398 3182 orto)
1417 3140 1428 3183 11
1446 3141 1466 3174 9
1483 3139 1602 3171 curiali
1624 3141 1707 3183 vuly.
1726 3140 1738 3183 11
1757 3141 1867 3172 *facte
1886 3141 1963 3173 libri
1978 3140 2137 3180 (extituro
2153 3141 2254 3183 vulq.)
2271 3140 2283 3184 11
2304 3143 2344 3175 10
2361 3144 2394 3173 et

1318 3199 1374 3218 om.
1393 3186 1423 3217 T
1441 3185 1452 3227 11
1479 3186 1515 3218 11
1544 3184 1719 3217 facultates
1742 3185 1775 3217 V
1793 3184 1805 3228 11
1829 3196 1894 3217 11011
1918 3186 2039 3225 minus]
2074 3185 2313 3219 nichilominus
2335 3187 2386 3228 Vl

1321 3233 1360 3264 13
1386 3229 1540 3261 existenti
1565 3242 1621 3262 om.
1654 3230 1686 3262 V
1708 3230 1719 3272 11
1748 3229 1814 3262 alio
1836 3230 1879 3271 V]
1909 3229 1968 3262 alii
1994 3231 2118 3273 Tvuly.
2148 3229 2160 3273 11
2189 3231 2304 3263 offenti
2331 3230 2386 3275 V}

1319 3280 1351 3308 et
1374 3277 1418 3316 se]
1444 3275 1472 3307 si
1497 3276 1529 3307 et
1553 3285 1586 3306 se
1613 3275 1645 3308 Τ
1669 3274 1698 3307 si
1714 3275 1825 3307 adesse
1846 3274 1903 3319 VH
1927 3277 1968 3309 15
1992 3274 2123 3307 residue
2145 3274 2202 3318 Vl}
2226 3276 2322 3308 cuius
2346 3279 2394 3309 est

1318 3321 1388 3362 qui]
1414 3330 1496 3361 quae
1521 3322 1569 3352 est
1592 3319 1652 3352 ille
1677 3321 1735 3361 qui
1761 3319 1816 3363 Τ11
1842 3322 1882 3353 16
1906 3319 2084 3352 donatione
2107 3319 2163 3363 Vn
2188 3320 2313 3353 factum
2334 3322 2367 3354 V
2382 3321 2394 3367 11

1321 3367 1359 3399 18
1381 3364 1566 3397 substantia
1582 3365 1759 3397 curialium
1776 3364 1941 3397 alienetur
1956 3365 1988 3397 T
1999 3365 2011 3408 11
2031 3366 2073 3398 23
2086 3364 2277 3398 illusionem
2294 3367 2394 3400 Oseu-

1319 3425 1460 3465 briiyyen
1474 3434 1511 3454 ex
1525 3423 1645 3463 490,19
1665 3421 1677 3463 11
1694 3423 1735 3454 25
1753 3431 1811 3464 per
1826 3421 2014 3454 donationis
2030 3421 2176 3462 modum]
2196 3413 2232 3462 fii
2251 3423 2321 3465 (sic)
2340 3424 2373 3466 D
2382 3422 2396 3468 11

1318 3468 1360 3500 26
1385 3466 1472 3508 quod
1496 3476 1596 3510 supra
1620 3466 1763 3498 diximus
1790 3467 1821 3499 T
1841 3467 1853 3508 11
1877 3467 1916 3499 27
1942 3467 2137 3509 protrahent
2165 3467 2199 3500 V
2217 3467 2229 3511 11
2253 3467 2393 3501 oblatio-

1317 3523 1373 3544 nes
1401 3512 1433 3544 T
1457 3511 1469 3555 11
1496 3512 1595 3544 rebus
1623 3512 1762 3554 Tvul9.]
1795 3522 1903 3543 rerum
1933 3511 1968 3544 V
1987 3512 1999 3553 11
2029 3511 2110 3552 frui]
2144 3512 2195 3544 uti
2226 3512 2296 3545 frui
2320 3514 2353 3547 T
2382 3513 2395 3559 11

1317 3559 1358 3591 30
1384 3558 1457 3597 1100]
1481 3557 1589 3589 adhuc
1610 3557 1702 3589 Beck
1728 3555 1740 3600 11
1771 3557 1810 3589 31
1838 3557 1878 3596 is]
1908 3556 1960 3588 his
1988 3556 2021 3589 V
2043 3556 2055 3599 11
2083 3556 2153 3598 qui]
2186 3558 2274 3599 quod
2296 3559 2347 3591 Ta
2382 3560 2394 3602 11

1318 3604 1359 3635 33
1373 3612 1472 3643 grans
1488 3602 1521 3635 V
1531 3602 1543 3645 11
1562 3601 1775 3634 donationem
1792 3602 1869 3642 VT]
1883 3601 2048 3633 dationem
2060 3603 2147 3645 vulq.
2162 3602 2174 3647 11
2188 3603 2394 3645 praedictum

1318 3661 1374 3680 om.
1393 3647 1448 3690 1711
1475 3648 1517 3680 34
1533 3649 1575 3725 {vt
1598 3659 1656 3681 om.
1679 3647 1731 3680 Va
1748 3646 1760 3690 11
1784 3646 1965 3689 inscriptus
1981 3646 2075 3680 Beck
2100 3646 2112 3691 11
2139 3648 2180 3682 35
2205 3648 2282 3681 aluo
2303 3649 2366 3682 VT
2381 3649 2393 3693 11

1317 3694 1359 3726 36
1385 3701 1435 3725 res
1459 3705 1517 3725 om.

2080 3751 2123 3784 62
