2618 4010
256 116 366 163 Nov.
396 117 490 160 LIV
517 130 580 172 pr·
1329 104 1414 155 306
1847 122 2238 158 consumi-mum
2267 121 2388 162 QUAE
2415 122 2479 156 Ex

762 315 832 362 'NK
1898 323 1980 361 mv
2248 322 2378 359 cmiv
2393 322 2449 359 tit.
2459 325 2479 358 -ι

259 396 376 430 ΠΕΡΙ
408 396 517 430 TOY
549 396 655 429 ΤΗΝ
689 396 792 430 ΤΩΝ
826 391 1206 430 ΕΝΑΠΟΓΡΑΦΩΝ
1240 392 1338 427 AIA·
1469 389 1897 426 GONSTITUTIONEM
1915 390 2044 435 QUAE
2063 391 2130 427 EX
2146 390 2481 427 ADSCRIPTICIO

263 440 417 478 ΤΑΞῙΝ
440 442 612 475 ΧΩΡΑΝ
636 441 787 475 EXEIN
817 440 894 475 ΛΦ
921 439 990 473 ΟΥ
1014 437 1339 473 ΕΞΕΦΩΝΗΘΗ.
1442 434 1472 469 Τ
1491 434 1673 469 LIBERA
1694 433 1852 470 NATOS
1872 434 1989 470 ESSE
2009 436 2213 473 LIBEROS
2231 435 2359 472 VULT
2380 434 2482 470 NON

261 486 355 520 ΚΑΙ
389 486 505 520 ΠΕΡΙ
540 486 648 520 ΤΟΥ
684 486 845 520 ΠΑΝΤῙ
876 483 1163 519 ΕΥΚΤΗΡΙΩΙ
1194 483 1340 517 ΟΙΚΩΙ
1408 478 1486 514 HIS
1511 478 1593 523 QUI
1615 478 1750 514 ANTE
1771 478 2196 517 CONSTITUTIONEM
2218 480 2338 517 NATI
2356 479 2481 516 SUNT

261 531 355 565 ΚΑΙ
370 530 557 565 ΕΤΕΡΩῙ
577 531 739 565 ΤΟΠΩΙ
756 530 969 564 ΕΥΣΕΒΕΙ
989 526 1187 564 ΕΞΕΙΝΑΙ
1207 527 1341 561 ΠΡΟΣ
1377 528 1396 560 5
1409 523 1501 558 SED
1557 523 1607 559 UI
1630 523 1750 559 POST
1770 522 2198 562 CONSTITUTIONEM
2219 524 2481 562 PRODESSE.

261 576 335 610 TA
379 576 548 610 OMOIA
588 575 847 610 ΠΟῙΕΙΣΘΑΙ
891 573 1187 608 ΕΝΑΛΛΑΓΑΣ
1235 572 1340 606 ΤΩΝ
1408 568 1474 604 ΕΤ
1498 568 1528 604 U
1586 567 1930 604 VENERABILES
1955 568 2119 606 DOMUS
2144 569 2483 607 COMMUTATIO·

381 620 653 655 AKINHTQN
677 619 923 655 ΚΤΗΣΕΩΝ
947 617 1220 652 ΔΕΚΡΕΤΟΥ
1408 612 1503 649 NES
1526 613 1741 649 FAOIANT
1771 612 2049 658 ADINVIOEM
2073 614 2376 651 IMMOBILIUM
2398 614 2483 650 RE-

597 663 1008 700 IIPATTOMENOY.
1408 658 1516 695 RUM
1558 657 1789 694 DECRETO
1832 657 1974 694 PRIUS
2013 658 2354 703 INTERPOSITO,
2398 658 2483 695 EX·

1568 703 1729 740 OEPTA
1751 703 1850 739 HAG
1872 702 2062 739 MAIORE
2082 703 2327 741 ECOLESIA.

259 759 298 798 ‘0
326 761 433 798 αὐτὸς
463 762 629 807 βασιλεὺς
659 762 809 810 Ἰωάννῃ
844 764 897 805 τῷ
931 759 1157 805 ἐνδοξοτάτῳ
1194 757 1340 806 ἐπάρχῳ
1356 765 1397 798 10
1494 759 1583 805 Imp.
1608 759 1830 795 lastinianus
1852 759 1945 804 Aug.
1969 758 2122 795 Iohanni
2145 771 2205 806 pp.
2229 761 2397 798 secundo.

329 812 566 854 πραιτωρίων
586 809 628 843 τὸ
644 806 678 853 13‘
683 835 693 852 ‚
723 806 797 842 ἀπὸ
820 805 974 842 ὑπάτων
997 810 1057 840 καὶ
1081 810 1273 852 πατρικίῳ.

311 876 613 921 (Προοίμιον.)
657 873 718 909 Ἐν
742 877 814 909 τινὶ
837 876 916 909 τῶν
933 872 1117 919 ἡμετέρων
1141 870 1342 914 διατάξεων
1454 870 1742 919 <Praefatio.>
1793 871 1836 906 In
1859 871 2015 916 quadam
2038 875 2240 909 nostrarum
2263 874 2486 911 constitutio-

262 917 368 955 οὐδὲν
390 919 523 966 ἀσαφὲς
547 920 675 966 ἐχούσῃ
699 924 906 961 κεκίνηνται
937 917 1116 972 ζητήσεις,
1143 919 1260 952 τινῶν
1288 918 1341 958 ἐξ·
1410 928 1495 953 num
1518 917 1607 952 nihil
1632 916 1860 952 obscuritatis
1884 917 2038 952 habente
2061 920 2180 953 motae
2203 922 2286 954 sunt
2306 920 2486 964 quaestio-

262 963 426 1008 επίτηδες
456 968 516 998 καὶ
539 964 627 1011 πρὸς
651 964 718 999 τὸν
741 965 883 998 ἑαυτῶν
914 975 1053 998 σκοπον
1075 961 1253 1009 ἀσάφειαν
1281 965 1341 998 ἐπ·
1411 973 1475 998 nes
1499 962 1546 997 ab
1570 962 1749 1007 aliquibus
1781 972 1826 997 ex
1849 962 1968 997 studio
1997 966 2034 997 et
2062 962 2110 997 ad
2133 973 2235 998 suam
2257 963 2486 1000 intentionem

263 1009 431 1057 αγόντων
448 1008 551 1057 αὐτῇ.
591 1008 797 1055 ἐλευθερίας
818 1008 886 1056 γὰρ
906 1007 1006 1043 ὄντες
1027 1010 1175 1055 ἐρασταὶ
1196 1010 1342 1055 ἔναγχος
1357 1009 1398 1040 15
1411 1007 1667 1043 obscuritatem
1697 1007 1732 1042 ei
1762 1006 2086 1043 introducentibus.
2138 1007 2227 1043 Cum
2257 1008 2351 1044 enim
2379 1010 2486 1044 liber-

262 1055 479 1098 τεθείκαμεν
509 1052 632 1098 νόμον,
663 1050 753 1088 ὥςτε
774 1053 823 1098 μὴ
851 1054 943 1088 κατὰ
971 1052 1015 1088 τὸ
1047 1052 1216 1095 παλαιόν,
1248 1054 1280 1087 εἰ
1304 1053 1343 1093 ἐξ
1411 1052 1496 1087 tatis
1520 1055 1697 1087 amatores
1722 1052 1844 1094 simus,
1868 1062 1983 1097 nuper
2002 1052 2186 1097 posuimus
2206 1053 2330 1097 legem,
2354 1058 2395 1088 ut
2415 1064 2487 1089 non

262 1098 514 1146 ἐναπογράφου
538 1102 598 1132 καὶ
621 1097 813 1146 ἐλευθέρου
837 1097 1028 1146 προςώπου
1049 1097 1226 1144 προέλθοι
1243 1097 1341 1145 γονή,
1411 1097 1607 1133 secundum
1638 1097 1905 1141 antiquitatem,
1938 1098 1969 1132 Si
2001 1108 2045 1132 ex
2067 1097 2295 1142 adscripticia
2318 1100 2354 1133 et
2376 1098 2488 1133 libera

262 1142 408 1179 πάντως
433 1142 546 1187 αὐτὴν
568 1141 782 1178 ἀκολουθεῖν
803 1145 850 1192 τῇ
874 1142 1115 1191 έναπογράφῳ
1133 1142 1233 1190 τύχῃ,
1255 1140 1344 1177 ἀλλὰ
1411 1152 1566 1187 persona
1588 1141 1808 1187 processerit
1832 1142 1985 1185 soboles,
2020 1143 2162 1178 omnino
2193 1153 2271 1178 eam
2302 1143 2402 1188 sequi
2424 1143 2487 1177 ad-

262 1187 355 1223 κατὰ
372 1187 439 1231 τὴν
455 1191 517 1232 τῆς
533 1187 693 1232 δουλικῆς
705 1187 811 1232 τύχης
827 1186 1079 1236 παρατήρησιν
1093 1185 1189 1222 οὕτω
1206 1191 1266 1221 καὶ
1283 1190 1343 1222 ἐπὶ
1412 1187 1630 1233 scripticiam
1652 1187 1845 1230 fortunam,
1869 1187 1933 1223 sed
1952 1188 2148 1224 secundum
2168 1188 2302 1223 servilis
2323 1189 2489 1224 fortunae

263 1236 340 1268 τῶν
364 1232 634 1281 έναπογράφων
657 1234 888 1278 νομίζεσθαι,
913 1237 973 1268 καὶ
997 1233 1086 1280 πρὸς
1108 1231 1175 1275 τὴν
1198 1234 1259 1275 τῆς
1274 1246 1342 1312 ἔα·
1357 1233 1399 1266 20
1413 1233 1711 1275 observationem,
1741 1232 1794 1267 sic
1817 1232 1924 1267 etiam
1955 1243 2064 1277 super
2086 1233 2327 1278 adscriptieiis
2357 1232 2487 1278 putari,

263 1277 369 1322 στρὸς
385 1277 609 1313 κατάστασιν
629 1282 690 1313 καὶ
709 1278 777 1322 τὴν
791 1280 855 1313 τοῦ
871 1279 1065 1321 τεχθέντος
1082 1280 1273 1319 κανονίζεσ
1307 1291 1343 1311 αι
1412 1282 1448 1312 et
1471 1277 1667 1313 secundum
1691 1277 1822 1312 ventris
1847 1280 1981 1313 statum
2004 1278 2112 1313 etiam
2145 1279 2221 1313 eius
2245 1279 2304 1323 qui
2328 1277 2490 1314 nascitur

261 1323 383 1366 τύχην.
430 1324 470 1364 ἐξ
501 1323 693 1368 ἐλευθέρας
721 1323 791 1370 γὰρ
821 1325 953 1370 μητρὸς
986 1322 1183 1368 προελθεῖν
1215 1320 1344 1356 δοῦλον
1413 1322 1633 1357 considerari
1656 1321 1848 1358 fortunam.
1893 1322 1951 1357 Ex
1966 1322 2079 1358 libera.
2099 1333 2250 1367 namque
2270 1328 2384 1358 matre
2404 1334 2488 1367 pro-

263 1372 394 1414 βρέφος
424 1367 444 1403 ὁ
476 1366 641 1415 ἡμέτερος
675 1362 714 1403 εὖ
749 1370 869 1404 ποιῶν
903 1366 966 1402 οὐκ
1002 1366 1188 1412 ἠβουλήθη
1225 1365 1342 1411 νόμος.
1413 1367 1540 1403 cedere
1571 1367 1733 1402 servilem
1767 1370 1911 1412 partum
1939 1371 2063 1403 nostra
2092 1369 2184 1404 bene
2212 1368 2349 1404 faciens
2374 1368 2489 1404 noluit

264 1410 352 1448 ὥςτε
380 1414 564 1459 ἐφήσαμεν
595 1415 635 1447 ἐν
669 1415 724 1457 τῷ
756 1412 871 1458 νόμῳ,
907 1413 978 1447 εἴτε
1011 1414 1107 1446 τινὲς
1140 1413 1344 1446 συνοικοῦσι
1412 1412 1488 1447 lex:
1525 1412 1693 1455 quoniam
1716 1411 1868 1447 diximus
1899 1412 1937 1446 in
1958 1412 2053 1457 lege,
2085 1413 2117 1447 si
2140 1413 2283 1458 quidam
2307 1413 2489 1449 coniuncti

261 1458 427 1506 γυναιξὶν
449 1458 520 1492 εἴτε
550 1462 610 1491 καὶ
634 1457 894 1502 συνοικήσαιεν,
926 1458 1004 1492 εἶτα
1029 1455 1343 1500 παιδοποιῆσαιεν,
1358 1457 1399 1490 25
1413 1459 1499 1492 sunt
1520 1457 1730 1491 mulieribus
1761 1457 1835 1492 Sive
1858 1457 1966 1492 etiam
1990 1457 2172 1492 coniuncti
2195 1458 2337 1501 fuerint,
2366 1461 2403 1493 et
2425 1457 2489 1492 filii

263 1499 359 1537 οὕτω
387 1502 455 1537 τὸν
474 1502 588 1545 νόμον
616 1505 677 1539 ἐπὶ
699 1507 773 1538 τοῖς
803 1506 1022 1547 τικτομένοις
1047 1505 1204 1549 κρατεῖν.
1250 1504 1344 1536 τινὲς
1438 1504 1658 1543 rocreantur,
1681 1502 1733 1536 ita
1747 1502 1860 1546 legem
1883 1502 1920 1537 in
1944 1502 1999 1537 his
2023 1502 2084 1547 qui
2132 1506 2343 1538 rocreantur
2358 1503 2486 1538 valere.

263 1547 304 1582 δὲ
326 1544 440 1582 οὕτως
471 1546 632 1591 ἀνοήτως
662 1546 685 1591 ἢ
707 1546 911 1595 κακούργως
930 1547 1136 1593 ἑρμηνεύειν
1166 1549 1343 1590 ἑπεχείρη-
1411 1513 1563 1591 &uidam
1587 1551 1707 1581 autem
1731 1547 1783 1582 sic
1807 1546 1907 1582 fatue
1929 1550 1994 1582 aut
2017 1547 2099 1582 calli
2123 1557 2143 1582 e
2165 1547 2396 1592 interpretari
2421 1547 2488 1582 nisi

264 1606 335 1627 σαν
350 1592 417 1627 τὸν
432 1591 556 1637 νόμον,
573 1590 663 1628 ὤςτε
678 1590 746 1627 κᾶν
761 1594 793 1626 εἰ
808 1592 880 1637 πρὸ
897 1594 958 1636 τῆς
978 1590 1174 1632 διατάξεως
1193 1592 1343 1635 ἐτέχθη·
1413 1595 1498 1627 sunt
1528 1592 1659 1636 legem,
1693 1595 1735 1626 ut
1765 1592 1871 1627 etiam
1907 1591 1939 1627 si
1969 1596 2053 1627 ante
2088 1592 2377 1628 constitutionem
2411 1592 2489 1627 nati

263 1637 334 1672 σάν
352 1649 463 1679 τινες,
498 1636 567 1672 κᾶν
598 1639 630 1672 εἰ
660 1635 802 1684 σφόδρα
834 1637 906 1671 εἶεν
929 1638 1148 1684 πρεσβῦται,
1183 1639 1344 1681 νομίζειν
1413 1643 1497 1672 sunt
1519 1637 1640 1681 aliqui,
1670 1637 1726 1672 vel
1749 1636 1781 1672 si
1803 1636 1907 1672 valde
1930 1637 2001 1672 sint
2024 1647 2138 1679 senes,
2165 1641 2294 1682 putent
2316 1648 2377 1672 eos
2400 1637 2488 1672 libe-

265 1681 391 1717 αύτούς
420 1682 724 1729 ελευθεροῦσθαι,
758 1679 874 1727 ὥςπερ
903 1681 985 1728 ἄρτι
1009 1684 1235 1726 τικτομένους
1259 1678 1341 1716 ἀλλ’
1358 1683 1400 1715 30
1412 1683 1485 1716 rari
1507 1684 1687 1726 tamquam
1711 1682 1805 1716 enim
1827 1683 1933 1718 modo
1965 1684 2068 1718 natos
2101 1686 2136 1717 et
2158 1693 2230 1717 non
2258 1683 2362 1727 longe
2384 1692 2488 1727 prae-

235 1765 247 1774 ’
263 1727 303 1760 ού
335 1729 463 1774 μακρῷ
496 1727 756 1774 προειληφότας
791 1726 856 1762 τὸν
882 1727 1014 1771 νόμον·
1059 1731 1218 1774 καίτοιγε
1249 1723 1344 1770 ἡμεῖς
1414 1727 1578 1762 cedentes
1611 1727 1738 1771 legem:
1776 1738 1856 1762 cum
1886 1727 2010 1771 utique
2040 1737 2106 1762 nos
2135 1727 2230 1762 hunc
2259 1728 2487 1763 habuerimus

263 1771 401 1815 ταύτην
430 1776 582 1817 ἔσχομεν
612 1774 770 1814 ἔννοιαν,
802 1768 890 1806 ὥςτε
920 1772 991 1806 εἴτε
1014 1774 1243 1805 συνοικοῦσιν
1276 1769 1343 1815 ἤδη
1411 1772 1643 1815 intellectum,
1668 1776 1710 1806 ut
1733 1772 1763 1806 si
1783 1773 1979 1808 cohaerent
2001 1772 2072 1807 iam
2093 1773 2235 1817 quidam
2254 1773 2427 1807 uxoribus
2453 1777 2489 1806 et

263 1819 358 1852 τινὲς
375 1821 556 1863 γαμεταῖς,
581 1817 659 1852 εἶτα
678 1817 770 1862 μετὰ
791 1816 858 1852 τὸν
873 1816 990 1861 νόμον
1006 1815 1344 1859 παιδοποιήσονται,
1412 1820 1495 1862 post
1518 1817 1632 1860 legem
1654 1816 1718 1851 filii
1740 1818 1922 1862 procreati
1945 1821 2083 1860 essent,
2116 1820 2179 1852 aut
2192 1828 2274 1853 »non
2298 1818 2490 1853 cohaerent

263 1862 335 1896 εἴτε
356 1862 407 1907 μὴ
429 1864 633 1897 συνοικοῦσι
662 1864 730 1907 μὲν
751 1859 905 1907 ὕστερον
931 1860 972 1895 δὲ
993 1860 1154 1908 γήμαιεν,
1188 1861 1230 1896 τὸ
1282 1860 1345 1895 ετὰ
1412 1861 1564 1906 quidem,
1588 1865 1714 1906 postea
1737 1872 1820 1897 vero
1843 1862 1991 1907 nuptiae
2013 1861 2152 1905 fierent,
2176 1867 2258 1908 post
2280 1862 2392 1907 legem
2412 1862 2489 1897 nati

262 1906 330 1941 τὸν
353 1905 702 1987 νόμέιῖινυῦικτόμενον
732 1909 827 1950 ἔχειν
856 1905 925 1950 τὴν
948 1908 986 1940 ἐκ
1016 1907 1081 1940 τοῦ
1101 1905 1212 1952 νόμου
1245 1875 1342 1941 5230-
1356 1908 1399 1941 35
1411 1906 1585 1942 haberent
1608 1917 1652 1942 ex
1675 1907 1751 1952 lege
1776 1908 1894 1943 datam
1916 1907 2128 1943 libertatem.

262 1953 377 1996 μένην
446 1990 450 1994 ,
511 1956 622 1999 ερίαν.

309 2065 395 2100 Nou.
409 2065 505 2098 LIV
518 2065 574 2107 (=
591 2065 671 2099 Call.
693 2066 728 2099 V
742 2067 788 2099 tit,
802 2067 840 2099 7:
864 2066 976 2109 ylo-ss.)
1000 2067 1126 2100 Graece
1137 2073 1225 2100 extat
1238 2067 1270 2099 in
1283 2066 1333 2099 M.
1353 2085 1396 2090 -
1420 2067 1510 2109 Epit.
1527 2067 1648 2100 Theod.
1662 2067 1717 2106 54,
1740 2066 1861 2099 Athan.
1876 2066 1929 2106 18,
1943 2073 1967 2100 1.
2002 2066 2126 2099 Iulian.
2140 2074 2238 2100 const.
2251 2067 2323 2100 XL
2333 2067 2431 2100 VIII.
2444 2087 2489 2091 —

267 2110 394 2144 Gitatur
417 2118 452 2144 ut
473 2108 585 2157 νεαροὶ
606 2106 694 2153 ‘vss'’
717 2112 750 2144 in
767 2111 941 2154 paratitlis
964 2112 1012 2144 ad
1038 2112 1118 2145 Goll.
1142 2118 1243 2145 const.
1268 2112 1343 2144 eccl.
1367 2111 1393 2144 I
1406 2111 1428 2144 2
1447 2124 1483 2155 p.
1504 2112 1602 2146 1252.
1631 2111 1715 2145 1253
1736 2111 1837 2144 Voell.

1328 2275 1388 2312 LI
1394 2277 1433 2313 V.

335 2368 401 2404 UT
420 2366 748 2422 CogvSTITUTIO
770 2367 846 2404 DE
865 2366 1239 2404 ADSCRIPTICIIS
1269 2367 1397 2428 EATA
1420 2367 1593 2403 LOCUM
1613 2366 1826 2403 HABEAT
1845 2367 1978 2404 INDE
1997 2371 2029 2404 Α
2055 2368 2298 2406 TEMPORE
2325 2370 2423 2428 QUO

261 2413 544 2450 PUBLICAM
567 2412 671 2448 EST.
727 2412 798 2448 ET
823 2412 886 2449 UT
907 2411 1041 2449 OMNI
1059 2411 1190 2448 AEDI
1208 2412 1404 2449 SAcRAE
1430 2411 1645 2456 ALIIQUE
1671 2411 1798 2449 LOCO
1827 2412 1917 2450 PIO
1950 2413 2054 2450 CUM
2078 2413 2346 2452 SIMILIBUb
2370 2416 2489 2452 PER-

260 2457 601 2496 MUTATIONEM
630 2457 833 2494 FACERE
860 2457 1191 2495 IMMOBILIUM
1223 2456 1612 2495 POSSESSIONUM
1644 2456 1879 2494 DECRETO
1915 2457 2258 2497 INTERPOSITO
2291 2460 2488 2498 LICEAT.

455 2514 558 2552 Idem
579 2516 767 2562 Auqustus
790 2514 953 2551 Iohanni
973 2515 1237 2562 qloriosissimo
1252 2515 1451 2562 praefecto
1468 2514 1662 2562 praetorio
1686 2514 1827 2557 iterum,
1851 2515 2045 2551 exconsuli
2066 2519 2104 2552 et
2117 2517 2293 2564 patricio.

405 2593 669 2638 Praefatio.
727 2593 782 2629 De
812 2597 1023 2628 nostrarum
1054 2593 1350 2628 constitutionum
1381 2594 1518 2639 aliqua,
1575 2604 1644 2629 uae
1673 2592 1767 2628 nihil
1797 2593 1941 2629 obscuri
1967 2593 2085 2637 habet,
2144 2596 2348 2632 uaestiones
2371 2602 2489 2634 motae

260 2645 357 2682 sunt,
387 2649 466 2674 cum
489 2643 608 2674 essent
631 2639 695 2684 qui
718 2638 763 2673 de
783 2638 966 2673 industria
988 2642 1024 2673 et
1044 2638 1191 2685 proprii
1213 2638 1358 2673 consilii
1387 2639 1511 2685 qratia
1534 2649 1556 2673 ο
1580 2638 1787 2673 scuritatem
1811 2639 1844 2673 ei
1866 2638 2030 2674 induant.
2123 2650 2181 2674 am
2206 2650 2285 2675 cum
2309 2641 2489 2679 libertatis

261 2685 373 2719 simus
395 2688 568 2725 amantes,
600 2694 717 2729 nuper
741 2684 853 2729 leqem
879 2682 1041 2725 tulimus,
1073 2693 1117 2718 ne
1139 2683 1335 2718 secundum
1368 2683 1557 2729 antiquum
1580 2693 1703 2725 usum,
1733 2683 1766 2717 si
1789 2694 1839 2719 ex
1862 2683 2098 2729 adscripticia
2127 2689 2164 2719 et
2193 2684 2307 2721 libera
2321 2697 2488 2733 persona

255 2730 386 2776 proles
406 2732 605 2775 procreata
627 2730 686 2770 sit,
719 2739 763 2764 ea
787 2727 933 2763 omnino
957 2727 1229 2774 adscripticium
1251 2732 1428 2774 sequatur
1448 2728 1650 2774 fortunam,
1678 2727 1743 2763 sed
1764 2727 1862 2773 quod
1883 2728 1922 2762 in
1944 2728 2067 2764 servili
2090 2728 2300 2766 condicione
2322 2731 2487 2768 observa-

263 2783 335 2817 tur,
363 2773 456 2809 idem
478 2774 586 2808 etiam
615 2774 654 2808 in
677 2772 922 2819 adscripticiis
951 2772 1089 2816 valeat,
1125 2779 1160 2808 et
1188 2772 1384 2808 secundum
1413 2772 1509 2809 uteri
1538 2776 1671 2808 statum
1701 2773 1810 2808 etiam
1867 2776 1971 2808 artus
1993 2772 2158 2809 condicio
2182 2774 2374 2821 diriqatur.
2422 2776 2488 2814 Ex

262 2819 377 2855 libera
400 2818 493 2854 enim
516 2823 631 2854 matre
653 2818 817 2854 servilem
829 2821 984 2864 partum
1001 2818 1198 2864 procreari
1229 2818 1292 2854 lex
1315 2821 1440 2853 nostra
1471 2817 1599 2853 merito
1623 2817 1750 2853 noluit.
1830 2823 1937 2863 taque
1958 2817 1998 2852 in
2022 2818 2101 2870 leffe
2123 2819 2295 2862 diximus,
2327 2821 2402 2857 sive
2423 2823 2488 2867 qui

260 2864 330 2900 sibi
360 2873 498 2898 uxores
529 2863 801 2899 coniunxerunt
829 2862 904 2898 sive
922 2863 1042 2910 *etiam
1059 2867 1192 2909 postea
1215 2862 1474 2899 coniunxerint
1496 2872 1541 2898 ac
1564 2862 1696 2897 liberos
1717 2862 1802 2909 inde
1818 2867 2108 2910 procreaverunt,
2140 2864 2194 2899 ita
2227 2864 2340 2911 leqem
2370 2865 2416 2902 de
2442 2867 2487 2902 iis

262 2909 326 2956 qui
343 2914 591 2955 procreantur
613 2908 742 2944 valere.
802 2907 980 2943 Nonnulli
1009 2912 1128 2943 autem
1159 2907 1249 2943 adeo
1278 2907 1549 2943 inconsiderate
1579 2906 1636 2943 vel
1658 2907 1744 2943 mali
1769 2918 1814 2943 ne
1835 2908 2071 2955 interpretari
2103 2908 2136 2944 le
2161 2919 2215 2943 em
2244 2910 2367 2945 conati
2389 2917 2486 2953 sunt,

261 2959 300 2990 ut
324 2955 432 2989 etiam
454 2954 488 2988 si
509 2954 572 2998 qui
596 2958 681 2989 ante
704 2953 996 2988 constitutionem
1018 2953 1098 2988 nati
1118 2953 1277 2998 fuerint,
1302 2952 1383 2988 licet
1406 2951 1601 2987 admodum
1623 2919 1783 3003 ‘orandis
1804 2952 1878 2988 sint
1899 2957 2001 2995 natu,
2025 2963 2087 2988 eos
2110 2919 2260 2989 liberari
2280 2955 2487 2991 existiment

263 3005 446 3045 tamquam
462 2999 525 3044 qui
539 2998 645 3033 modo
661 2999 741 3033 nati
753 2997 828 3033 sint
850 3008 894 3032 ac
909 3008 984 3033 non
1000 2998 1111 3044 lonyo
1133 3003 1294 3044 tempore
1316 2997 1349 3033 Ze
1375 3008 1429 3032 em
1438 3000 1728 3043 praecesserint:
1750 3007 1831 3032 cum
1851 3001 1969 3033 tamen
1989 2997 2030 3032 id
2043 2998 2147 3033 nobis
2169 2999 2356 3035 consilium
2371 3001 2488 3044 fuerit

261 3050 314 3087 ut,
336 3043 411 3079 sive
434 3043 498 3089 qui
521 3043 595 3078 iam
618 3054 757 3078 uxores
779 3041 847 3078 sibi
871 3043 1141 3078 coniunxerunt
1167 3048 1204 3078 et
1225 3046 1316 3088 post
1352 3053 1451 3087 eqem
1481 3041 1615 3077 liberos
1638 3043 1876 3088 procreaturi
1902 3042 1992 3085 sint,
2021 3043 2097 3078 sive
2119 3053 2194 3078 non
2218 3044 2487 3081 coniunxerunt

262 3098 412 3131 uxores,
429 3092 563 3134 postea
585 3092 705 3123 autem
729 3087 875 3122 ducturi
897 3087 982 3130 sint,
1006 3086 1110 3123 liberi
1130 3091 1219 3135 post
1240 3087 1353 3133 leqem
1377 3087 1457 3122 nati
1478 3086 1676 3122 libertatem
1699 3097 1750 3123 ese
1773 3087 1850 3133 leqe
1872 3086 1996 3122 datam
2019 3086 2187 3123 habeant.

309 3226 430 3258 2rnbr.
447 3218 557 3255 ‘'K-tan
580 3219 647 3264 τὴν
670 3219 836 3261 διάταξιν
859 3219 926 3263 τὴν
948 3219 1170 3265 βουλομένην
1200 3218 1281 3254 τοὺς
1304 3220 1343 3260 ἐξ
1411 3224 1431 3256 6
1456 3222 1568 3255 domos
1597 3223 1629 3256 V
1647 3223 1659 3266 ΙΙ
1688 3223 2002 3257 communicationes
2029 3225 2078 3257 V¹
2100 3224 2113 3268 ΙΙ
2145 3227 2163 3258 7
2187 3224 2358 3258 mobilium
2388 3225 2439 3255 V⁶
2473 3226 2485 3263 n

263 3266 470 3314 ἇπογράφου
494 3266 716 3312 (αναγράφου
739 3269 822 3309 cod.)
845 3269 906 3299 καὶ
930 3265 1123 3310 ἐλευθέρας
1145 3266 1343 3308 ταχθέντας
1411 3269 1431 3301 8
1456 3271 1590 3310 excepto
1613 3269 1661 3301 V¹
1686 3268 1698 3312 ΙΙ
1727 3269 1748 3302 9
1772 3268 1828 3301 hio
1852 3269 1876 3301 V
1892 3268 1904 3312 ΙΙ
1931 3270 1973 3303 16
1996 3270 2117 3302 seimus
2139 3270 2189 3303 R¹
2213 3269 2226 3312 ΙΙ
2255 3272 2293 3302 ut
2315 3269 2377 3302 del.
2388 3269 2440 3301 R⁸
2471 3267 2485 3313 ΙΙ

264 3313 469 3358 ἐλευθέρους
489 3311 582 3346 εἶναι
598 3311 779 3352 (νοεῖσθαι
801 3313 878 3345 add.
897 3312 990 3354 Con.)
1014 3314 1074 3343 καὶ
1098 3310 1144 3344 τὰ
1164 3310 1241 3353 ἑξῆς
1263 3312 1340 3344 Ath.
1413 3314 1452 3346 17
1477 3313 1663 3355 ascriptiti*
1687 3313 1734 3347 V¹
1770 3313 1956 3356 awriptitio
1978 3314 2027 3346 V³
2050 3314 2297 3357 inseriptitiaR
2322 3312 2328 3356 Ι
2367 3314 2407 3346 18
2430 3314 2482 3346 in-

264 3360 360 3394 (Coll.
375 3366 473 3391 const.
487 3357 587 3398 ecch),
601 3368 631 3393 ς.
665 3358 754 3400 Περὶ
766 3356 830 3389 τοῦ
846 3354 892 3389 τὰ
904 3351 1070 3402 εὗκτήρια
1081 3351 1343 3390 ἀπαλλάσσειν
1409 3357 1607 3400 scriptitiam
1629 3358 1715 3391 V¹R
1731 3357 1743 3402 ΙΙ
1770 3359 1812 3392 19
1827 3358 1883 3391 sed
1900 3371 1959 3393 om.
1982 3359 2031 3392 V·
2049 3360 2111 3393 del.
2125 3358 2175 3392 R²
2190 3358 2204 3402 fl
2219 3367 2317 3391 secun
2343 3368 2398 3390 um
2417 3369 2482 3391 ser-

264 3400 432 3444 ἆλλήλοις,
451 3404 511 3435 καὶ
532 3403 613 3465 περὶ
629 3401 707 3434 τῶν
731 3400 768 3440 ἐξ
793 3399 984 3446 ἐλευθέρας
1002 3400 1213 3442 τεχθέντων
1231 3412 1341 3446 γεωρ-
1410 3402 1500 3443 uilis]
1526 3403 1614 3444 quod
1638 3402 1719 3436 uilis
1741 3402 1789 3436 R¹
1815 3403 1827 3446 ΙΙ
1853 3404 1895 3437 20
1919 3404 2131 3447 insoriptitiis
2151 3402 2250 3436 V¹R²
2271 3402 2483 3444 inecripturis

265 3448 341 3491 γῶν
359 3449 477 3480 Theod.
494 3447 506 3491 fl
526 3449 568 3480 10
608 3442 758 3490 ὑπάρχω
772 3446 817 3479 Μ
830 3445 842 3489 ΙΙ
861 3447 901 3480 16
915 3444 1039 3489 νόμον]
1064 3446 1143 3481 cod.
1159 3447 1212 3486 11,
1225 3453 1316 3487 ⁴8‚2⁴
1329 3446 1341 3489 ΙΙ
1408 3447 1456 3479 R¹
1476 3447 1481 3490 Ι
1514 3448 1555 3481 23
1579 3449 1707 3490 patrem
1729 3447 1776 3481 R·
1796 3447 1808 3491 ΙΙ
1835 3449 1876 3482 24
1901 3449 2047 3490 quidam]
2071 3447 2202 3490 quidem
2226 3456 2246 3478 a
2267 3446 2317 3479 Β*
2349 3448 2482 3488 quidem

267 3493 309 3524 24
333 3491 413 3532 εἴτε]
437 3493 465 3524 si
489 3493 564 3532 (ιζε.
582 3491 652 3533 23⁶3)
676 3503 696 3527 ς
726 3496 738 3533 ss
763 3491 804 3524 33
830 3487 1156 3532 παιδοποιήσαντεσ
1178 3491 1224 3524 M
1228 3493 1246 3511 ⁰
1408 3491 1481 3534 1321
1512 3492 1555 3526 25
1579 3492 1725 3526 coniucti
1752 3493 1808 3536 Vn
1830 3494 1969 3535 fuerint]
1992 3495 2072 3526 sunt
2092 3491 2219 3524 fuerint
2241 3490 2293 3523 R⁶
2317 3490 2330 3534 ΙΙ
2356 3492 2399 3525 26
2423 3494 2481 3534 qui

266 3553 1328 3561 ———-——-—————-——-———————————
1408 3540 1563 3570 creantur
1585 3537 1639 3581 Vn
1666 3538 1706 3571 27
1723 3537 1789 3570 nisi
1807 3538 1883 3580 VT]
1907 3538 1974 3571 uisi
1985 3537 2036 3571 Β*
2054 3536 2083 3570 si
2096 3535 2143 3571 Β*
2167 3535 2239 3567 ausi
2254 3536 2339 3579 vulq.
2355 3535 2367 3580 ΙΙ
2393 3538 2436 3571 28
2452 3538 2481 3570 si

322 3580 334 3610 1
366 3578 404 3621 ἢν
429 3581 495 3612 Lux
518 3581 548 3612 V
566 3580 577 3623 ΙΙ
609 3583 628 3613 2
654 3580 850 3613 constitutio
873 3580 907 3612 R
933 3579 946 3623 ΙΙ
976 3580 1179 3622 inseriptitio
1202 3580 1251 3613 R·
1287 3579 1339 3612 in-
1407 3583 1497 3622 ante]
1522 3582 1628 3614 sciant
1649 3582 1700 3615 R·
1729 3581 1742 3626 ΙΙ
1770 3582 1813 3616 29
1837 3582 1948 3615 ualido
1969 3581 2019 3615 1⁷⁸.
2047 3580 2061 3624 fl
2085 3590 2182 3612 senex
2207 3579 2255 3612 13¹
2282 3579 2295 3623 ΙΙ
2325 3582 2367 3615 30
2392 3583 2480 3615 enim

266 3622 472 3663 aoriptitione
487 3624 534 3656 1ῑέ2
558 3625 731 3667 inscriptio
753 3625 806 3669 Vll
825 3626 845 3658 3
860 3622 978 3665 libera]
999 3624 1106 3658 libera
1125 3624 1309 3658 muliereR
1408 3638 1466 3659 om.
1485 3628 1569 3670 vulq.
1587 3630 1599 3669 u
1625 3627 1670 3660 32
1681 3639 1730 3670 sq.
1752 3626 1959 3660 intellectum
1977 3626 2047 3666 eta]
2070 3623 2240 3658 tellectum
2263 3643 2307 3651 —
2329 3628 2388 3659 aut
2411 3637 2480 3660 non

266 3665 389 3699 libero·
411 3676 477 3699 eae
500 3667 534 3699 R
563 3670 576 3712 u
603 3670 624 3702 4
646 3673 724 3702 sunt
748 3682 806 3703 om.
829 3669 921 3703 R¹V
942 3669 955 3713 ΙΙ
986 3671 1006 3703 5
1029 3669 1221 3712 prode-nent
1243 3669 1294 3703 R'
1407 3669 1454 3714 οοΙ
1476 3683 1539 3705 εον.
1554 3671 1605 3704 Β’
1618 3673 1651 3706 in
1666 3684 1733 3706 rae.
1747 3672 1768 3705 2
1784 3682 1927 3705 versuum
1952 3669 1966 3713 Ι
1987 3669 2031 3703 35
2055 3667 2132 3702 data
2152 3669 2186 3701 V
